{"host":"t5kis9necmbui802","time":1614414275,"event":{"mods":["100% Spire Juice","Act Like it!","BaseMod","CapriCore","Chen","Colored Powertips","Downfall","Gensokyo","HololiveMod","Koishi","KomeijiMod","Lobotomy","LobotomyExtend","Minty Spire (QoL Compilation)","MostiFishMod","Replay The Spire","Robot Space Explorer","Shop Mod","Spicy Shops","StSLib","The Alterego","The Immortal","TheWitcher","Uncapped","Yuri Mod","noobMod"],"gold_per_floor":[116,128,141,153,153,179,254,204,204,220,230,256,256,289,289,390,390,405,415,429,429,446,446,472,472,472,472,472,472,482,482,508,47,47,143,143,158,158,174,185,185,185,198,225,225,31,48,79,108,166,166,188,188],"floor_reached":54,"language":"ZHS","playtime":2455,"items_purged":["Voices","Voices"],"score":960,"play_id":"e9ddaddf-08c5-4e53-932f-07ad5176283c","local_time":"20210227162435","is_ascension_mode":true,"campfire_choices":[{"data":"Eruption","floor":15,"key":"SMITH"},{"data":"RitualDagger","floor":23,"key":"SMITH"},{"data":"SashWhip","floor":27,"key":"SMITH"},{"data":"ReachHeaven","floor":31,"key":"SMITH"},{"data":"Vigilance","floor":34,"key":"SMITH"},{"data":"FlyingSleeves","floor":42,"key":"SMITH"},{"floor":51,"key":"REST"}],"circlet_count":0,"master_deck":["Strike_P","Strike_P","Strike_P","Defend_P","Defend_P","Defend_P","Defend_P","Eruption+1","Vigilance+1","SandsOfTime","SandsOfTime","MostiFishMod:Disappear+1","FlurryOfBlows","BattleHymn+1","MostiFishMod:ScryFuture+1","MostiFishMod:KamiSmash+1","MostiFishMod:Speedup+1","Establishment+1","FollowUp+1","Nirvana+1","FlyingSleeves+1","RitualDagger+1","SashWhip+1","CrushJoints+1","downfall:Bewildered","Adaptation+1","Alpha+1","FlyingSleeves+1","Prostrate+1","Indignation+1","Halt+1","Protect+1","Confused","Wireheading+1","Nirvana+1","Ragnarok+1","Protect+1"],"relics":["DaveBox","ice","Cursed Key","BrkXgEgg","SynthV:TestCard","LetterFromLob","Frozen Egg 2","Replay:Bottled Snecko","Mercury Hourglass","ShedSkin_r","LaetitiaHeart","Boot","RhineFirstAidKit","ImprovedEquipment","sneckomod:BabySnecko","Orichalcum","Membership Card","MerchantsRug","Shuriken","ReplayFunnel","xbg","Simple Rune","Damaru","Replay:Wax Seal","Bronze Scales","Toolbox","Regal Pillow","Replay:Rubber Ducky","Replay:Bandana","Vajra"],"acts_visited":["Exordium","TheCity","TheBeyond"],"potions_floor_usage":[16,20,32],"damage_taken":[{"damage":6,"enemies":"2 Louse","floor":1,"turns":2},{"damage":4,"enemies":"Jaw Worm","floor":2,"turns":3},{"damage":7,"enemies":"Small Slimes","floor":3,"turns":3},{"damage":6,"enemies":"Exordium Thugs","floor":4,"turns":3},{"damage":4,"enemies":"3 Sentries","floor":6,"turns":5},{"damage":0,"enemies":"Blue Slaver","floor":10,"turns":2},{"damage":0,"enemies":"Large Slime","floor":11,"turns":2},{"damage":0,"enemies":"Lagavulin","floor":12,"turns":3},{"damage":1,"enemies":"2 Fungi Beasts","floor":13,"turns":2},{"damage":1,"enemies":"2 Fungi Beasts","floor":13,"turns":2},{"damage":14,"enemies":"Gremlin Nob","floor":14,"turns":3},{"damage":12,"enemies":"Hexaghost","floor":16,"turns":4},{"damage":6,"enemies":"Chosen","floor":18,"turns":2},{"damage":4,"enemies":"3 Byrds","floor":19,"turns":5},{"damage":0,"enemies":"Snake Plant","floor":20,"turns":2},{"damage":12,"enemies":"Cultist and Chosen","floor":22,"turns":3},{"damage":9,"enemies":"Replay:Snechameleon","floor":24,"turns":3},{"damage":11,"enemies":"Snecko","floor":30,"turns":3},{"damage":24,"enemies":"Slavers","floor":32,"turns":2},{"damage":0,"enemies":"Automaton","floor":35,"turns":2},{"damage":10,"enemies":"3 Shapes","floor":37,"turns":4},{"damage":0,"enemies":"3 Darklings","floor":39,"turns":3},{"damage":7,"enemies":"Writhing Mass","floor":40,"turns":3},{"damage":58,"enemies":"Maw","floor":43,"turns":5},{"damage":37,"enemies":"Nemesis","floor":44,"turns":5},{"damage":0,"enemies":"Transient","floor":47,"turns":5},{"damage":0,"enemies":"R_Hoarder","floor":48,"turns":4},{"damage":0,"enemies":"4 Shapes","floor":49,"turns":3},{"damage":22,"enemies":"Reptomancer","floor":50,"turns":4},{"damage":0,"enemies":"Replay:Hell Engine","floor":52,"turns":4}],"seed_played":"-3335330855895714753","potions_obtained":[{"floor":1,"key":"Swift Potion"},{"floor":2,"key":"Venom Potion"},{"floor":6,"key":"Explosive Potion"},{"floor":19,"key":"Strength Potion"},{"floor":22,"key":"GamblersBrew"},{"floor":30,"key":"LiquidMemories"},{"floor":35,"key":"Fire Potion"},{"floor":37,"key":"SteroidPotion"},{"floor":39,"key":"bronze:BurnAndBuffPotion"},{"floor":44,"key":"bronze:BurnAndBuffPotion"},{"floor":50,"key":"StancePotion"}],"is_trial":false,"path_per_floor":["M","M","M","M","?","E","?","?","T","M","M","E","M","E","R","B",null,"M","M","M","?","M","R","E","?","T","R","PTL","PTL","M","R","E","$","R","B",null,"M","?","M","M","?","R","M","E","T","$","M","E","M","E","R","B",null,null],"character_chosen":"WATCHER","items_purchased":["Membership Card","MerchantsRug","Shuriken","ReplayFunnel","Adaptation+1","Replay:Baseball","Replay:Wax Seal","Bronze Scales","Toolbox","Regal Pillow","Replay:Rubber Ducky"],"campfire_rested":1,"item_purchase_floors":[33,33,33,33,33,33,46,46,46,46,46],"current_hp_per_floor":[66,62,55,49,49,45,34,34,34,34,34,34,74,60,60,48,81,75,71,71,65,110,110,101,101,111,111,111,111,100,100,76,76,76,76,126,116,132,132,125,125,125,135,98,98,98,98,98,102,80,140,152,152],"gold":188,"neow_bonus":"BOSS_RELIC","is_daily":false,"chose_seed":false,"campfire_upgraded":6,"win_rate":0.0,"timestamp":1614414275,"path_taken":["M","M","M","M","?","E","?","?","T","M","M","E","M","E","R","BOSS","M","M","M","?","M","R","E","?","T","R","PTL","PTL","M","R","E","$","R","BOSS","M","?","M","M","?","R","M","E","T","?","M","E","M","E","R","BOSS"],"items_purchased_type":["Relic","Relic","Relic","Relic","Card","Relic","Relic","Relic","Relic","Relic","Relic"],"build_version":"2020-12-22","purchased_purges":2,"victory":true,"max_hp_per_floor":[72,72,72,72,72,72,72,72,72,72,72,72,74,75,75,81,81,83,108,108,108,110,110,113,113,123,123,123,123,124,124,126,126,126,126,126,134,134,138,140,133,133,135,137,137,137,142,144,149,153,153,156,156],"card_choices":[{"not_picked":["Replay:Battleflow","ReachHeaven"],"picked":"SandsOfTime","floor":1},{"not_picked":["Sanctity","Swivel","Replay:Anticipation","FlyingSleeves"],"picked":"SandsOfTime","floor":2},{"not_picked":["Replay:Cycle","EmptyBody","Evaluate","BowlingBash"],"picked":"MostiFishMod:Disappear+1","floor":3},{"not_picked":["Halt","Replay:ManipulateFuture","CutThroughFate","WreathOfFlame"],"picked":"FlurryOfBlows","floor":4},{"not_picked":["JustLucky","InnerPeace","EmptyFist","DeceiveReality"],"picked":"BattleHymn+1","floor":6},{"not_picked":["ThirdEye","TalkToTheHand","MostiFishMod:FlowState","FearNoEvil"],"picked":"MostiFishMod:ScryFuture+1","floor":10},{"not_picked":["FlyingSleeves","Collect","DeceiveReality","Halt"],"picked":"Study+1","floor":11},{"not_picked":["TalkToTheHand","Meditate","Scrawl+1","EmptyBody"],"picked":"MostiFishMod:KamiSmash+1","floor":12},{"not_picked":["EmptyFist","Replay:Cycle","DeceiveReality","MostiFishMod:FlowState"],"picked":"MostiFishMod:Speedup+1","floor":14},{"not_picked":["Judgement+1","Vault+1","SpiritShield+1","Devotion+1"],"picked":"Establishment+1","floor":16},{"not_picked":["PathToVictory","Weave","MostiFishMod:Clarity","Wireheading+1"],"picked":"FollowUp+1","floor":18},{"not_picked":["SashWhip","JustLucky","Pray","Replay:ManipulateFuture"],"picked":"Nirvana+1","floor":19},{"not_picked":["Replay:BluntJabs","Halt","MostiFishMod:ScryFuture+1","InnerPeace"],"picked":"FlyingSleeves","floor":20},{"not_picked":["Replay:BluntJabs","WreathOfFlame","Indignation","JustLucky"],"picked":"SashWhip","floor":22},{"not_picked":["Replay:ManipulateFuture","JustLucky","Collect","Prostrate"],"picked":"CrushJoints+1","floor":24},{"not_picked":["Replay:Cycle","EmptyMind","MostiFishMod:PathToVictory+1","Consecrate+1"],"picked":"ReachHeaven","floor":30},{"not_picked":["MostiFishMod:Speedup+1","FollowUp","Replay:BluntJabs","EmptyBody"],"picked":"InnerPeace","floor":32},{"not_picked":["MostiFishMod:DisColor+1","Judgement+1","MostiFishMod:KamiSmash+1","SpiritShield+1"],"picked":"Alpha+1","floor":35},{"not_picked":["MostiFishMod:Speedup+1","ThirdEye","Replay:BluntJabs","Indignation"],"picked":"FlyingSleeves+1","floor":37},{"not_picked":["BowlingBash","MostiFishMod:PathToVictory+1","EmptyBody","Replay:Hum"],"picked":"Prostrate+1","floor":39},{"not_picked":["InnerPeace+1","Replay:DivineShield+1","MostiFishMod:ScryFuture+1","JustLucky+1"],"picked":"Indignation+1","floor":40},{"not_picked":["BowlingBash","PathToVictory","LikeWater+1","CutThroughFate+1"],"picked":"Halt+1","floor":43},{"not_picked":["FollowUp","SpiritShield+1","Replay:ManipulateFuture+1","Indignation+1"],"picked":"Protect+1","floor":44},{"not_picked":["FlyingSleeves","Fasting2+1","MostiFishMod:Nomercy+1","CutThroughFate"],"picked":"Wireheading+1","floor":47},{"not_picked":["Wireheading+1","MostiFishMod:ScryFuture+1","Prostrate+1","Replay:BluntJabs"],"picked":"Nirvana+1","floor":48},{"not_picked":["Replay:Cycle+1","Halt","JustLucky+1","CrushJoints+1"],"picked":"Ragnarok+1","floor":49},{"not_picked":["MostiFishMod:ScryFuture+1","Worship","FlyingSleeves+1","EmptyMind+1"],"picked":"Protect+1","floor":50}],"player_experience":478519,"relics_obtained":[{"floor":1,"key":"SynthV:TestCard"},{"floor":1,"key":"LetterFromLob"},{"floor":6,"key":"Frozen Egg 2"},{"floor":9,"key":"Replay:Bottled Snecko"},{"floor":12,"key":"Mercury Hourglass"},{"floor":14,"key":"Boot"},{"floor":24,"key":"ImprovedEquipment"},{"floor":26,"key":"Pear"},{"floor":32,"key":"Orichalcum"},{"floor":44,"key":"Simple Rune"},{"floor":45,"key":"Damaru"},{"floor":48,"key":"Replay:Bandana"},{"floor":50,"key":"Vajra"}],"event_choices":[{"damage_healed":0,"gold_gain":75,"player_choice":"Gather Gold","damage_taken":11,"max_hp_gain":0,"max_hp_loss":0,"event_name":"World of Goop","floor":7,"gold_loss":0},{"cards_removed":["Strike_P"],"damage_healed":0,"gold_gain":0,"player_choice":"Card Removal","damage_taken":0,"max_hp_gain":0,"max_hp_loss":0,"event_name":"The Cleric","floor":8,"gold_loss":50},{"damage_healed":0,"gold_gain":0,"player_choice":"Joined the Cult","damage_taken":6,"max_hp_gain":0,"max_hp_loss":0,"event_name":"Nest","floor":21,"gold_loss":0,"cards_obtained":["RitualDagger"]},{"damage_healed":0,"gold_gain":0,"player_choice":"Max HP","damage_taken":0,"max_hp_gain":0,"max_hp_loss":7,"event_name":"Winding Halls","floor":41,"gold_loss":0}],"is_beta":false,"boss_relics":[{"not_picked":["TimeKeys","Hololive_TopUpMoneyS"],"picked":"RhineFirstAidKit"},{"not_picked":["Abe\u0027s Treasure","FixedStarFall"],"picked":"xbg"}],"items_purged_floors":[33,46],"is_endless":false,"potions_floor_spawned":[1,2,6,10,12,14,19,22,30,35,37,39,43,44,50],"ascension_level":2}}