{"host":"9v3x998ddbx8o276","time":1614384190,"event":{"mods":["AchievementEnabler","BaseMod","Colored Map","Colored Powertips","Highlight Path","Minty Spire (QoL Compilation)","Quick Restart","Rare Cards Sparkle"],"gold_per_floor":[18,18,31,49,68,93,93,122,122,133,0,17,17,27,27,98,98,110,110,120,131,142,142,142],"floor_reached":23,"language":"ENG","playtime":5383,"items_purged":["Strike_B"],"score":414,"play_id":"bcb9fcd4-9d93-48ff-8460-20b969e0d814","local_time":"20210227103310","is_ascension_mode":true,"campfire_choices":[{"floor":7.0,"key":"REST"},{"floor":13.0,"key":"REST"},{"data":"Hyperbeam","floor":15.0,"key":"SMITH"}],"circlet_count":0,"master_deck":["AscendersBane","Strike_B","Defend_B","Defend_B","Defend_B","Zap","Dualcast","Beam Cell","Go for the Eyes","Glacier","Gash","Reboot","FTL","Reinforced Body","Ball Lightning","Static Discharge","Self Repair","Creative AI","Steam Power+1","Reboot+1","Amplify+1","Self Repair","Core Surge","Hologram","Conserve Battery","Compile Driver+1"],"relics":["Cracked Core","NlothsMask","Question Card","Mummified Hand","Astrolabe"],"acts_visited":["Exordium","TheCity"],"potions_floor_usage":[23,23],"damage_taken":[{"damage":0.0,"enemies":"Small Slimes","floor":1.0,"turns":1.0},{"damage":0.0,"enemies":"Cultist","floor":3.0,"turns":2.0},{"damage":2.0,"enemies":"Jaw Worm","floor":4.0,"turns":3.0},{"damage":5.0,"enemies":"Blue Slaver","floor":5.0,"turns":4.0},{"damage":8.0,"enemies":"Lagavulin","floor":6.0,"turns":7.0},{"damage":36.0,"enemies":"Gremlin Nob","floor":8.0,"turns":4.0},{"damage":11.0,"enemies":"Exordium Wildlife","floor":10.0,"turns":3.0},{"damage":0.0,"enemies":"Lots of Slimes","floor":12.0,"turns":1.0},{"damage":0.0,"enemies":"2 Fungi Beasts","floor":14.0,"turns":2.0},{"damage":40.0,"enemies":"Slime Boss","floor":16.0,"turns":11.0},{"damage":20.0,"enemies":"Spheric Guardian","floor":18.0,"turns":3.0},{"damage":26.0,"enemies":"Shell Parasite","floor":20.0,"turns":7.0},{"damage":18.0,"enemies":"Snake Plant","floor":21.0,"turns":6.0},{"damage":6.0,"enemies":"3 Cultists","floor":22.0,"turns":4.0},{"damage":29,"enemies":"Book of Stabbing","floor":23,"turns":5}],"seed_played":"-4422664931409999468","potions_obtained":[{"floor":5.0,"key":"Explosive Potion"},{"floor":8.0,"key":"FocusPotion"},{"floor":16.0,"key":"ColorlessPotion"},{"floor":21.0,"key":"Block Potion"},{"floor":22.0,"key":"EssenceOfDarkness"}],"is_trial":false,"path_per_floor":["M","?","M","M","M","E","R","E","T","M","$","M","R","M","R","B",null,"M","?","M","M","M","E"],"character_chosen":"DEFECT","items_purchased":["Ball Lightning"],"campfire_rested":2,"item_purchase_floors":[11],"current_hp_per_floor":[64,64,64,62,57,49,70,34,34,23,23,23,44,44,44,11,56,36,36,24,20,28,0,0],"gold":142,"neow_bonus":"THREE_RARE_CARDS","is_daily":false,"chose_seed":false,"campfire_upgraded":1,"win_rate":0.0,"timestamp":1614384190,"path_taken":["M","?","M","?","M","E","R","E","T","M","$","M","R","M","R","BOSS","M","?","M","M","?","E"],"items_purchased_type":["Card"],"build_version":"2020-12-22","purchased_purges":1,"victory":false,"max_hp_per_floor":[71,71,71,71,71,71,71,71,71,71,71,71,71,71,71,71,71,71,71,71,71,71,71,71],"card_choices":[{"not_picked":["Multi-Cast","Machine Learning"],"picked":"Hyperbeam","floor":0.0},{"not_picked":["Coolheaded","Sweeping Beam"],"picked":"Beam Cell","floor":1.0},{"not_picked":["Conserve Battery","Chill"],"picked":"Go for the Eyes","floor":3.0},{"not_picked":["Coolheaded","Double Energy"],"picked":"Glacier","floor":4.0},{"not_picked":["Recycle","Rebound"],"picked":"Gash","floor":5.0},{"not_picked":["Barrage","Fusion"],"picked":"Reboot","floor":6.0},{"not_picked":["Conserve Battery","Coolheaded","Storm"],"picked":"FTL","floor":8.0},{"not_picked":["Chill","Cold Snap","Redo"],"picked":"Reinforced Body","floor":10.0},{"not_picked":["Steam Power","Sweeping Beam","Cold Snap"],"picked":"Static Discharge","floor":12.0},{"not_picked":["Sweeping Beam","Hyperbeam","Loop"],"picked":"Self Repair","floor":14.0},{"not_picked":["All For One","Biased Cognition","Meteor Strike"],"picked":"Creative AI","floor":16.0},{"not_picked":["Conserve Battery","Rebound","Go for the Eyes"],"picked":"Self Repair","floor":18.0},{"not_picked":["Stack","Sweeping Beam","Cold Snap"],"picked":"Hologram","floor":20.0},{"not_picked":["Heatsinks","Cold Snap","Rebound"],"picked":"Conserve Battery","floor":21.0},{"not_picked":["Creative AI","Reprogram","Conserve Battery"],"picked":"Compile Driver+1","floor":22.0}],"player_experience":2255328,"relics_obtained":[{"floor":6.0,"key":"Question Card"},{"floor":8.0,"key":"Mummified Hand"}],"event_choices":[{"damage_healed":0.0,"max_hp_gain":0.0,"max_hp_loss":0.0,"gold_gain":0.0,"event_name":"FaceTrader","player_choice":"Trade","floor":2.0,"gold_loss":0.0,"damage_taken":0.0,"relics_obtained":["NlothsMask"]},{"damage_healed":0.0,"max_hp_gain":0.0,"max_hp_loss":0.0,"gold_gain":0.0,"cards_transformed":["Strike_B"],"event_name":"Transmorgrifier","player_choice":"Transformed","floor":19.0,"gold_loss":0.0,"damage_taken":0.0,"cards_obtained":["Core Surge"]}],"is_beta":false,"boss_relics":[{"not_picked":["Tiny House","Black Star"],"picked":"Astrolabe"}],"items_purged_floors":[11],"is_endless":false,"potions_floor_spawned":[5,8,14,16,18,21,22],"killed_by":"Book of Stabbing","ascension_level":20}}