{"host":"ytx76dzs4hscrr3d","time":1614436268,"event":{"mods":["2.2 Compatiblity","AchievementEnabler","BaseMod","DeckTracker","Highlight Path","Minty Spire (QoL Compilation)","Random Character Button","Reliquary","Robot Space Explorer","Spire Arcade","StSLib"],"gold_per_floor":[118,118,34,51,68,103,103,120,201,231,231,245,272,347,347,446,446,457,482,498,28,44,79,96,96,170,200,214,214,139,139,139,237,237,254,270,284,302,13,13,28,28,28,62,76,76,76],"floor_reached":46,"language":"ENG","playtime":5836,"items_purged":[],"score":690,"play_id":"662c5b56-cdeb-4da1-b6ac-6ad6ebf5fc01","local_time":"20210227153108","is_ascension_mode":true,"campfire_choices":[{"data":"Envenom","floor":7.0,"key":"SMITH"},{"floor":11.0,"key":"RECALL"},{"data":"Infinite Blades","floor":15.0,"key":"SMITH"},{"floor":25.0,"key":"REST"},{"floor":29,"key":"REST"},{"floor":32,"key":"REST"},{"floor":40,"key":"REST"},{"floor":42,"key":"REST"}],"circlet_count":0,"master_deck":["Strike_G","Strike_G","Strike_G","Strike_G","Defend_G","Defend_G","Defend_G","Defend_G","Survivor","Neutralize","Prepared","Noxious Fumes","Blade Dance","Infinite Blades+1","Sucker Punch","Envenom+1","Outmaneuver","Acrobatics","Accuracy","Dagger Throw","Doppelganger","Prepared","Blade Dance+1","Deflect","Bane","Choke","Catalyst+1","Cloak And Dagger","Backflip","PiercingWail","A Thousand Cuts","Accuracy+1","Adrenaline","Well Laid Plans+1","Outmaneuver+1","Heel Hook","Caltrops","Finesse","Distraction","Footwork+1","Glass Knife","Caltrops+1"],"relics":["Ring of the Snake","TungstenRod","Kunai","Bag of Marbles","Juzu Bracelet","reliquary:Ember","Red Mask","Mummified Hand","Blood Vial","reliquary:TuningFork","Centennial Puzzle","reliquary:ExpiredCoupon","HoveringKite","Pear","reliquary:TatteredRug"],"acts_visited":["Exordium","TheCity","TheBeyond"],"potions_floor_usage":[27,27,41,46],"damage_taken":[{"damage":2.0,"enemies":"Cultist","floor":1.0,"turns":5.0},{"damage":2.0,"enemies":"2 Louse","floor":4.0,"turns":3.0},{"damage":2.0,"enemies":"Jaw Worm","floor":5.0,"turns":4.0},{"damage":26.0,"enemies":"Gremlin Nob","floor":6.0,"turns":4.0},{"damage":7.0,"enemies":"Blue Slaver","floor":8.0,"turns":4.0},{"damage":6.0,"enemies":"Lagavulin","floor":10.0,"turns":7.0},{"damage":2.0,"enemies":"2 Fungi Beasts","floor":12.0,"turns":4.0},{"damage":9.0,"enemies":"3 Sentries","floor":13.0,"turns":6.0},{"damage":5.0,"enemies":"Hexaghost","floor":16.0,"turns":9.0},{"damage":16.0,"enemies":"Spheric Guardian","floor":18.0,"turns":5.0},{"damage":13.0,"enemies":"Masked Bandits","floor":19.0,"turns":5.0},{"damage":6.0,"enemies":"Shell Parasite","floor":20.0,"turns":3.0},{"damage":0.0,"enemies":"Snecko","floor":22.0,"turns":3.0},{"damage":20.0,"enemies":"Slavers","floor":23.0,"turns":5.0},{"damage":0.0,"enemies":"Centurion and Healer","floor":24.0,"turns":5.0},{"damage":45,"enemies":"Gremlin Leader","floor":27,"turns":6},{"damage":9,"enemies":"Chosen and Byrds","floor":28,"turns":5},{"damage":26,"enemies":"Automaton","floor":33,"turns":9},{"damage":0,"enemies":"Orb Walker","floor":35,"turns":2},{"damage":23,"enemies":"3 Darklings","floor":36,"turns":5},{"damage":17,"enemies":"4 Shapes","floor":37,"turns":3},{"damage":13,"enemies":"Sphere and 2 Shapes","floor":38,"turns":4},{"damage":6,"enemies":"Spire Growth","floor":41,"turns":3},{"damage":20,"enemies":"Nemesis","floor":44,"turns":7},{"damage":12,"enemies":"Writhing Mass","floor":45,"turns":3},{"damage":48,"enemies":"Reptomancer","floor":46,"turns":3}],"seed_played":"3073077537639367425","potions_obtained":[{"floor":4.0,"key":"AttackPotion"},{"floor":8.0,"key":"Dexterity Potion"},{"floor":10.0,"key":"Energy Potion"},{"floor":13.0,"key":"Regen Potion"},{"floor":18.0,"key":"DistilledChaos"},{"floor":20.0,"key":"BlessingOfTheForge"},{"floor":23.0,"key":"Weak Potion"},{"floor":24.0,"key":"Regen Potion"},{"floor":36,"key":"GamblersBrew"},{"floor":45,"key":"Block Potion"}],"is_trial":false,"path_per_floor":["M","?","$","M","M","E","R","M","T","E","R","M","E","?","R","B",null,"M","?","M","$","M","E","M","R","T","E","M","R","?","T","R","B",null,"M","M","M","M","$","R","M","R","T","E","M","E"],"character_chosen":"THE_SILENT","items_purchased":["Noxious Fumes","Blade Dance","Mummified Hand","Blood Vial","Bane","Heel Hook","Caltrops","Finesse","Distraction"],"campfire_rested":5,"item_purchase_floors":[3,3,21,21,21,39,39,39,39],"current_hp_per_floor":[75,75,75,73,71,45,45,38,38,32,32,30,21,11,11,21,63,47,34,28,28,30,12,14,37,37,9,2,25,25,25,48,24,64,66,45,30,19,19,42,38,61,71,53,43,0,0],"gold":76,"neow_bonus":"TEN_PERCENT_HP_BONUS","is_daily":false,"chose_seed":false,"campfire_upgraded":2,"win_rate":0.0,"timestamp":1614436268,"path_taken":["M","?","$","M","M","E","R","?","T","E","R","M","E","?","R","BOSS","M","?","M","$","M","E","M","R","T","E","M","R","?","?","R","BOSS","M","M","M","M","$","R","M","R","T","E","M","E"],"items_purchased_type":["Card","Card","Relic","Relic","Card","Card","Card","Card","Card"],"build_version":"2020-12-22","purchased_purges":0,"victory":false,"max_hp_per_floor":[77,77,77,77,77,77,77,77,77,77,77,77,77,77,77,77,77,77,77,77,77,77,77,77,77,77,77,77,77,77,77,77,77,77,77,77,77,77,77,77,77,77,87,87,87,87,87],"card_choices":[{"not_picked":["Bane","Riddle With Holes"],"picked":"Prepared","floor":1.0},{"not_picked":["Reflex","Caltrops"],"picked":"Infinite Blades","floor":4.0},{"not_picked":["Bouncing Flask","Flying Knee"],"picked":"Sucker Punch","floor":5.0},{"not_picked":["Dodge and Roll","Reflex"],"picked":"Envenom","floor":6.0},{"not_picked":["Escape Plan","Prepared"],"picked":"Outmaneuver","floor":8.0},{"not_picked":["Slice","Outmaneuver"],"picked":"Acrobatics","floor":10.0},{"not_picked":["Outmaneuver","Underhanded Strike"],"picked":"Accuracy","floor":12.0},{"not_picked":["Predator","Well Laid Plans"],"picked":"Dagger Throw","floor":13.0},{"not_picked":["Venomology","Envenom"],"picked":"Doppelganger","floor":16.0},{"not_picked":["Acrobatics","Underhanded Strike"],"picked":"Prepared","floor":18.0},{"not_picked":["Crippling Poison","Deadly Poison"],"picked":"Blade Dance+1","floor":19.0},{"not_picked":["Quick Slash","Distraction"],"picked":"Deflect","floor":20.0},{"not_picked":["Eviscerate","Leg Sweep+1"],"picked":"Choke","floor":22.0},{"not_picked":["Outmaneuver+1","Dagger Throw"],"picked":"Catalyst+1","floor":23.0},{"not_picked":["Sucker Punch","Corpse Explosion"],"picked":"Cloak And Dagger","floor":24.0},{"not_picked":["Adrenaline","Sucker Punch"],"picked":"Backflip","floor":27},{"not_picked":["Well Laid Plans","Dash"],"picked":"PiercingWail","floor":28},{"not_picked":["Tools of the Trade","Storm of Steel"],"picked":"A Thousand Cuts","floor":33},{"not_picked":["Dagger Throw","Outmaneuver"],"picked":"Accuracy+1","floor":35},{"not_picked":["Acrobatics","Bouncing Flask"],"picked":"Adrenaline","floor":36},{"not_picked":["Backflip+1","Blade Dance"],"picked":"Well Laid Plans+1","floor":37},{"not_picked":["Acrobatics+1","Doppelganger"],"picked":"Outmaneuver+1","floor":38},{"not_picked":["Poisoned Stab+1","Quick Slash+1"],"picked":"Footwork+1","floor":41},{"not_picked":["Riddle With Holes+1","Poisoned Stab+1"],"picked":"Glass Knife","floor":44},{"not_picked":["Quick Slash","Cloak And Dagger"],"picked":"Caltrops+1","floor":45}],"player_experience":422637,"relics_obtained":[{"floor":6.0,"key":"TungstenRod"},{"floor":9.0,"key":"Kunai"},{"floor":10.0,"key":"Bag of Marbles"},{"floor":13.0,"key":"Juzu Bracelet"},{"floor":19.0,"key":"Red Mask"},{"floor":23.0,"key":"reliquary:TuningFork"},{"floor":27,"key":"Centennial Puzzle"},{"floor":31,"key":"reliquary:ExpiredCoupon"},{"floor":43,"key":"Pear"},{"floor":44,"key":"reliquary:TatteredRug"}],"event_choices":[{"cards_removed":["Defend_G"],"damage_healed":0.0,"max_hp_gain":0.0,"max_hp_loss":0.0,"gold_gain":0.0,"event_name":"Purifier","player_choice":"Purged","floor":2.0,"gold_loss":0.0,"damage_taken":0.0},{"damage_healed":0.0,"max_hp_gain":0.0,"max_hp_loss":0.0,"gold_gain":75.0,"event_name":"World of Goop","player_choice":"Gather Gold","floor":14.0,"gold_loss":0.0,"damage_taken":11.0},{"damage_healed":0.0,"max_hp_gain":0.0,"max_hp_loss":0.0,"gold_gain":0.0,"event_name":"Masked Bandits","player_choice":"Fought Bandits","floor":19.0,"gold_loss":0.0,"damage_taken":0.0},{"cards_removed":["Strike_G"],"damage_healed":0,"gold_gain":0,"player_choice":"Gave Gold","damage_taken":0,"max_hp_gain":0,"max_hp_loss":0,"event_name":"Beggar","floor":30,"gold_loss":75}],"is_beta":false,"boss_relics":[{"not_picked":["Coffee Dripper","Calling Bell"],"picked":"reliquary:Ember"},{"not_picked":["reliquary:KinkedSpring","reliquary:RedPaperclip"],"picked":"HoveringKite"}],"items_purged_floors":[],"is_endless":false,"potions_floor_spawned":[4,8,10,13,18,20,23,24,36,45],"killed_by":"Reptomancer","ascension_level":5}}