{"host":"wogey4gsknv4ot2d","time":1614448299,"event":{"mods":["2.2 Compatiblity","AchievementEnabler","BaseMod","Bestiary","Better Match","Better Third Choice","Colored Map","Colored Powertips","Key Reminder","Minty Spire (QoL Compilation)","Permanent Neow","Rare Cards Sparkle","Relic Stats","StSLib"],"gold_per_floor":[119,119,135,22,22,37,68,86,136,165,165,176,195,207,207,308,308,319,334,334,334,354,354,354],"floor_reached":23,"language":"ENG","playtime":914,"items_purged":[],"score":205,"play_id":"3b637262-9caa-4212-8f01-f4a0e3ea75a6","local_time":"20210227115139","is_ascension_mode":false,"campfire_choices":[{"floor":11,"key":"REST"},{"floor":15,"key":"REST"}],"circlet_count":0,"master_deck":["Survivor","Neutralize","Unload","Slice","Well Laid Plans","Bullet Time","Bouncing Flask","Endless Agony","Phantasmal Killer","Infinite Blades","After Image","Poisoned Stab","Dagger Spray","Catalyst","Footwork","Terror","Crippling Poison","PiercingWail","Poisoned Stab","All Out Attack","Outmaneuver","Tools of the Trade","Poisoned Stab","PiercingWail","Deflect"],"relics":["Pandora\u0027s Box","Ninja Scroll","Vajra","Anchor","WristBlade","Turnip"],"acts_visited":["Exordium","TheCity"],"potions_floor_usage":[16,16,16],"damage_taken":[{"damage":0,"enemies":"Cultist","floor":1,"turns":2},{"damage":11,"enemies":"Jaw Worm","floor":3,"turns":2},{"damage":0,"enemies":"2 Louse","floor":6,"turns":2},{"damage":28,"enemies":"3 Sentries","floor":7,"turns":8},{"damage":12,"enemies":"Lots of Slimes","floor":8,"turns":4},{"damage":15,"enemies":"Lagavulin","floor":10,"turns":4},{"damage":0,"enemies":"3 Louse","floor":12,"turns":3},{"damage":0,"enemies":"Looter","floor":13,"turns":1},{"damage":0,"enemies":"2 Fungi Beasts","floor":14,"turns":2},{"damage":9,"enemies":"Hexaghost","floor":16,"turns":6},{"damage":0,"enemies":"Chosen","floor":18,"turns":2},{"damage":20,"enemies":"Shell Parasite","floor":19,"turns":3},{"damage":30,"enemies":"3 Cultists","floor":22,"turns":4},{"damage":33,"enemies":"Book of Stabbing","floor":23,"turns":3}],"seed_played":"6929356015130252331","potions_obtained":[{"floor":1,"key":"EssenceOfSteel"},{"floor":8,"key":"Dexterity Potion"},{"floor":12,"key":"PowerPotion"},{"floor":18,"key":"ColorlessPotion"}],"is_trial":false,"path_per_floor":["M","?","M","$","$","M","E","M","T","E","R","M","M","M","R","B",null,"M","M","?","?","M","E"],"character_chosen":"THE_SILENT","items_purchased":["Catalyst","Footwork"],"campfire_rested":2,"item_purchase_floors":[4,4],"current_hp_per_floor":[70,70,59,59,59,59,31,19,19,4,25,25,25,25,46,37,70,70,50,50,50,20,0,0],"gold":354,"neow_bonus":"BOSS_RELIC","is_daily":false,"chose_seed":false,"campfire_upgraded":0,"win_rate":0.0,"timestamp":1614448299,"path_taken":["M","?","M","?","$","M","E","M","T","E","R","?","M","M","R","BOSS","M","M","?","?","M","E"],"items_purchased_type":["Card","Card"],"build_version":"2020-12-22","purchased_purges":0,"victory":false,"max_hp_per_floor":[70,70,70,70,70,70,70,70,70,70,70,70,70,70,70,70,70,70,70,70,70,70,70,70],"relic_stats":{"counters":[14,46],"Pandora\u0027s Box":["Unload","Slice","Well Laid Plans","Bullet Time","Bouncing Flask","Endless Agony","Phantasmal Killer","Masterful Stab","Infinite Blades","After Image"],"Turnip":[0],"obtain_stats":[{"Anchor":10,"WristBlade":17,"Ninja Scroll":7,"Vajra":9,"Pandora\u0027s Box":0,"Turnip":21,"Ring of the Snake":0},{"Anchor":6,"WristBlade":10,"Ninja Scroll":4,"Vajra":5,"Pandora\u0027s Box":0,"Turnip":12,"Ring of the Snake":0},{"Anchor":22,"WristBlade":34,"Ninja Scroll":14,"Vajra":18,"Pandora\u0027s Box":0,"Turnip":39,"Ring of the Snake":0}]},"card_choices":[{"not_picked":["Acrobatics","Flying Knee"],"picked":"Poisoned Stab","floor":1},{"not_picked":["Flechettes","Dodge and Roll"],"picked":"Dagger Spray","floor":3},{"not_picked":["Acrobatics","Choke"],"picked":"Terror","floor":6},{"not_picked":["Deadly Poison","Flying Knee"],"picked":"Crippling Poison","floor":7},{"not_picked":["Blade Dance","A Thousand Cuts"],"picked":"PiercingWail","floor":8},{"not_picked":["Heel Hook","Bane"],"picked":"Poisoned Stab","floor":10},{"not_picked":["Tactician","Escape Plan","Prepared"],"picked":"SKIP","floor":12},{"not_picked":["Reflex","Blade Dance"],"picked":"All Out Attack","floor":13},{"not_picked":["Slice","Deflect"],"picked":"Outmaneuver","floor":14},{"not_picked":["Phantasmal Killer","A Thousand Cuts"],"picked":"Tools of the Trade","floor":16},{"not_picked":["Blade Dance","Dagger Throw"],"picked":"Poisoned Stab","floor":18},{"not_picked":["Underhanded Strike","Acrobatics+1"],"picked":"PiercingWail","floor":19},{"not_picked":["Quick Slash","Slice"],"picked":"Deflect","floor":22}],"player_experience":105088,"relics_obtained":[{"floor":7,"key":"Ninja Scroll"},{"floor":9,"key":"Vajra"},{"floor":10,"key":"Anchor"}],"event_choices":[{"cards_removed":["Masterful Stab"],"damage_healed":0,"gold_gain":0,"player_choice":"Card Removal","damage_taken":0,"max_hp_gain":0,"max_hp_loss":0,"event_name":"Wheel of Change","floor":2,"gold_loss":0},{"damage_healed":0,"gold_gain":0,"player_choice":"Ignored","damage_taken":0,"max_hp_gain":0,"max_hp_loss":0,"event_name":"Beggar","floor":20,"gold_loss":0},{"damage_healed":0,"gold_gain":0,"player_choice":"Gave Potion","damage_taken":0,"relics_obtained":["Turnip"],"max_hp_gain":0,"max_hp_loss":0,"event_name":"WeMeetAgain","floor":21,"gold_loss":0}],"is_beta":false,"boss_relics":[{"not_picked":["Runic Dome","Runic Pyramid"],"picked":"WristBlade"}],"items_purged_floors":[],"is_endless":false,"potions_floor_spawned":[1,8,12,13,14,18],"killed_by":"Book of Stabbing","ascension_level":0}}