{"host":"fbdlh90rovbiajun","time":1614409674,"event":{"mods":["AchievementEnabler","BaseMod","Colored Map","Keyboard Shortcuts","Minty Spire (QoL Compilation)","SuperFastMode"],"gold_per_floor":[113,113,113,113,123,123,147,147,173,173,173,102,134,163,163,258,258,277,295,295,394,415,48,48,48,48,48,48,87,115,20,20,20,20],"floor_reached":33,"language":"KOR","playtime":483,"items_purged":["Strike_R","Fiend Fire"],"score":324,"play_id":"4f46a4af-995e-4eaa-bf08-8b1a2d77b251","local_time":"20210227160754","is_ascension_mode":true,"campfire_choices":[{"data":"Thunderclap","floor":6.0,"key":"SMITH"},{"data":"Heavy Blade","floor":8.0,"key":"SMITH"},{"data":"Bash","floor":10.0,"key":"SMITH"},{"data":"Inflame","floor":15.0,"key":"SMITH"},{"data":"Inflame","floor":27.0,"key":"SMITH"},{"floor":32,"key":"REST"}],"circlet_count":0,"master_deck":["Defend_R","Defend_R","Defend_R","Bash+1","Heavy Blade+1","Thunderclap+1","Inflame+1","Flex","Inflame+1","Hemokinesis","Inflame+1","Ghostly Armor+1","Flex","Armaments"],"relics":["Burning Blood","Red Skull","Omamori","Juzu Bracelet","Pen Nib","CeramicFish","Philosopher\u0027s Stone","Happy Flower","Potion Belt","Smiling Mask","Enchiridion","Eternal Feather"],"acts_visited":["Exordium","TheCity"],"potions_floor_usage":[30,30],"damage_taken":[{"damage":4.0,"enemies":"2 Louse","floor":1.0,"turns":3.0},{"damage":2.0,"enemies":"Jaw Worm","floor":5.0,"turns":3.0},{"damage":32.0,"enemies":"Gremlin Nob","floor":13.0,"turns":4.0},{"damage":13.0,"enemies":"Small Slimes","floor":14.0,"turns":4.0},{"damage":36.0,"enemies":"Hexaghost","floor":16.0,"turns":6.0},{"damage":26.0,"enemies":"2 Thieves","floor":18.0,"turns":3.0},{"damage":18.0,"enemies":"Shell Parasite","floor":22.0,"turns":2.0},{"damage":27.0,"enemies":"Gremlin Leader","floor":29.0,"turns":3.0},{"damage":9,"enemies":"3 Cultists","floor":30,"turns":3},{"damage":49,"enemies":"Collector","floor":33,"turns":3}],"seed_played":"4050325502216897713","potions_obtained":[{"floor":14.0,"key":"Explosive Potion"},{"floor":16.0,"key":"Weak Potion"},{"floor":18.0,"key":"Fruit Juice"},{"floor":22.0,"key":"Swift Potion"}],"is_trial":false,"path_per_floor":["M","?","?","?","M","R","T","R","T","R","?","$","E","M","R","B",null,"M","?","?","?","M","$","?","?","T","R","?","E","M","$","R","B"],"character_chosen":"IRONCLAD","items_purchased":["Inflame","Happy Flower","Potion Belt","Armaments"],"campfire_rested":1,"item_purchase_floors":[12,23,23,31],"current_hp_per_floor":[80,55,48,48,52,52,52,52,52,52,72,72,46,39,39,9,80,65,65,65,65,53,53,53,53,53,53,37,16,13,13,44,0,0],"gold":20,"neow_bonus":"RANDOM_COMMON_RELIC","is_daily":false,"chose_seed":false,"campfire_upgraded":5,"win_rate":0.0,"timestamp":1614409674,"path_taken":["M","?","?","?","?","R","?","R","T","R","?","$","E","M","R","BOSS","M","?","?","?","M","?","?","?","T","R","?","E","M","$","R","BOSS"],"items_purchased_type":["Card","Relic","Relic","Card"],"build_version":"2020-12-22","purchased_purges":2,"victory":false,"max_hp_per_floor":[80,80,80,80,80,80,80,80,80,80,80,80,80,80,80,80,80,85,85,85,85,85,85,85,85,85,85,85,85,85,85,85,85,85],"card_choices":[{"not_picked":["Twin Strike","Dual Wield"],"picked":"Heavy Blade","floor":1.0},{"not_picked":["Heavy Blade","Bloodletting"],"picked":"Thunderclap","floor":5.0},{"not_picked":["Headbutt","Perfected Strike","Havoc"],"picked":"SKIP","floor":13.0},{"not_picked":["Perfected Strike","Headbutt"],"picked":"Flex","floor":14.0},{"not_picked":["Thunderclap","Pommel Strike"],"picked":"Inflame","floor":18.0},{"not_picked":["Heavy Blade+1","Demon Form"],"picked":"Inflame+1","floor":22.0},{"not_picked":["Wild Strike","Headbutt"],"picked":"Ghostly Armor+1","floor":29.0},{"not_picked":["Warcry","True Grit"],"picked":"Flex","floor":30}],"player_experience":144328,"relics_obtained":[{"floor":7.0,"key":"Juzu Bracelet"},{"floor":9.0,"key":"Pen Nib"},{"floor":13.0,"key":"CeramicFish"},{"floor":26.0,"key":"Smiling Mask"},{"floor":28.0,"key":"Enchiridion"},{"floor":29.0,"key":"Eternal Feather"}],"event_choices":[{"damage_healed":0.0,"max_hp_gain":0.0,"max_hp_loss":0.0,"gold_gain":0.0,"event_name":"Scrap Ooze","player_choice":"Success","floor":2.0,"gold_loss":0.0,"damage_taken":25.0,"relics_obtained":["Omamori"]},{"cards_removed":["Strike_R"],"damage_healed":0.0,"max_hp_gain":0.0,"max_hp_loss":0.0,"gold_gain":0.0,"event_name":"Golden Wing","player_choice":"Card Removal","floor":3.0,"gold_loss":0.0,"damage_taken":7.0},{"cards_removed":["Strike_R"],"damage_healed":0.0,"max_hp_gain":0.0,"max_hp_loss":0.0,"gold_gain":0.0,"event_name":"Purifier","player_choice":"Purged","floor":4.0,"gold_loss":0.0,"damage_taken":0.0},{"damage_healed":20.0,"max_hp_gain":0.0,"max_hp_loss":0.0,"gold_gain":0.0,"event_name":"Mushrooms","player_choice":"Healed and dodged fight","floor":11.0,"gold_loss":0.0,"damage_taken":0.0,"cards_obtained":["Parasite"]},{"damage_healed":0.0,"max_hp_gain":0.0,"max_hp_loss":0.0,"gold_gain":0.0,"cards_transformed":["Strike_R","Defend_R"],"event_name":"Drug Dealer","player_choice":"Became Test Subject","floor":19.0,"gold_loss":0.0,"damage_taken":0.0,"cards_obtained":["Hemokinesis","Fiend Fire"]},{"damage_healed":0.0,"max_hp_gain":0.0,"max_hp_loss":0.0,"gold_gain":0.0,"event_name":"Vampires","player_choice":"Ignored","floor":20.0,"gold_loss":0.0,"damage_taken":0.0},{"damage_healed":0.0,"max_hp_gain":0.0,"max_hp_loss":0.0,"gold_gain":99.0,"event_name":"Nest","player_choice":"Stole From Cult","floor":21.0,"gold_loss":0.0,"damage_taken":0.0},{"cards_removed":["Strike_R"],"damage_healed":0.0,"max_hp_gain":0.0,"max_hp_loss":0.0,"gold_gain":0.0,"event_name":"Back to Basics","player_choice":"Elegance","floor":24.0,"gold_loss":0.0,"damage_taken":0.0},{"damage_healed":0.0,"max_hp_gain":0.0,"max_hp_loss":0.0,"gold_gain":0.0,"event_name":"The Mausoleum","player_choice":"Ignored","floor":25.0,"gold_loss":0.0,"damage_taken":0.0},{"damage_healed":0.0,"max_hp_gain":0.0,"max_hp_loss":0.0,"gold_gain":0.0,"event_name":"Cursed Tome","player_choice":"Obtained Book","floor":28.0,"gold_loss":0.0,"damage_taken":16.0}],"is_beta":false,"boss_relics":[{"not_picked":["Runic Cube","Coffee Dripper"],"picked":"Philosopher\u0027s Stone"}],"items_purged_floors":[23,31],"is_endless":false,"potions_floor_spawned":[14,16,18,22],"killed_by":"Collector","ascension_level":3}}