{"host":"gk9qdtkqd8dwfeg2","time":1614444957,"event":{"mods":["ATMod(°¢èªMod)","Act Like it!","Aspiration","BaseMod","Colored Powertips","Downfall","Gensokyo","Minty Spire (QoL Compilation)","Quick Restart","Reimu£¨²©ÀöÁéÃÎ£©","Remilia£¨ÀÙÃ×ÀòÑÇ£©","Shop Mod","StSLib","TestMod","The Servant 0.9.4","Waifu the Spire","Youmu£¨»êÆÇÑýÃÎ£©"],"gold_per_floor":[99,116,116,516,539,539,566,576,590,621,641,541,576,67,87,189,189,189,206,229,189,69,69,151,186,186,231,231,347,247,260,290,412,412,412,437,457,61,102,202,276,319,375,375,488,594,662,2,90,115],"floor_reached":51,"language":"ZHS","playtime":2236,"items_purged":["Guardian:Strike_Guardian","Guardian:Strike_Guardian","Writhe"],"score":2041,"play_id":"48a7bd63-7539-467d-bd27-15b183ef9e99","local_time":"20210228005557","is_ascension_mode":true,"campfire_choices":[{"data":"AT_RealColorLess","floor":1.0,"key":"SMITH"},{"data":"Guardian:BaubleBeam","floor":35.0,"key":"SMITH"}],"circlet_count":0,"master_deck":["Guardian:Strike_Guardian","Guardian:Strike_Guardian","Guardian:Defend_Guardian","Guardian:Defend_Guardian","Guardian:Defend_Guardian","Guardian:CurlUp","Guardian:TwinSlam","AT_RealColorLess+1","Guardian:Gem_Yellow","Guardian:BodySlam","Guardian:WalkerClaw","Guardian:PrismaticBeam","Guardian:Orbwalk","Guardian:GemFire","Guardian:DecasProtection","Guardian:PrismaticBarrier","Guardian:Suspension+1","Guardian:Repulse","Guardian:BaubleBeam+1","Guardian:SpikerProtocol+1","Guardian:ChargeUp","Guardian:FastForward","Guardian:VentSteam","Guardian:Gem_Red","Guardian:FloatingOrbs+1","Guardian:Gem_Green","Guardian:ArmoredProtocol+1","Guardian:Orbwalk+1","Guardian:TemporalShield+1"],"relics":["Guardian:ModeShifter","AT_ATBox","Pocketwatch","Guardian:PickAxe","aspiration:ArtOfWarUpgrade","AT_SunfireAegis","downfall:HeartBlessingBlue","aspiration:FrozenJewel","MerchantsRug","AT_ImmortalShieldbow","Mastiff:ReiMu","ZunR:ReiMu","testmod-RandomTest","Frozen Egg 2","AT_ArchangelStaff","Potion Belt","downfall:HeartBlessingGreen","testmod-TimeTraveler","AT_MibuBalloonWealth","WingedGreaves","TentaclePot:ReiMu","Pantograph","Shuriken","Lizard Tail","AT_RedTearstoneRing","aspiration:Lifesprig","Anchor","ClockworkSouvenir","Akabeko"],"acts_visited":["Exordium","TheCity","TheCity"],"potions_floor_usage":[50,50,50],"damage_taken":[{"damage":10.0,"enemies":"2 Louse","floor":2.0,"turns":2.0},{"damage":18.0,"enemies":"2 Louse","floor":3.0,"turns":3.0},{"damage":5.0,"enemies":"Small Slimes","floor":8.0,"turns":4.0},{"damage":7.0,"enemies":"Jaw Worm","floor":9.0,"turns":5.0},{"damage":12.0,"enemies":"3 Sentries","floor":10.0,"turns":6.0},{"damage":14.0,"enemies":"Red Slaver","floor":11.0,"turns":2.0},{"damage":16.0,"enemies":"Gremlin Nob","floor":13.0,"turns":4.0},{"damage":0.0,"enemies":"downfall:FleeingMerchant","floor":14.0,"turns":4.0},{"damage":7.0,"enemies":"Blue Slaver","floor":15.0,"turns":3.0},{"damage":21.0,"enemies":"IC_STATUS_ARCHETYPE","floor":16.0,"turns":5.0},{"damage":0.0,"enemies":"Chosen","floor":19.0,"turns":1.0},{"damage":7.0,"enemies":"3 Byrds","floor":20.0,"turns":3.0},{"damage":0.0,"enemies":"downfall:FleeingMerchant","floor":22.0,"turns":4.0},{"damage":7.0,"enemies":"Slavers","floor":25.0,"turns":2.0},{"damage":0.0,"enemies":"Book of Stabbing","floor":27.0,"turns":1.0},{"damage":0.0,"enemies":"downfall:LadyInBlue","floor":29.0,"turns":1.0},{"damage":0.0,"enemies":"Snecko","floor":31.0,"turns":1.0},{"damage":0.0,"enemies":"Cultist and Chosen","floor":32.0,"turns":1.0},{"damage":0.0,"enemies":"SI_MIRROR_ARCHETYPE","floor":33.0,"turns":3.0},{"damage":0.0,"enemies":"Gensokyo:3_Boulders","floor":36.0,"turns":1.0},{"damage":0.0,"enemies":"Gensokyo:3_Bats","floor":37.0,"turns":1.0},{"damage":0.0,"enemies":"Gensokyo:AtlasGolem","floor":39.0,"turns":1.0},{"damage":19.0,"enemies":"Gensokyo:Kasen","floor":40.0,"turns":4.0},{"damage":0.0,"enemies":"Gensokyo:SeedOfUnknown","floor":42.0,"turns":2.0},{"damage":18.0,"enemies":"Gensokyo:Doremy","floor":43.0,"turns":3.0},{"damage":0,"enemies":"Gensokyo:4_Bats","floor":45,"turns":1},{"damage":19,"enemies":"Gensokyo:Kasen","floor":46,"turns":5},{"damage":20,"enemies":"Gensokyo:Dusk_and_Dawn","floor":47,"turns":5},{"damage":0,"enemies":"Gensokyo:3_Boulders","floor":49,"turns":2},{"damage":15,"enemies":"WA_ARCHETYPE_DIVINITY","floor":50,"turns":4}],"seed_played":"-2916676329575862431","potions_obtained":[{"floor":9.0,"key":"SpeedPotion"},{"floor":10.0,"key":"testmod-TimePotion"},{"floor":11.0,"key":"Block Potion"},{"floor":25.0,"key":"Strength Potion"},{"floor":29.0,"key":"SkillPotion"},{"floor":29.0,"key":"Fire Potion"},{"floor":29.0,"key":"GamblersBrew"},{"floor":32.0,"key":"testmod-TestPotion"},{"floor":42.0,"key":"Fire Potion"},{"floor":43.0,"key":"ZuzhouPotion:ReiMu"},{"floor":46,"key":"ColorlessPotion"}],"is_trial":false,"path_per_floor":["R","M","?","?","T","R","T","M","M","E","M","R","E","$","M","B",null,"R","M","M","?","$","R","T","E","?","E","?","?","R","M","M","B",null,"R","M","M","$","M","E","T","M","E","?","M","E","M","$","M","B",null],"character_chosen":"GUARDIAN","items_purchased":["MerchantsRug","AT_ImmortalShieldbow","Mastiff:ReiMu","testmod-RandomTest","Guardian:Repulse","Guardian:BaubleBeam","AT_MibuBalloonWealth","WingedGreaves","TentaclePot:ReiMu","Anchor","ClockworkSouvenir","Guardian:Orbwalk+1","Akabeko"],"campfire_rested":0,"item_purchase_floors":[14,14,14,22,22,22,38,38,38,48,48,48,48],"current_hp_per_floor":[144,134,92,92,92,92,92,87,80,68,54,94,78,78,71,88,145,145,145,143,143,157,157,157,155,155,161,161,164,164,164,164,164,164,164,164,164,164,164,148,148,148,130,130,130,111,91,91,91,101],"gold":115,"neow_bonus":"ONE_RARE_RELIC","is_daily":false,"chose_seed":false,"campfire_upgraded":2,"win_rate":0.0,"timestamp":1614444957,"path_taken":["R","M","?","?","?","R","T","M","M","E","?","R","E","$","M","BOSS","R","M","M","?","$","R","T","E","?","E","?","?","R","M","M","BOSS","R","M","M","?","M","E","T","M","E","?","M","E","M","?","M","BOSS"],"items_purchased_type":["Relic","Relic","Relic","Relic","Card","Card","Relic","Relic","Relic","Relic","Relic","Card","Relic"],"build_version":"2020-12-22","purchased_purges":3,"victory":true,"max_hp_per_floor":[144,144,144,144,144,144,144,144,144,144,144,164,164,164,164,164,164,164,164,164,164,164,164,164,164,164,164,164,164,164,164,164,164,164,164,164,164,164,164,164,164,164,164,164,154,144,144,144,144,144],"card_choices":[{"not_picked":["Guardian:TemporalShield","Guardian:BronzeOrb"],"picked":"Guardian:Gem_Red","floor":2.0},{"not_picked":["Guardian:Gem_Purple","Guardian:Gem_Lightblue"],"picked":"Guardian:BodySlam","floor":8.0},{"not_picked":["Guardian:MultiBeam","Guardian:Gem_Lightblue"],"picked":"Guardian:WalkerClaw","floor":9.0},{"not_picked":["Guardian:GatlingBeam","Guardian:Recover"],"picked":"Guardian:PrismaticBeam","floor":10.0},{"not_picked":["Guardian:WalkerClaw","Guardian:Reroute"],"picked":"Guardian:Gem_Cyan","floor":11.0},{"not_picked":["Guardian:Clone","Guardian:TemporalShield","Guardian:MultiBeam"],"picked":"SKIP","floor":13.0},{"not_picked":["Guardian:Gem_Green","Guardian:Gem_Cyan"],"picked":"Guardian:Orbwalk","floor":14.0},{"not_picked":["Guardian:TimeBomb","Guardian:RefractedBeam","Guardian:Reroute"],"picked":"SKIP","floor":15.0},{"not_picked":["Guardian:StasisField","Guardian:StasisStrike"],"picked":"Guardian:GemFire","floor":16.0},{"not_picked":["Guardian:RollAttack","Guardian:Harden"],"picked":"Guardian:DecasProtection","floor":19.0},{"not_picked":["Guardian:CrystalBeam","Guardian:DonusPower"],"picked":"Guardian:PrismaticBarrier","floor":20.0},{"not_picked":["Guardian:TemporalShield","Guardian:ShieldSpikes"],"picked":"Guardian:Suspension+1","floor":22.0},{"not_picked":["Guardian:PrismaticBarrier","Guardian:BodySlam"],"picked":"Guardian:SpikerProtocol+1","floor":25.0},{"not_picked":["Guardian:Gem_Yellow","Guardian:WalkerClaw"],"picked":"Guardian:Gem_Red","floor":27.0},{"not_picked":["Guardian:PolyBeam","Guardian:PiercingHide"],"picked":"Guardian:ChargeUp","floor":29.0},{"not_picked":["Guardian:Gem_Lightblue","Guardian:Gem_Cyan"],"picked":"Guardian:FastForward","floor":31.0},{"not_picked":["Guardian:Gem_Yellow","Guardian:Gem_Green","Guardian:Gem_Lightblue"],"picked":"SKIP","floor":32.0},{"not_picked":["Guardian:Gem_Red","Guardian:TimeCapacitor+1","Guardian:Clone"],"picked":"SKIP","floor":36.0},{"not_picked":["Guardian:SpikerProtocol+1","Guardian:Gem_Lightblue"],"picked":"Guardian:VentSteam","floor":37.0},{"not_picked":["Guardian:ShieldSpikes+1","Guardian:PiercingHide+1","Guardian:GuardianWhirl"],"picked":"SKIP","floor":39.0},{"not_picked":["Guardian:ArmoredProtocol+1","Guardian:Gem_White"],"picked":"Guardian:Gem_Red","floor":40.0},{"not_picked":["Guardian:Incinerate+1","Guardian:PiercingHide+1"],"picked":"Guardian:FloatingOrbs+1","floor":42.0},{"not_picked":["Guardian:Gem_Blue","Guardian:PiercingHide","Guardian:RollAttack+1"],"picked":"SKIP","floor":43.0},{"not_picked":["Guardian:TemporalShield","Guardian:Recover"],"picked":"Guardian:Gem_Green","floor":45},{"not_picked":["Guardian:Gem_Synthetic","Guardian:Gem_Yellow"],"picked":"Guardian:ArmoredProtocol+1","floor":46},{"not_picked":["Guardian:ChargeCore","Guardian:WalkerClaw+1","Guardian:VentSteam+1"],"picked":"SKIP","floor":47},{"not_picked":["Guardian:VentSteam","Guardian:Gem_Blue"],"picked":"Guardian:TemporalShield+1","floor":49}],"player_experience":932894,"relics_obtained":[{"floor":5.0,"key":"Art of War"},{"floor":10.0,"key":"AT_SunfireAegis"},{"floor":13.0,"key":"aspiration:FrozenJewel"},{"floor":24.0,"key":"Frozen Egg 2"},{"floor":25.0,"key":"testmod-TheFather"},{"floor":27.0,"key":"testmod-RainbowHikingShoes"},{"floor":29.0,"key":"Potion Belt"},{"floor":40.0,"key":"Pantograph"},{"floor":41.0,"key":"Shuriken"},{"floor":43.0,"key":"Lizard Tail"},{"floor":46,"key":"aspiration:Lifesprig"}],"event_choices":[{"damage_healed":0.0,"max_hp_gain":0.0,"max_hp_loss":0.0,"gold_gain":400.0,"event_name":"¶÷ÂåË¹µÄÅÌ×Ó","player_choice":"Sell","floor":4.0,"relics_lost":["testmod-TestBox"],"gold_loss":0.0,"damage_taken":0.0},{"damage_healed":0.0,"max_hp_gain":0.0,"max_hp_loss":0.0,"gold_gain":0.0,"event_name":"ZunEvent","player_choice":"¹ºÂòÉñ¾Æ","floor":21.0,"gold_loss":40.0,"damage_taken":0.0,"relics_obtained":["ZunR:ReiMu"]},{"damage_healed":0.0,"max_hp_gain":0.0,"max_hp_loss":0.0,"gold_gain":0.0,"event_name":"Vampires","player_choice":"Ignored","floor":28.0,"gold_loss":0.0,"damage_taken":0.0}],"is_beta":false,"boss_relics":[{"not_picked":["bronze:MakeshiftBattery","testmod-Recursion"],"picked":"testmod-DeterminationOfClimber"},{"not_picked":["Astrolabe","Snecko Eye"],"picked":"testmod-TimeTraveler"}],"items_purged_floors":[14,38,48],"is_endless":false,"potions_floor_spawned":[3,9,10,11,13,25,29,31,32,42,43,46],"ascension_level":6}}