{"host":"dbkc9h3etq50r1dq","time":1614397315,"event":{"mods":["AchievementEnabler","BaseMod","Block Reminder","Colored Powertips","Curses Come First","Dark Map","Highlight Path","Keyboard Shortcuts","Marisa£®ÏF”Í°°ƒß¿Ì…≥£©","Minty Spire (QoL Compilation)","Permanent Neow","Potion Indicator Mod","Random Character Button","Rare Cards Sparkle","StSLib","SuperFastMode","Weighted Paths"],"gold_per_floor":[115,115,135,146,162,162,175,210,278,278,292,69,87,119,119,217,217,231,231,231,231,231],"floor_reached":21,"language":"ZHS","playtime":709,"items_purged":["Defend_R"],"score":280,"play_id":"968d1222-a748-4d79-8095-a82c47c03196","local_time":"20210227114155","is_ascension_mode":true,"campfire_choices":[{"data":"Armaments","floor":6.0,"key":"SMITH"},{"floor":10.0,"key":"REST"},{"floor":15,"key":"REST"}],"circlet_count":0,"master_deck":["Strike_R","Strike_R","Strike_R","Strike_R","Strike_R","Defend_R","Bash","Armaments+1","Iron Wave","Battle Trance","Sword Boomerang","Sword Boomerang","Offering"],"relics":["Burning Blood","Darkstone Periapt","Mummified Hand","Pen Nib","Shovel","SlaversCollar"],"acts_visited":["Exordium","TheCity"],"potions_floor_usage":[16,16,20,20],"damage_taken":[{"damage":7.0,"enemies":"Jaw Worm","floor":1.0,"turns":4.0},{"damage":1.0,"enemies":"Cultist","floor":3.0,"turns":3.0},{"damage":10.0,"enemies":"2 Louse","floor":4.0,"turns":3.0},{"damage":1.0,"enemies":"Red Slaver","floor":5.0,"turns":4.0},{"damage":14.0,"enemies":"Blue Slaver","floor":7.0,"turns":4.0},{"damage":28.0,"enemies":"Gremlin Nob","floor":8.0,"turns":4.0},{"damage":8.0,"enemies":"3 Louse","floor":11.0,"turns":3.0},{"damage":30,"enemies":"Lots of Slimes","floor":13,"turns":4},{"damage":30,"enemies":"Lagavulin","floor":14,"turns":5},{"damage":12,"enemies":"The Guardian","floor":16,"turns":12},{"damage":11,"enemies":"3 Byrds","floor":18,"turns":5},{"damage":6,"enemies":"Spheric Guardian","floor":20,"turns":3},{"damage":68,"enemies":"Shelled Parasite and Fungi","floor":21,"turns":4}],"seed_played":"1484653102092106922","potions_obtained":[{"floor":4.0,"key":"PowerPotion"},{"floor":8.0,"key":"Dexterity Potion"},{"floor":13,"key":"Ancient Potion"},{"floor":14,"key":"HeartOfIron"},{"floor":16,"key":"SmokeBomb"},{"floor":18,"key":"SneckoOil"}],"is_trial":false,"path_per_floor":["M","?","M","M","M","R","M","E","T","R","M","$","M","E","R","B",null,"M","?","M","M"],"character_chosen":"IRONCLAD","items_purchased":["Pen Nib"],"campfire_rested":2,"item_purchase_floors":[12],"current_hp_per_floor":[71,71,76,72,77,77,69,47,47,71,69,69,45,21,45,39,70,65,65,65,0,0],"gold":231,"neow_bonus":"THREE_CARDS","is_daily":false,"chose_seed":false,"campfire_upgraded":1,"win_rate":0.0,"timestamp":1614397315,"path_taken":["M","?","M","M","M","R","M","E","T","R","M","?","M","E","R","BOSS","M","?","?","M"],"items_purchased_type":["Relic"],"build_version":"2020-12-22","purchased_purges":1,"victory":false,"max_hp_per_floor":[80,80,80,80,80,80,80,80,80,80,80,80,80,80,80,80,80,80,80,80,80,80],"card_choices":[{"not_picked":["Anger","Shrug It Off"],"picked":"Armaments","floor":0.0},{"not_picked":["Headbutt","Intimidate","Hemokinesis"],"picked":"SKIP","floor":1.0},{"not_picked":["Shrug It Off","Iron Wave","Clash"],"picked":"SKIP","floor":3.0},{"not_picked":["Warcry","Clothesline","Body Slam"],"picked":"SKIP","floor":4.0},{"not_picked":["Brutality","True Grit","Iron Wave"],"picked":"SKIP","floor":5.0},{"not_picked":["Armaments","Pommel Strike"],"picked":"Battle Trance","floor":7.0},{"not_picked":["Battle Trance","Iron Wave"],"picked":"Sword Boomerang","floor":8.0},{"not_picked":["Headbutt","Shrug It Off","Pommel Strike"],"picked":"SKIP","floor":11.0},{"not_picked":["Thunderclap","Reckless Charge"],"picked":"Sword Boomerang","floor":13},{"not_picked":["Wild Strike","Barricade"],"picked":"Offering","floor":14},{"not_picked":["Dark Embrace","Second Wind","Heavy Blade"],"picked":"SKIP","floor":18}],"player_experience":228834,"relics_obtained":[{"floor":8.0,"key":"Darkstone Periapt"},{"floor":9.0,"key":"Mummified Hand"},{"floor":14,"key":"Shovel"}],"event_choices":[{"damage_healed":0.0,"max_hp_gain":0.0,"max_hp_loss":0.0,"gold_gain":0.0,"cards_transformed":["Defend_R"],"event_name":"Transmorgrifier","player_choice":"Transformed","floor":2.0,"gold_loss":0.0,"damage_taken":0.0,"cards_obtained":["Iron Wave"]},{"cards_removed":["Defend_R"],"damage_healed":0,"gold_gain":0,"player_choice":"Offered Basic","damage_taken":0,"max_hp_gain":0,"max_hp_loss":0,"event_name":"Bonfire Elementals","floor":19,"gold_loss":0}],"is_beta":false,"boss_relics":[{"not_picked":["Fusion Hammer","Ectoplasm"],"picked":"SlaversCollar"}],"items_purged_floors":[12],"is_endless":false,"potions_floor_spawned":[4,8,13,14,16,18],"killed_by":"Shelled Parasite and Fungi","ascension_level":9}}