{"host":"9kesdg97wkrx2bva","time":1614414511,"event":{"mods":["AchievementEnabler","BaseMod","Colored Map","GifTheSpireLib","Infinite Spire","Minty Spire (QoL Compilation)","Replay The Spire","StSLib"],"gold_per_floor":[119,119,3,3,20,46,96,122,147,157,167,167,186,201,201,201,201],"floor_reached":16,"language":"ENG","playtime":465,"items_purged":["Defend_G"],"score":218,"play_id":"1971de5d-e07a-4836-aa49-5733b1733639","local_time":"20210227022831","is_ascension_mode":true,"campfire_choices":[{"data":"Noxious Fumes","floor":12,"key":"SMITH"},{"floor":15,"key":"DIG"}],"circlet_count":0,"master_deck":["AscendersBane","Strike_G","Strike_G","Strike_G","Defend_G","Defend_G","Defend_G","Survivor","Neutralize","Noxious Fumes+1","Blade Dance","Blade Dance","Poisoned Stab","Finisher","Blade Dance","Deflect","Noxious Fumes"],"relics":["Ring of the Snake","Counterbalance","Bag of Preparation","Gremlin Food","Lantern","Akabeko"],"acts_visited":["Exordium"],"potions_floor_usage":[],"damage_taken":[{"damage":1.0,"enemies":"Cultist","floor":1.0,"turns":5.0},{"damage":0.0,"enemies":"2 Louse","floor":5.0,"turns":2.0},{"damage":23.0,"enemies":"Replay:BlueRogue","floor":6.0,"turns":5.0},{"damage":15,"enemies":"Lagavulin","floor":8,"turns":3},{"damage":0,"enemies":"Small Slimes","floor":10,"turns":3},{"damage":1,"enemies":"Blue Slaver","floor":11,"turns":3},{"damage":0,"enemies":"Looter","floor":13,"turns":2},{"damage":1,"enemies":"2 Fungi Beasts","floor":14,"turns":2},{"damage":18,"enemies":"Slime Boss","floor":16,"turns":4}],"seed_played":"-4841845086672961390","potions_obtained":[{"floor":6,"key":"EssenceOfSteel"},{"floor":8,"key":"Dexterity Potion"}],"is_trial":false,"path_per_floor":["M","T","$","?","M","E","?","E","T","M","M","R","M","M","R_BF","B"],"character_chosen":"THE_SILENT","items_purchased":["Blade Dance"],"campfire_rested":0,"item_purchase_floors":[3],"current_hp_per_floor":[58,58,58,58,58,35,35,20,20,20,19,19,19,18,18,0,0],"gold":201,"neow_bonus":"REMOVE_TWO","is_daily":false,"chose_seed":false,"campfire_upgraded":1,"win_rate":0.0,"timestamp":1614414511,"path_taken":["M","?","$","?","M","E","?","E","T","M","M","R","M","M","R_BF","BOSS"],"items_purchased_type":["Card"],"build_version":"2020-12-22","purchased_purges":1,"victory":false,"max_hp_per_floor":[60,60,60,60,60,60,60,60,60,60,60,60,60,60,60,60,60],"card_choices":[{"not_picked":["Poisoned Stab","Deflect"],"picked":"Noxious Fumes","floor":1.0},{"not_picked":["Skewer","Underhanded Strike"],"picked":"Poisoned Stab","floor":5.0},{"not_picked":["Underhanded Strike","Sucker Punch"],"picked":"Finisher","floor":6},{"not_picked":["Quick Slash","ReplayTheSpireMod:From All Sides"],"picked":"Blade Dance","floor":8},{"not_picked":["Dodge and Roll","Setup","PiercingWail"],"picked":"SKIP","floor":10},{"not_picked":["Cloak And Dagger","Expertise"],"picked":"Deflect","floor":11},{"not_picked":["PiercingWail","Outmaneuver"],"picked":"Noxious Fumes","floor":13},{"not_picked":["Atom Bomb","Flying Knee","Hidden Blade"],"picked":"SKIP","floor":14}],"player_experience":1059323,"relics_obtained":[{"floor":2.0,"key":"Counterbalance"},{"floor":6,"key":"Bag of Preparation"},{"floor":8,"key":"Gremlin Food"},{"floor":9,"key":"Lantern"},{"floor":15,"key":"Akabeko"}],"event_choices":[{"damage_healed":0,"gold_gain":50,"player_choice":"Pray","damage_taken":0,"max_hp_gain":0,"max_hp_loss":0,"event_name":"Golden Shrine","floor":7,"gold_loss":0}],"is_beta":false,"boss_relics":[],"items_purged_floors":[3],"is_endless":false,"potions_floor_spawned":[6,8,10],"killed_by":"Slime Boss","ascension_level":19}}