{"host":"jjrg941k7ydtmr5s","time":1614445150,"event":{"mods":["BaseMod","Colored Map","Colored Powertips","DeckTracker","Highlight Path","Koishi","Marisa（霧雨　魔理沙）","Minty Spire (QoL Compilation)","Quick Restart","Remilia（蕾米莉?）","StSLib","SuperFastMode","The Administrix","The Bladedancer","The Cursed","The Forsaken","The Runesmith","The Servant 0.9.4","Youmu（魂魄妖梦）"],"gold_per_floor":[214,226,239,185,201,231,231,266,291,302,192,192,260,274,274,370,370,380,380,397,322,339,370,370,402,402,428,343,359,206,206,206,206,206,223,223,239,239,251,276,276,308,381,381,394,408,408,419,419,419,419],"floor_reached":50,"language":"JPN","playtime":5492,"items_purged":[],"score":601,"play_id":"95d27c3e-e735-4200-8bfd-be8a7b125450","local_time":"20210228015910","is_ascension_mode":true,"campfire_choices":[{"data":"Cloak And Dagger","floor":7,"key":"SMITH"},{"floor":12,"key":"REST"},{"data":"Footwork","floor":15,"key":"SMITH"},{"data":"After Image","floor":24,"key":"SMITH"},{"floor":32,"key":"REST"},{"floor":41,"key":"REST"},{"data":"Accuracy","floor":47,"key":"SMITH"},{"floor":49,"key":"RECALL"}],"circlet_count":0,"master_deck":["Strike_G+1","Strike_G+1","Strike_G+1","Strike_G+1","Defend_G+1","Defend_G+1","Defend_G+1","Defend_G+1","Defend_G+1","Survivor","Neutralize","Poisoned Stab","Infinite Blades","Dodge and Roll","Cloak And Dagger+1","Terror","PiercingWail","Blade Dance","All Out Attack","Accuracy+1","Escape Plan","Footwork+1","After Image+1","Blade Dance","Endless Agony","Deflect","Choke","Night Terror","CurseOfTheBell","Skewer","Adrenaline","Cloak And Dagger","Choke+1"],"relics":["Ring of the Snake","Shovel","Lantern","Centennial Puzzle","Busted Crown","Runesmith:AutoHammer","Darkstone Periapt","Frozen Egg 2","Mummified Hand","Bronze Scales","Bag of Preparation","Calling Bell","Tough Bandages","Happy Flower","AntiCross","Regal Pillow","MealTicket"],"acts_visited":["Exordium","TheCity","TheBeyond"],"potions_floor_usage":[8],"damage_taken":[{"damage":4,"enemies":"Cultist","floor":1,"turns":4},{"damage":0,"enemies":"Small Slimes","floor":2,"turns":3},{"damage":3,"enemies":"Jaw Worm","floor":3,"turns":3},{"damage":1,"enemies":"2 Fungi Beasts","floor":5,"turns":4},{"damage":24,"enemies":"Gremlin Nob","floor":6,"turns":5},{"damage":34,"enemies":"3 Sentries","floor":8,"turns":9},{"damage":1,"enemies":"Blue Slaver","floor":10,"turns":3},{"damage":0,"enemies":"3 Louse","floor":14,"turns":2},{"damage":10,"enemies":"Hexaghost","floor":16,"turns":8},{"damage":2,"enemies":"Spheric Guardian","floor":18,"turns":3},{"damage":4,"enemies":"Shell Parasite","floor":20,"turns":4},{"damage":4,"enemies":"Shelled Parasite and Fungi","floor":22,"turns":4},{"damage":2,"enemies":"Book of Stabbing","floor":23,"turns":5},{"damage":33,"enemies":"Gremlin Leader","floor":25,"turns":7},{"damage":14,"enemies":"Slavers","floor":27,"turns":6},{"damage":0,"enemies":"Snake Plant","floor":29,"turns":3},{"damage":21,"enemies":"Champ","floor":33,"turns":9},{"damage":5,"enemies":"3 Shapes","floor":35,"turns":3},{"damage":4,"enemies":"3 Darklings","floor":37,"turns":4},{"damage":7,"enemies":"Jaw Worm Horde","floor":39,"turns":4},{"damage":43,"enemies":"Nemesis","floor":40,"turns":5},{"damage":57,"enemies":"Reptomancer","floor":42,"turns":5},{"damage":19,"enemies":"Spire Growth","floor":45,"turns":3},{"damage":2,"enemies":"4 Shapes","floor":46,"turns":3},{"damage":5,"enemies":"Sphere and 2 Shapes","floor":48,"turns":3},{"damage":45,"enemies":"Time Eater","floor":50,"turns":6}],"seed_played":"-1883698727946963834","potions_obtained":[{"floor":2,"key":"Energy Potion"},{"floor":5,"key":"Explosive Potion"},{"floor":6,"key":"Fruit Juice"},{"floor":8,"key":"LiquidBronze"},{"floor":40,"key":"Strength Potion"}],"is_trial":false,"path_per_floor":["M","M","M","$","M","E","R","E","T","M","$","R","?","M","R","B",null,"M","?","M","?","M","E","R","E","T","E","?","M","$","?","R","B",null,"M","?","M","?","M","E","R","E","T","?","M","M","R","M","R","B"],"character_chosen":"THE_SILENT","items_purchased":["Cloak And Dagger","Accuracy","Escape Plan","Bag of Preparation"],"campfire_rested":3,"item_purchase_floors":[4,11,11,30],"current_hp_per_floor":[66,66,63,63,62,38,38,9,9,8,8,30,30,30,30,20,75,73,67,63,63,59,57,57,24,24,10,10,10,10,10,32,11,81,76,76,72,72,65,22,60,3,3,67,48,46,46,41,41,0,0],"gold":419,"neow_bonus":"HUNDRED_GOLD","is_daily":false,"chose_seed":false,"campfire_upgraded":4,"win_rate":0.0,"timestamp":1614445150,"path_taken":["M","M","?","$","M","E","R","E","T","M","$","R","?","M","R","BOSS","M","?","M","?","M","E","R","E","T","E","?","M","$","?","R","BOSS","M","?","M","?","M","E","R","E","T","?","M","M","R","M","R","BOSS"],"items_purchased_type":["Card","Card","Card","Relic"],"build_version":"2020-12-22","purchased_purges":0,"victory":false,"max_hp_per_floor":[70,70,70,70,70,70,70,75,75,75,75,75,75,75,75,75,75,75,75,75,75,75,75,75,75,75,75,75,75,75,75,75,75,81,81,81,81,77,77,77,77,77,77,67,67,67,67,67,67,67,67],"card_choices":[{"not_picked":["Masterful Stab","PiercingWail"],"picked":"Poisoned Stab","floor":1},{"not_picked":["Outmaneuver","Eviscerate"],"picked":"Infinite Blades","floor":2},{"not_picked":["Poisoned Stab","Dagger Spray"],"picked":"Dodge and Roll","floor":3},{"not_picked":["Well Laid Plans","Bane"],"picked":"Terror","floor":5},{"not_picked":["Masterful Stab","Dodge and Roll"],"picked":"PiercingWail","floor":6},{"not_picked":["Prepared","Slice"],"picked":"Blade Dance","floor":8},{"not_picked":["Quick Slash","Dodge and Roll"],"picked":"All Out Attack","floor":10},{"not_picked":["Expertise","Dagger Throw"],"picked":"Footwork","floor":14},{"not_picked":["Unload","Night Terror"],"picked":"After Image","floor":16},{"not_picked":[],"picked":"Blade Dance","floor":18},{"not_picked":["Flechettes"],"picked":"SKIP","floor":20},{"not_picked":["Bane"],"picked":"SKIP","floor":22},{"not_picked":[],"picked":"Endless Agony","floor":23},{"not_picked":["Flechettes"],"picked":"SKIP","floor":25},{"not_picked":[],"picked":"Deflect","floor":27},{"not_picked":[],"picked":"Choke","floor":29},{"not_picked":[],"picked":"Night Terror","floor":33},{"not_picked":["Poisoned Stab+1"],"picked":"SKIP","floor":35},{"not_picked":["Tactician+1"],"picked":"SKIP","floor":37},{"not_picked":[],"picked":"Skewer","floor":39},{"not_picked":[],"picked":"Adrenaline","floor":40},{"not_picked":["Bouncing Flask+1"],"picked":"SKIP","floor":42},{"not_picked":[],"picked":"Cloak And Dagger","floor":45},{"not_picked":[],"picked":"Choke+1","floor":46},{"not_picked":["Bouncing Flask"],"picked":"SKIP","floor":48}],"player_experience":75762,"relics_obtained":[{"floor":6,"key":"Shovel"},{"floor":8,"key":"Lantern"},{"floor":9,"key":"Centennial Puzzle"},{"floor":23,"key":"Runesmith:AutoHammer"},{"floor":25,"key":"Darkstone Periapt"},{"floor":26,"key":"Frozen Egg 2"},{"floor":27,"key":"Mummified Hand"},{"floor":34,"key":"Tough Bandages"},{"floor":34,"key":"Happy Flower"},{"floor":34,"key":"AntiCross"},{"floor":40,"key":"Regal Pillow"},{"floor":42,"key":"MealTicket"}],"event_choices":[{"damage_healed":0,"gold_gain":68,"player_choice":"Gained Gold","damage_taken":0,"max_hp_gain":0,"max_hp_loss":0,"event_name":"Golden Wing","floor":13,"gold_loss":0},{"damage_healed":0,"gold_gain":0,"player_choice":"Joined the Cult","damage_taken":6,"max_hp_gain":0,"max_hp_loss":0,"event_name":"Nest","floor":19,"gold_loss":0,"cards_obtained":["RitualDagger"]},{"cards_removed":["Strike_G"],"damage_healed":0,"gold_gain":0,"player_choice":"Gave Gold","damage_taken":0,"max_hp_gain":0,"max_hp_loss":0,"event_name":"Beggar","floor":21,"gold_loss":75},{"damage_healed":0,"gold_gain":0,"player_choice":"Obtained Relic","damage_taken":0,"relics_obtained":["Bronze Scales"],"max_hp_gain":0,"max_hp_loss":0,"event_name":"Addict","floor":28,"gold_loss":85},{"damage_healed":0,"gold_gain":0,"player_choice":"Simplicity","damage_taken":0,"max_hp_gain":0,"max_hp_loss":0,"event_name":"Back to Basics","floor":31,"gold_loss":0,"cards_upgraded":["Strike_G","Strike_G","Strike_G","Strike_G","Defend_G","Defend_G","Defend_G","Defend_G","Defend_G"]},{"cards_removed":["RitualDagger"],"damage_healed":0,"gold_gain":0,"player_choice":"Removed Attack","damage_taken":0,"max_hp_gain":0,"max_hp_loss":0,"event_name":"Falling","floor":36,"gold_loss":0},{"damage_healed":0,"gold_gain":0,"player_choice":"Max HP","damage_taken":0,"max_hp_gain":0,"max_hp_loss":4,"event_name":"Winding Halls","floor":38,"gold_loss":0},{"damage_healed":67,"gold_gain":0,"player_choice":"Heal","damage_taken":0,"max_hp_gain":0,"max_hp_loss":10,"event_name":"The Moai Head","floor":44,"gold_loss":0}],"is_beta":false,"boss_relics":[{"not_picked":["SacredBark","Tiny House"],"picked":"Busted Crown"},{"not_picked":["Snecko Eye","Black Star"],"picked":"Calling Bell"}],"items_purged_floors":[],"is_endless":false,"potions_floor_spawned":[2,5,6,8,16,20,27,29,35,40,48],"killed_by":"Time Eater","ascension_level":1}}