{"host":"nihqlga4zpmrcpl9","time":1614453444,"event":{"mods":["BaseMod","Downfall","LagranYue(拉格朗・月)","Marisa（F雨　魔理沙）","Minty Spire (QoL Compilation)","Replay The Spire","Shop Mod","StSLib","The Bug Knight","The Cursed","The Hierophant","The Servant 0.9.4"],"gold_per_floor":[99,139,179,210,240,240,263,307,319,364,77,129,160,180,237,362,362,362,379,392,0,31,31,31,31,86,86,99,129,35,46,63,184,184,184,199,199,199,199],"floor_reached":37,"language":"ZHS","playtime":2591,"items_purged":[],"score":555,"play_id":"d15bce18-6559-403d-9d01-80fd66db24cf","local_time":"20210228031724","is_ascension_mode":true,"campfire_choices":[{"data":"Slimebound:Split","floor":1,"key":"SMITH"},{"data":"Slimebound:LeechEnergy","floor":9,"key":"SMITH"},{"data":"Slimebound:SpikyOuterGoop","floor":18,"key":"SMITH"},{"data":"Slimebound:Darklings","floor":23,"key":"SMITH"},{"data":"Slimebound:DuplicatedForm","floor":35,"key":"SMITH"}],"circlet_count":0,"master_deck":["Slimebound:Tackle","Slimebound:Defend_Slimebound","Slimebound:Defend_Slimebound","Slimebound:Defend_Slimebound","Slimebound:Defend_Slimebound","Slimebound:Split+1","Slimebound:CorrosiveSpit","HandOfGreed","Slimebound:SpikyOuterGoop+1","Slimebound:RainOfGoop","Slimebound:LeechEnergy+1","Slimebound:SlimeTap","Slimebound:Prepare","Slimebound:SplitAcid","Slimebound:Teamwork","Slimebound:Prepare","Slimebound:Grow","Slimebound:LevelUp","Slimebound:SplitSpecialist","Slimebound:ComboTackle","Slimebound:Darklings+1","Slimebound:GoopSpray","Slimebound:SplitMire","Slimebound:AcidTongue","Slimebound:Schlurp","expansioncontent:DashGenerateEvil+1","Slimebound:FormOfPuddle","Slimebound:Tackle+1","Slimebound:Tackle+1","Slimebound:Tackle+1","Slimebound:SplitMire+1","Bite+1","Bite+1","Bite+1","Bite+1","Bite+1","Slimebound:Prepare","Slimebound:LeechingTouch+1","Slimebound:Gluttony","Slimebound:SplitBruiser","Slimebound:SplitSpecialist","Slimebound:DuplicatedForm+1","Slimebound:LeechEnergy+1"],"relics":["Slimebound:AbsorbEndCombat","LagranYue:RandomDrawCardRelic","MerchantsRug","ReplayTheSpireMod:Lightbulb","Happy Flower","Slimebound:TarBlob","Molten Egg 2","Kunai","Nunchaku","Cursed Key"],"acts_visited":["Exordium","TheCity","TheBeyond"],"potions_floor_usage":[16],"damage_taken":[{"damage":0,"enemies":"2 Louse","floor":2,"turns":2},{"damage":3,"enemies":"Cultist","floor":3,"turns":4},{"damage":4,"enemies":"Jaw Worm","floor":4,"turns":4},{"damage":8,"enemies":"Blue Slaver","floor":5,"turns":2},{"damage":11,"enemies":"Exordium Wildlife","floor":8,"turns":3},{"damage":9,"enemies":"Red Slaver","floor":10,"turns":4},{"damage":2,"enemies":"downfall:FleeingMerchant","floor":11,"turns":4},{"damage":5,"enemies":"3 Sentries","floor":12,"turns":6},{"damage":3,"enemies":"Exordium Thugs","floor":13,"turns":5},{"damage":3,"enemies":"Blue Slaver","floor":14,"turns":3},{"damage":0,"enemies":"Exordium Wildlife","floor":15,"turns":5},{"damage":30,"enemies":"WA_ARCHETYPE_RETAIN","floor":16,"turns":7},{"damage":8,"enemies":"Chosen","floor":19,"turns":5},{"damage":0,"enemies":"Snake Plant","floor":20,"turns":5},{"damage":0,"enemies":"downfall:FleeingMerchant","floor":21,"turns":4},{"damage":0,"enemies":"Cultist and Chosen","floor":22,"turns":3},{"damage":25,"enemies":"Slavers","floor":26,"turns":7},{"damage":12,"enemies":"Sentry and Sphere","floor":28,"turns":7},{"damage":10,"enemies":"Replay:Snechameleon","floor":29,"turns":4},{"damage":1,"enemies":"downfall:FleeingMerchant","floor":30,"turns":4},{"damage":10,"enemies":"Snecko","floor":31,"turns":4},{"damage":0,"enemies":"Cultist and Chosen","floor":32,"turns":4},{"damage":30,"enemies":"IC_MUSHROOM_ARCHETYPE","floor":33,"turns":8},{"damage":19,"enemies":"3 Shapes","floor":36,"turns":4},{"damage":47,"enemies":"3 Darklings","floor":37,"turns":2}],"seed_played":"-109981520393664499","potions_obtained":[{"floor":2,"key":"Venom Potion"},{"floor":3,"key":"Fire Potion"},{"floor":8,"key":"Toxic Potion"},{"floor":13,"key":"Death Potion"},{"floor":14,"key":"Flashbang"},{"floor":15,"key":"Flashbang"},{"floor":19,"key":"SkillPotion"},{"floor":28,"key":"Block Potion"},{"floor":29,"key":"Fire Potion"},{"floor":31,"key":"SpeedPotion"},{"floor":32,"key":"Guardian:BlockOnCardUsePotion"}],"is_trial":false,"path_per_floor":["R","M","M","M","M","?","T","M","R","M","$","E","M","M","M","B",null,"R","M","M","$","M","R","T","?","E","?","M","E","$","M","M","B",null,"R","M","M"],"character_chosen":"SLIMEBOUND","items_purchased":["MerchantsRug","ReplayTheSpireMod:Lightbulb","Slimebound:Prepare","Molten Egg 2","Slimebound:Schlurp","expansioncontent:DashGenerateEvil+1","Nunchaku"],"campfire_rested":0,"item_purchase_floors":[11,11,11,21,21,21,30],"current_hp_per_floor":[47,49,50,50,46,46,46,41,41,36,40,41,46,45,49,27,65,65,59,65,65,65,65,65,65,44,44,41,40,45,35,45,29,45,45,32,0,0,0],"gold":199,"neow_bonus":"RANDOM_COLORLESS_2","is_daily":false,"chose_seed":false,"campfire_upgraded":5,"win_rate":0.0,"timestamp":1614453444,"path_taken":["R","M","M","M","M","?","T","M","R","M","$","E","M","?","M","BOSS","R","M","M","$","M","R","T","?","E","?","M","E","?","M","M","BOSS","R","M","M"],"items_purchased_type":["Relic","Relic","Card","Relic","Card","Card","Relic"],"build_version":"2020-12-22","purchased_purges":0,"victory":false,"max_hp_per_floor":[65,65,65,65,65,65,65,65,65,65,65,65,65,65,65,65,65,65,65,65,65,65,65,65,65,65,45,45,45,45,45,45,45,45,45,45,45,45,45],"card_choices":[{"not_picked":["Magnetism","Crow Ritual"],"picked":"HandOfGreed","floor":0},{"not_picked":["Slimebound:SlimeBrawl","Slimebound:DisruptingSlam"],"picked":"Slimebound:SpikyOuterGoop","floor":2},{"not_picked":["Slimebound:SlimeBrawl","Slimebound:Dissolve"],"picked":"Slimebound:RainOfGoop","floor":3},{"not_picked":["Slimebound:BestDefense","Slimebound:FinishingTackle"],"picked":"Slimebound:LeechEnergy","floor":4},{"not_picked":["Slimebound:LeechingTouch","Slimebound:SplitLeeching"],"picked":"Slimebound:SlimeTap","floor":5},{"not_picked":["Slimebound:HungryTackle","Slimebound:LeechEnergy"],"picked":"Slimebound:Prepare","floor":8},{"not_picked":["Slimebound:Recollect","Slimebound:ComboTackle"],"picked":"Slimebound:SplitAcid","floor":10},{"not_picked":["Slimebound:Prepare","Slimebound:SplitMire"],"picked":"Slimebound:Teamwork","floor":11},{"not_picked":["Slimebound:LeadByExample","Slimebound:Recollect"],"picked":"Slimebound:Grow","floor":12},{"not_picked":["Slimebound:LivingWall","Slimebound:Schlurp"],"picked":"Slimebound:LevelUp","floor":13},{"not_picked":["Slimebound:SlimeBarrage","Slimebound:RollThrough"],"picked":"Slimebound:SplitSpecialist","floor":14},{"not_picked":["Slimebound:ItLooksTasty","Slimebound:GoopTackle"],"picked":"Slimebound:ComboTackle","floor":15},{"not_picked":["Slimebound:OneTwoCombo","Slimebound:WasteNot"],"picked":"Slimebound:Darklings","floor":16},{"not_picked":["Slimebound:ComboTackle","Slimebound:ItLooksTasty"],"picked":"Slimebound:GoopSpray","floor":19},{"not_picked":["Slimebound:RainOfGoop","Slimebound:SplitLeeching"],"picked":"Slimebound:SplitMire","floor":20},{"not_picked":["Slimebound:SplitMire","Slimebound:ItLooksTasty+1"],"picked":"Slimebound:AcidTongue","floor":21},{"not_picked":["Slimebound:TongueLash+1","Slimebound:SplitMire"],"picked":"Slimebound:FormOfPuddle","floor":22},{"not_picked":["Slimebound:ForwardTackle+1","Slimebound:ComboTackle+1"],"picked":"Slimebound:SplitMire+1","floor":26},{"not_picked":["Slimebound:FinishingTackle+1","Slimebound:LeechingTouch+1"],"picked":"Slimebound:Prepare","floor":28},{"not_picked":["Slimebound:Nibble+1","Slimebound:FinishingTackle+1"],"picked":"Slimebound:LeechingTouch+1","floor":29},{"not_picked":["Slimebound:SamplingLick","Slimebound:LevelUp"],"picked":"Slimebound:Gluttony","floor":30},{"not_picked":["Slimebound:RollThrough+1","Slimebound:SlimeBrawl"],"picked":"Slimebound:SplitBruiser","floor":31},{"not_picked":["Slimebound:LivingWall","Slimebound:Schlurp"],"picked":"Slimebound:SplitSpecialist","floor":32},{"not_picked":["Slimebound:Overexert","Slimebound:Teamwork"],"picked":"Slimebound:DuplicatedForm","floor":33},{"not_picked":["Slimebound:LeechingTouch+1","Slimebound:RainOfGoop+1"],"picked":"Slimebound:LeechEnergy+1","floor":36}],"player_experience":920669,"relics_obtained":[{"floor":7,"key":"MawBank"},{"floor":12,"key":"Happy Flower"},{"floor":24,"key":"Gremlin Food"},{"floor":26,"key":"Kunai"}],"event_choices":[{"damage_healed":0,"gold_gain":0,"player_choice":"Became a vampire","damage_taken":0,"max_hp_gain":0,"max_hp_loss":20,"event_name":"Vampires","floor":27,"gold_loss":0,"cards_obtained":["Bite","Bite","Bite","Bite","Bite"]}],"is_beta":false,"boss_relics":[{"not_picked":["Snecko Eye","LagranYue:ContractPerformanceRelic"],"picked":"Slimebound:TarBlob"},{"not_picked":["Pandora\u0027s Box","bronze:MakeshiftBattery"],"picked":"Cursed Key"}],"items_purged_floors":[],"is_endless":false,"potions_floor_spawned":[2,3,8,13,14,15,19,28,29,31,32],"killed_by":"3 Darklings","ascension_level":3}}