{"host":"Kdaddybrian","time":1614453040,"event":{"mods":["AchievementEnabler","BaseMod","Bestiary","Colored Map","Colored Powertips","Minty Spire (QoL Compilation)","Potion Indicator Mod","Quick Restart","Rare Cards Sparkle","Relic Stats","StSLib","Uncapped"],"gold_per_floor":[110,124,124,89,100,100,130,130,155,155,171,228,253,267,267,339,339,357,282,40,55,55,55,9,9,60,93,105,105,125,40,40,117,167,183,193,213,213,225,225,237,264,264,264,264],"floor_reached":44,"language":"ENG","playtime":2791,"items_purged":[],"score":863,"play_id":"0d20b958-b2aa-4dd2-9466-22d8cd88bbb5","local_time":"20210227141040","is_ascension_mode":true,"campfire_choices":[{"data":"Eruption","floor":6.0,"key":"SMITH"},{"floor":8.0,"key":"REST"},{"data":"Adaptation","floor":10.0,"key":"SMITH"},{"data":"Vigilance","floor":15.0,"key":"SMITH"},{"data":"SpiritShield","floor":23.0,"key":"SMITH"},{"data":"MentalFortress","floor":25.0,"key":"SMITH"},{"data":"Ragnarok","floor":29.0,"key":"SMITH"},{"floor":32.0,"key":"REST"},{"floor":40.0,"key":"REST"}],"circlet_count":0,"master_deck":["AscendersBane","Strike_P","Strike_P","Strike_P","Defend_P","Defend_P+1","Defend_P","Defend_P","Eruption+1","Vigilance+1","Vengeance","BowlingBash","FlurryOfBlows","Adaptation+1","EmptyBody","Wallop","Conclude","ThirdEye","SpiritShield+1","ClearTheMind","MentalFortress+1","Ragnarok+1","Tantrum+1","EmptyBody","Perseverance","InnerPeace","Wallop","FearNoEvil+1","MentalFortress","EmptyBody","Protect","BattleHymn"],"relics":["Runic Pyramid","PreservedInsect","Darkstone Periapt","Bag of Preparation","Question Card","Mango","Busted Crown","Orichalcum","Letter Opener","Tiny House","Shuriken","InkBottle"],"acts_visited":["Exordium","TheCity","TheBeyond"],"potions_floor_usage":[41],"damage_taken":[{"damage":7.0,"enemies":"Small Slimes","floor":1.0,"turns":3.0},{"damage":2.0,"enemies":"Jaw Worm","floor":2.0,"turns":3.0},{"damage":9.0,"enemies":"2 Louse","floor":5.0,"turns":2.0},{"damage":15.0,"enemies":"Gremlin Nob","floor":7.0,"turns":3.0},{"damage":1.0,"enemies":"2 Fungi Beasts","floor":11.0,"turns":2.0},{"damage":8.0,"enemies":"3 Sentries","floor":12.0,"turns":4.0},{"damage":7.0,"enemies":"Lagavulin","floor":13.0,"turns":5.0},{"damage":0.0,"enemies":"Exordium Wildlife","floor":14.0,"turns":2.0},{"damage":16.0,"enemies":"The Guardian","floor":16.0,"turns":11.0},{"damage":0.0,"enemies":"Chosen","floor":18.0,"turns":3.0},{"damage":9.0,"enemies":"2 Thieves","floor":21.0,"turns":3.0},{"damage":0.0,"enemies":"Gremlin Leader","floor":27.0,"turns":4.0},{"damage":1.0,"enemies":"Chosen and Byrds","floor":28.0,"turns":4.0},{"damage":8.0,"enemies":"Shelled Parasite and Fungi","floor":30.0,"turns":5.0},{"damage":43.0,"enemies":"Champ","floor":33.0,"turns":14.0},{"damage":17.0,"enemies":"3 Darklings","floor":35.0,"turns":4.0},{"damage":2.0,"enemies":"3 Shapes","floor":36.0,"turns":2.0},{"damage":18.0,"enemies":"3 Darklings","floor":37.0,"turns":9.0},{"damage":5.0,"enemies":"Maw","floor":39.0,"turns":10.0},{"damage":44,"enemies":"Writhing Mass","floor":41,"turns":9},{"damage":25,"enemies":"Nemesis","floor":42,"turns":10},{"damage":26,"enemies":"Transient","floor":44,"turns":5}],"seed_played":"-3136269187007298761","potions_obtained":[{"floor":1.0,"key":"Energy Potion"},{"floor":2.0,"key":"SpeedPotion"},{"floor":7.0,"key":"AttackPotion"},{"floor":11.0,"key":"SpeedPotion"},{"floor":21.0,"key":"Weak Potion"},{"floor":30.0,"key":"BottledMiracle"},{"floor":33.0,"key":"Regen Potion"},{"floor":36.0,"key":"Strength Potion"},{"floor":38.0,"key":"BottledMiracle"},{"floor":39.0,"key":"LiquidBronze"},{"floor":42,"key":"Strength Potion"}],"is_trial":false,"path_per_floor":["M","M","?","?","M","R","E","R","T","R","M","?","E","M","R","B",null,"M","?","$","M","?","R","$","R","T","E","M","R","M","?","R","B",null,"M","M","M","?","M","R","M","E","T","M"],"character_chosen":"WATCHER","items_purchased":["MentalFortress","Ragnarok","EmptyBody"],"campfire_rested":3,"item_purchase_floors":[20,20,24],"current_hp_per_floor":[54,52,34,51,42,42,27,47,47,47,46,38,45,45,45,29,69,69,69,69,60,60,60,60,60,60,60,59,59,51,51,75,32,75,58,56,38,38,48,74,30,5,5,0,0],"gold":264,"neow_bonus":"BOSS_RELIC","is_daily":false,"chose_seed":false,"campfire_upgraded":6,"win_rate":0.0,"timestamp":1614453040,"path_taken":["M","M","?","?","M","R","E","R","T","R","M","?","E","M","R","BOSS","M","?","$","M","?","R","?","R","T","E","M","R","M","?","R","BOSS","M","M","M","?","M","R","?","E","T","M"],"items_purchased_type":["Card","Card","Card"],"build_version":"2020-12-18","purchased_purges":0,"victory":false,"max_hp_per_floor":[68,68,68,68,68,68,68,68,68,68,68,68,82,82,82,82,82,82,82,82,82,82,82,82,82,82,82,82,82,82,82,82,82,87,87,87,87,87,87,87,87,87,87,87,87],"relic_stats":{"Darkstone Periapt":0,"Busted Crown":26,"counters":[22,117],"Shuriken":[2],"PreservedInsect":189,"Bag of Preparation":[36],"Letter Opener":[51],"Orichalcum":[42],"Question Card":17,"obtain_stats":[{"Darkstone Periapt":7,"Tiny House":34,"Mango":13,"PreservedInsect":3,"Bag of Preparation":9,"Letter Opener":31,"Orichalcum":27,"Question Card":12,"Busted Crown":17,"Shuriken":42,"PureWater":0,"InkBottle":43,"Runic Pyramid":0},{"Darkstone Periapt":4,"Tiny House":15,"Mango":7,"PreservedInsect":2,"Bag of Preparation":4,"Letter Opener":14,"Orichalcum":12,"Question Card":5,"Busted Crown":9,"Shuriken":21,"PureWater":0,"InkBottle":21,"Runic Pyramid":0},{"Darkstone Periapt":11,"Tiny House":68,"Mango":22,"PreservedInsect":6,"Bag of Preparation":11,"Letter Opener":54,"Orichalcum":45,"Question Card":13,"Busted Crown":35,"Shuriken":112,"PureWater":0,"InkBottle":112,"Runic Pyramid":0}],"InkBottle":[1]},"card_choices":[{"not_picked":["SignatureMove","Swivel"],"picked":"Vengeance","floor":1.0},{"not_picked":["Study","Fasting2"],"picked":"BowlingBash","floor":2.0},{"not_picked":["Halt","JustLucky"],"picked":"FlurryOfBlows","floor":5.0},{"not_picked":["Halt","JustLucky"],"picked":"Adaptation","floor":7.0},{"not_picked":["MasterReality","Prostrate"],"picked":"EmptyBody","floor":11.0},{"not_picked":["EmptyMind","Meditate","Nirvana"],"picked":"Wallop","floor":12.0},{"not_picked":["Prostrate","Evaluate","Indignation"],"picked":"Conclude","floor":13.0},{"not_picked":["FollowUp","Protect","Consecrate"],"picked":"ThirdEye","floor":14.0},{"not_picked":["DevaForm","Omniscience","MasterReality"],"picked":"SpiritShield","floor":16.0},{"not_picked":["SashWhip"],"picked":"ClearTheMind","floor":18.0},{"not_picked":["JustLucky"],"picked":"Tantrum+1","floor":21.0},{"not_picked":["Halt+1"],"picked":"Perseverance","floor":27.0},{"not_picked":["LikeWater"],"picked":"InnerPeace","floor":28.0},{"not_picked":["Protect+1"],"picked":"Wallop","floor":30.0},{"not_picked":["FlyingSleeves","ThirdEye"],"picked":"SKIP","floor":35.0},{"not_picked":["SignatureMove+1"],"picked":"FearNoEvil+1","floor":36.0},{"not_picked":["Wallop"],"picked":"MentalFortress","floor":37.0},{"not_picked":["LikeWater"],"picked":"EmptyBody","floor":39.0},{"not_picked":["Indignation+1"],"picked":"Protect","floor":41},{"not_picked":["FollowUp"],"picked":"BattleHymn","floor":42}],"player_experience":3064775,"relics_obtained":[{"floor":7.0,"key":"Darkstone Periapt"},{"floor":9.0,"key":"Bag of Preparation"},{"floor":13.0,"key":"Mango"},{"floor":27.0,"key":"Orichalcum"},{"floor":42,"key":"Shuriken"},{"floor":43,"key":"InkBottle"}],"event_choices":[{"damage_healed":0.0,"max_hp_gain":0.0,"max_hp_loss":0.0,"gold_gain":0.0,"event_name":"Scrap Ooze","player_choice":"Success","floor":3.0,"gold_loss":0.0,"damage_taken":18.0,"relics_obtained":["PreservedInsect"]},{"damage_healed":17.0,"max_hp_gain":0.0,"max_hp_loss":0.0,"gold_gain":0.0,"event_name":"The Cleric","player_choice":"Healed","floor":4.0,"gold_loss":35.0,"damage_taken":0.0},{"damage_healed":0.0,"max_hp_gain":0.0,"max_hp_loss":0.0,"gold_gain":0.0,"event_name":"Dead Adventurer","player_choice":"Searched \u00273\u0027 times","floor":12.0,"gold_loss":0.0,"damage_taken":0.0,"relics_obtained":["Question Card"]},{"cards_removed":["Strike_P"],"damage_healed":0.0,"max_hp_gain":0.0,"max_hp_loss":0.0,"gold_gain":0.0,"event_name":"Beggar","player_choice":"Gave Gold","floor":19.0,"gold_loss":75.0,"damage_taken":0.0},{"damage_healed":0.0,"max_hp_gain":0.0,"max_hp_loss":0.0,"gold_gain":0.0,"event_name":"Vampires","player_choice":"Ignored","floor":22.0,"gold_loss":0.0,"damage_taken":0.0},{"damage_healed":0.0,"max_hp_gain":0.0,"max_hp_loss":0.0,"gold_gain":0.0,"event_name":"Addict","player_choice":"Obtained Relic","floor":31.0,"gold_loss":85.0,"damage_taken":0.0,"relics_obtained":["Letter Opener"]},{"damage_healed":0.0,"max_hp_gain":0.0,"max_hp_loss":0.0,"gold_gain":0.0,"event_name":"Lab","player_choice":"Got Potions","floor":38.0,"gold_loss":0.0,"damage_taken":0.0}],"is_beta":true,"boss_relics":[{"not_picked":["Coffee Dripper","Astrolabe"],"picked":"Busted Crown"},{"not_picked":["Philosopher\u0027s Stone","Runic Dome"],"picked":"Tiny House"}],"items_purged_floors":[],"is_endless":false,"potions_floor_spawned":[1,2,7,11,21,28,30,33,36,39,42],"killed_by":"Transient","ascension_level":14}}