{"host":"ly3xxjo8nz2ssae4","time":1614447353,"event":{"mods":["BaseMod","Colored Map","DeckTracker","Highlight Path","Minty Spire (QoL Compilation)","Quick Restart"],"gold_per_floor":[112,127,8,8,32,71,86,110,110,130,130,130,168,187,187,317,317,338,338,363,378,152,152,190,208,208,208,208,208,74,95,95,214,214,238,14,30,50,50,50,83,108,132,146,146,167,4,40,40,40,40,40,0,38,38,38],"floor_reached":55,"language":"ENG","playtime":10578,"items_purged":["Body Slam","Strike_R+1","Strike_R+1"],"score":761,"play_id":"b333e2d1-68d1-48e5-93f0-4d2078a5f4b4","local_time":"20210227123553","is_ascension_mode":false,"campfire_choices":[{"data":"Uppercut","floor":11.0,"key":"SMITH"},{"data":"Wild Strike","floor":15.0,"key":"SMITH"},{"data":"Armaments","floor":23.0,"key":"SMITH"},{"data":"Demon Form","floor":28.0,"key":"SMITH"},{"data":"Disarm","floor":32.0,"key":"SMITH"},{"data":"Inflame","floor":40.0,"key":"SMITH"},{"floor":49.0,"key":"RECALL"},{"data":"Metallicize","floor":52,"key":"SMITH"}],"circlet_count":0,"master_deck":["Strike_R+1","Strike_R+1","Defend_R+1","Defend_R+1","Defend_R+1","Defend_R+1","Bash","Twin Strike","Cleave","Uppercut+1","Evolve","Cleave","Shrug It Off","Wild Strike+1","Headbutt","Cleave","Rage","Demon Form+1","Whirlwind+1","Twin Strike","Armaments+1","Inflame+1","Sword Boomerang+1","Ghostly Armor","Pummel","Shrug It Off","Disarm+1","Feed","Heavy Blade+1","Metallicize+1","Armaments+1","Regret","Shrug It Off+1","Power Through"],"relics":["Burning Blood","Nunchaku","Golden Idol","Happy Flower","Shuriken","Mercury Hourglass","Mark of Pain","Membership Card","Bird Faced Urn","Darkstone Periapt","Ornamental Fan","Cursed Key","Paper Frog","Ancient Tea Set","Anchor","Medical Kit","Smiling Mask","Vajra"],"acts_visited":["Exordium","TheCity","TheBeyond","TheEnding"],"potions_floor_usage":[50,50,50,50,55,55,55],"damage_taken":[{"damage":2.0,"enemies":"Small Slimes","floor":1.0,"turns":4.0},{"damage":1.0,"enemies":"Cultist","floor":2.0,"turns":3.0},{"damage":1.0,"enemies":"2 Louse","floor":5.0,"turns":2.0},{"damage":0.0,"enemies":"Gremlin Nob","floor":6.0,"turns":2.0},{"damage":16.0,"enemies":"Exordium Thugs","floor":7.0,"turns":4.0},{"damage":7.0,"enemies":"Looter","floor":8.0,"turns":2.0},{"damage":6.0,"enemies":"Red Slaver","floor":10.0,"turns":3.0},{"damage":18.0,"enemies":"3 Sentries","floor":13.0,"turns":3.0},{"damage":0.0,"enemies":"Large Slime","floor":14.0,"turns":3.0},{"damage":28.0,"enemies":"Hexaghost","floor":16.0,"turns":9.0},{"damage":10.0,"enemies":"Spheric Guardian","floor":18.0,"turns":3.0},{"damage":4.0,"enemies":"Chosen","floor":20.0,"turns":3.0},{"damage":17.0,"enemies":"Shelled Parasite and Fungi","floor":21.0,"turns":4.0},{"damage":18.0,"enemies":"Book of Stabbing","floor":24.0,"turns":3.0},{"damage":0.0,"enemies":"Snake Plant","floor":25.0,"turns":2.0},{"damage":2.0,"enemies":"Cultist and Chosen","floor":31.0,"turns":4.0},{"damage":24.0,"enemies":"Automaton","floor":33.0,"turns":6.0},{"damage":0.0,"enemies":"3 Shapes","floor":35.0,"turns":4.0},{"damage":11.0,"enemies":"3 Darklings","floor":37.0,"turns":4.0},{"damage":34.0,"enemies":"4 Shapes","floor":38.0,"turns":2.0},{"damage":7.0,"enemies":"Nemesis","floor":41.0,"turns":5.0},{"damage":7.0,"enemies":"Sphere and 2 Shapes","floor":42.0,"turns":3.0},{"damage":17.0,"enemies":"Jaw Worm Horde","floor":44.0,"turns":4.0},{"damage":7.0,"enemies":"Spire Growth","floor":46.0,"turns":3.0},{"damage":29.0,"enemies":"Reptomancer","floor":48.0,"turns":7.0},{"damage":54,"enemies":"Time Eater","floor":50,"turns":11},{"damage":81,"enemies":"Shield and Spear","floor":54,"turns":9},{"damage":31,"enemies":"The Heart","floor":55,"turns":2}],"seed_played":"-5343664836630698927","potions_obtained":[{"floor":2.0,"key":"SkillPotion"},{"floor":5.0,"key":"AttackPotion"},{"floor":8.0,"key":"LiquidBronze"},{"floor":13.0,"key":"Fire Potion"},{"floor":21.0,"key":"ColorlessPotion"},{"floor":25.0,"key":"Fire Potion"},{"floor":41.0,"key":"LiquidBronze"},{"floor":46.0,"key":"Explosive Potion"}],"is_trial":false,"path_per_floor":["M","M","$","?","M","E","M","M","T","M","R","?","E","M","R","B",null,"M","?","M","M","$","R","E","M","T","?","R","?","$","M","R","B",null,"M","$","M","M","?","R","E","M","T","M","?","M","$","E","R","B",null,"R","$","E","B"],"character_chosen":"IRONCLAD","items_purchased":["Uppercut","Evolve","Membership Card","Inflame","Pummel","Shrug It Off","Disarm","Paper Frog","Metallicize","Power Through","Medical Kit","EntropicBrew","EssenceOfSteel"],"campfire_rested":0,"item_purchase_floors":[3,3,22,22,30,30,30,36,36,47,47,47,53],"current_hp_per_floor":[80,80,80,60,65,71,61,60,60,60,60,60,48,54,54,32,80,76,76,78,67,67,67,55,63,63,63,63,63,63,69,69,57,80,80,80,79,52,52,52,55,63,69,65,65,70,70,53,53,16,95,95,95,24,0,0],"gold":38,"neow_bonus":"RANDOM_COMMON_RELIC","is_daily":false,"chose_seed":false,"campfire_upgraded":7,"win_rate":0.0,"timestamp":1614447353,"path_taken":["M","M","$","?","M","E","M","M","T","M","R","?","E","?","R","BOSS","M","?","M","M","$","R","E","M","T","?","R","?","$","M","R","BOSS","M","$","M","M","?","R","E","M","T","M","?","?","$","E","R","BOSS","R","$","E","BOSS"],"items_purchased_type":["Card","Card","Relic","Card","Card","Card","Card","Relic","Card","Card","Relic","Potion","Potion"],"build_version":"2020-12-22","purchased_purges":3,"victory":false,"max_hp_per_floor":[80,80,80,80,80,80,80,80,80,80,80,80,80,80,80,80,80,80,80,80,80,80,80,80,80,80,80,80,80,80,80,80,80,80,80,80,80,80,80,80,80,83,89,92,92,92,92,92,92,95,95,95,95,95,95,95],"card_choices":[{"not_picked":["Shrug It Off","Cleave"],"picked":"Twin Strike","floor":1.0},{"not_picked":["Battle Trance","Entrench"],"picked":"Cleave","floor":2.0},{"not_picked":["Anger","Corruption"],"picked":"Cleave","floor":5.0},{"not_picked":["Shrug It Off","Bloodletting"],"picked":"Body Slam","floor":6.0},{"not_picked":["Combust","Havoc"],"picked":"Shrug It Off","floor":7.0},{"not_picked":["Heavy Blade","Searing Blow"],"picked":"Wild Strike","floor":8.0},{"not_picked":["Heavy Blade","Perfected Strike"],"picked":"Headbutt","floor":10.0},{"not_picked":["Warcry","Sever Soul"],"picked":"Rage","floor":13.0},{"not_picked":["Brutality","Warcry"],"picked":"Shrug It Off","floor":14.0},{"not_picked":["Impervious","Limit Break"],"picked":"Demon Form","floor":16.0},{"not_picked":["Second Wind+1","Evolve"],"picked":"Whirlwind+1","floor":18.0},{"not_picked":["Body Slam+1","Second Wind"],"picked":"Twin Strike","floor":20.0},{"not_picked":["Iron Wave","Sever Soul"],"picked":"Armaments","floor":21.0},{"not_picked":["Clothesline","Iron Wave"],"picked":"Sword Boomerang+1","floor":24.0},{"not_picked":["Whirlwind","Uppercut"],"picked":"Ghostly Armor","floor":25.0},{"not_picked":["Clash+1","Sword Boomerang","Hemokinesis"],"picked":"SKIP","floor":31.0},{"not_picked":["Exhume","Fiend Fire"],"picked":"Feed","floor":33.0},{"not_picked":["Perfected Strike","Warcry"],"picked":"Heavy Blade+1","floor":35.0},{"not_picked":["Hemokinesis","Body Slam","Combust+1"],"picked":"SKIP","floor":37.0},{"not_picked":["Body Slam","Clash+1","True Grit"],"picked":"SKIP","floor":38.0},{"not_picked":["Clothesline+1","Iron Wave","Body Slam"],"picked":"SKIP","floor":41.0},{"not_picked":["Body Slam+1","Feed"],"picked":"Armaments+1","floor":42.0},{"not_picked":["Thunderclap+1","Headbutt+1","Armaments+1"],"picked":"SKIP","floor":44.0},{"not_picked":["Headbutt+1","Body Slam+1"],"picked":"Shrug It Off+1","floor":46.0},{"not_picked":["Berserk","Sentinel","Bloodletting+1"],"picked":"SKIP","floor":48.0},{"not_picked":["Carnage+1","Searing Blow+1","Bloodletting+1"],"picked":"SKIP","floor":54}],"player_experience":320113,"relics_obtained":[{"floor":6.0,"key":"Happy Flower"},{"floor":9.0,"key":"Shuriken"},{"floor":13.0,"key":"Mercury Hourglass"},{"floor":24.0,"key":"Bird Faced Urn"},{"floor":41.0,"key":"Ancient Tea Set"},{"floor":43.0,"key":"Anchor"},{"floor":48.0,"key":"Smiling Mask"},{"floor":54,"key":"Vajra"}],"event_choices":[{"damage_healed":0.0,"max_hp_gain":0.0,"max_hp_loss":0.0,"gold_gain":0.0,"event_name":"Golden Idol","player_choice":"Take Damage","floor":4.0,"gold_loss":0.0,"damage_taken":20.0,"relics_obtained":["Golden Idol"]},{"damage_healed":0.0,"max_hp_gain":0.0,"max_hp_loss":0.0,"gold_gain":0.0,"cards_transformed":["Strike_R"],"event_name":"Transmorgrifier","player_choice":"Transformed","floor":12.0,"gold_loss":0.0,"damage_taken":0.0,"cards_obtained":["Cleave"]},{"damage_healed":0.0,"max_hp_gain":0.0,"max_hp_loss":0.0,"gold_gain":0.0,"event_name":"Back to Basics","player_choice":"Simplicity","floor":19.0,"gold_loss":0.0,"damage_taken":0.0,"cards_upgraded":["Strike_R","Strike_R","Strike_R","Strike_R","Defend_R","Defend_R","Defend_R","Defend_R"]},{"damage_healed":0.0,"max_hp_gain":0.0,"max_hp_loss":0.0,"gold_gain":0.0,"event_name":"The Mausoleum","player_choice":"Opened","floor":27.0,"gold_loss":0.0,"damage_taken":0.0,"relics_obtained":["Darkstone Periapt"]},{"damage_healed":0.0,"max_hp_gain":0.0,"max_hp_loss":0.0,"gold_gain":0.0,"event_name":"WeMeetAgain","player_choice":"Gave Potion","floor":29.0,"gold_loss":0.0,"damage_taken":0.0,"relics_obtained":["Ornamental Fan"]},{"cards_removed":["Shrug It Off"],"damage_healed":0.0,"max_hp_gain":0.0,"max_hp_loss":0.0,"gold_gain":0.0,"event_name":"Falling","player_choice":"Removed Skill","floor":39.0,"gold_loss":0.0,"damage_taken":0.0},{"damage_healed":0.0,"max_hp_gain":0.0,"max_hp_loss":0.0,"gold_gain":0.0,"event_name":"NoteForYourself","player_choice":"Ignored","floor":45.0,"gold_loss":0.0,"damage_taken":0.0}],"is_beta":false,"boss_relics":[{"not_picked":["Calling Bell","Runic Cube"],"picked":"Mark of Pain"},{"not_picked":["Coffee Dripper","Astrolabe"],"picked":"Cursed Key"}],"items_purged_floors":[22,30,36],"is_endless":false,"potions_floor_spawned":[2,5,8,13,21,25,41,46],"killed_by":"The Heart","ascension_level":0}}