{"host":"8e3sp1tozjyrh64l","time":1614407168,"event":{"mods":["Act Like it!","BaseMod","Better Altar","Better Match","Better Note","Better Sensory Stone","Better Silent Start","Better Skull","Better Third Choice","BetterRewards","Conspire","Curses Come First","Defuse TimeMaze Blight","Infinite Spire","Minty Spire (QoL Compilation)","Permanent Neow","Rare Cards Sparkle","Relic Sorter","Reliquary","Replay The Spire","Shop Mod","Spicy Shops","StSLib","SuperFastMode","The Jungle","Wandering Minibosses"],"gold_per_floor":[112,112,123,137,137,167,167,196,268,334,334,346,374,401,401,499,499,512,118,157,215,215,215,215,215,215,241,278,339,373,415,489,624,624,661,586,624,674,723,723,779,779,804,869,928,928,928,928,991,1016,1016,1129,1229,1229,1229],"floor_reached":54,"language":"ENG","playtime":2051,"items_purged":["conspire:GhostlyDefend"],"score":953,"play_id":"d634f192-9a0c-499b-be25-8e361eb21890","local_time":"20210226232608","is_ascension_mode":true,"campfire_choices":[{"data":"Masterful Stab","floor":7,"key":"SMITH"},{"data":"Phantasmal Killer","floor":15,"key":"SMITH"},{"data":"All Out Attack","floor":23,"key":"SMITH"},{"data":"Neutralize","floor":25,"key":"SMITH"},{"data":"infinitespire:Neurotoxin","floor":40,"key":"SMITH"},{"data":"infinitespire:FutureSight","floor":42,"key":"SMITH"},{"data":"ReplayTheSpireMod:Faulty Equipment","floor":48,"key":"SMITH"},{"data":"Draining Mist","floor":51,"key":"SMITH"}],"circlet_count":0,"master_deck":["conspire:GhostlyStrike","conspire:GhostlyStrike","conspire:GhostlyStrike","conspire:GhostlyStrike","conspire:GhostlyDefend","conspire:GhostlyDefend","conspire:GhostlyDefend","Survivor","Neutralize+1","Cloak And Dagger","Masterful Stab+1","Cloak And Dagger","Backstab","All Out Attack+1","Phantasmal Killer+1","Die Die Die","Flying Knee+1","Infinite Blades+1","infinitespire:Neurotoxin+1","Crippling Poison","infinitespire:FutureSight+1","ReplayTheSpireMod:From All Sides","Malaise","Finesse+1","Terror+1","Draining Mist+1","Delirium","ReplayTheSpireMod:Faulty Equipment"],"relics":["Ring of the Serpent","reliquary:Spinner","Ice Cream","ReplayFunnel","Letter Opener","reliquary:PartyBalloon","Replay:Bandana","reliquary:JackalopeAntler","conspire:SpecialSausage","Replay:Rubber Ducky","Prayer Wheel","Blue Doll","Omamori","Painkiller Herb","Ring of Greed","Replay:Wax Seal","Membership Card","Ring of Panic","reliquary:TatteredRug","reliquary:Knoch","Tingsha","Orichalcum","Replay:Wanted Poster"],"acts_visited":["Exordium","TheCity","TheBeyond","Exordium"],"potions_floor_usage":[8,21,28,29,39,41,49,52],"damage_taken":[{"damage":0,"enemies":"Cultist","floor":1,"turns":5},{"damage":0,"enemies":"Jaw Worm","floor":3,"turns":5},{"damage":0,"enemies":"2 Louse","floor":4,"turns":2},{"damage":0,"enemies":"Lagavulin","floor":6,"turns":10},{"damage":6,"enemies":"3 Sentries","floor":8,"turns":10},{"damage":0,"enemies":"Large Slime","floor":12,"turns":5},{"damage":0,"enemies":"Lagavulin","floor":13,"turns":7},{"damage":55,"enemies":"Hexaghost","floor":16,"turns":17},{"damage":2,"enemies":"2 Thieves","floor":18,"turns":3},{"damage":0,"enemies":"Chosen","floor":20,"turns":3},{"damage":1,"enemies":"3 Cultists","floor":21,"turns":3},{"damage":8,"enemies":"Shelled Parasite and Fungi","floor":27,"turns":2},{"damage":4,"enemies":"Snake Plant","floor":28,"turns":3},{"damage":0,"enemies":"Slavers","floor":29,"turns":4},{"damage":0,"enemies":"Centurion and Healer","floor":30,"turns":3},{"damage":0,"enemies":"Nightmare","floor":31,"turns":6},{"damage":25,"enemies":"Champ","floor":33,"turns":7},{"damage":10,"enemies":"3 Darklings","floor":35,"turns":3},{"damage":0,"enemies":"Orb Walker","floor":37,"turns":3},{"damage":15,"enemies":"Spire Growth","floor":39,"turns":4},{"damage":6,"enemies":"Reptomancer","floor":41,"turns":5},{"damage":2,"enemies":"Nightmare","floor":44,"turns":6},{"damage":0,"enemies":"Transient","floor":45,"turns":5},{"damage":5,"enemies":"Nemesis","floor":49,"turns":7},{"damage":0,"enemies":"Maw","floor":50,"turns":5},{"damage":11,"enemies":"conspire:OrnateMirror","floor":52,"turns":10},{"damage":0,"enemies":"2 Louse","floor":54,"turns":1}],"seed_played":"-2268894541411939539","potions_obtained":[{"floor":1,"key":"SpeedPotion"},{"floor":6,"key":"SpeedPotion"},{"floor":13,"key":"Fire Potion"},{"floor":20,"key":"AttackPotion"},{"floor":21,"key":"PowerPotion"},{"floor":27,"key":"Block Potion"},{"floor":28,"key":"AttackPotion"},{"floor":37,"key":"BlessingOfTheForge"},{"floor":39,"key":"Weak Potion"},{"floor":44,"key":"Swift Potion"},{"floor":45,"key":"PowerPotion"},{"floor":49,"key":"ColorlessPotion"}],"is_trial":false,"path_per_floor":["M","?","M","M","?","E","R","E","T","?","?","M","E","T","R","B",null,"M","$","M","M","AVR","R","?","R","T","M","M","E","M","NM","R","B",null,"?","?","?","?","?","T","E","T","T","NM","?","PTL","PTL","T","E","?","T","B",null,"?"],"character_chosen":"THE_SILENT","items_purchased":["Replay:Bandana","reliquary:JackalopeAntler"],"campfire_rested":0,"item_purchase_floors":[19,19],"current_hp_per_floor":[70,70,70,70,70,70,70,64,64,64,64,64,64,64,64,9,70,68,68,68,67,67,67,67,67,67,59,55,55,55,55,55,30,70,60,60,60,60,45,45,39,39,39,37,37,37,37,37,32,32,32,21,70,70,70],"gold":1229,"neow_bonus":"RANDOM_COMMON_RELIC","is_daily":false,"chose_seed":false,"campfire_upgraded":8,"win_rate":0.0,"timestamp":1614407168,"path_taken":["M","?","M","M","?","E","R","E","T","?","?","M","E","?","R","BOSS","M","$","M","M","AVR","R","?","R","T","M","M","E","M","NM","R","BOSS","?","?","?","?","?","T","E","T","T","NM","?","PTL","PTL","T","E","?","T","BOSS","?"],"items_purchased_type":["Relic","Relic"],"build_version":"2020-12-22","purchased_purges":1,"victory":false,"max_hp_per_floor":[70,70,70,70,70,70,70,70,70,70,70,70,70,70,70,70,70,70,70,70,70,70,70,70,70,70,70,70,70,70,70,70,70,70,70,70,70,70,70,70,70,70,70,70,70,70,70,70,70,70,70,70,70,70,70],"card_choices":[{"not_picked":["Endless Agony","Underhanded Strike"],"picked":"Cloak And Dagger","floor":1},{"not_picked":["Poisoned Stab","Flying Knee"],"picked":"Masterful Stab","floor":3},{"not_picked":["Dodge and Roll","conspire:DoublingDagger","Predator"],"picked":"SKIP","floor":4},{"not_picked":["Backflip","Distraction"],"picked":"Cloak And Dagger","floor":6},{"not_picked":["Dodge and Roll","Toxin Wave"],"picked":"Backstab","floor":8},{"not_picked":["Dash","Skewer"],"picked":"All Out Attack","floor":12},{"not_picked":["Crippling Poison","Underhanded Strike"],"picked":"Phantasmal Killer","floor":13},{"not_picked":["Night Terror","Unload"],"picked":"Die Die Die","floor":16},{"not_picked":["conspire:DoublingDagger","Sneak Up+1"],"picked":"Flying Knee+1","floor":18},{"not_picked":["Deadly Poison","PiercingWail","ReplayTheSpireMod:Tripwire"],"picked":"SKIP","floor":20},{"not_picked":["Heel Hook","Sucker Punch+1","Poisoned Stab+1"],"picked":"SKIP","floor":21},{"not_picked":["Backflip+1","conspire:DoublingDagger+1"],"picked":"infinitespire:Neurotoxin","floor":27},{"not_picked":["Bane","Sneak Up+1","Backflip"],"picked":"SKIP","floor":27},{"not_picked":["Outmaneuver","Underhanded Strike"],"picked":"Crippling Poison","floor":28},{"not_picked":["Calculated Gamble","Acrobatics","PiercingWail"],"picked":"SKIP","floor":28},{"not_picked":["Sneak Up","Deadly Poison","Cloak And Dagger"],"picked":"SKIP","floor":29},{"not_picked":["Blade Dance","conspire:PoisonWeapons","Dagger Spray"],"picked":"SKIP","floor":30},{"not_picked":["Replay:Poison Smokescreen","Flying Knee","Hidden Blade"],"picked":"SKIP","floor":30},{"not_picked":["infinitespire:Punishment","infinitespire:DeathsTouch"],"picked":"infinitespire:FutureSight","floor":31},{"not_picked":["Prepared+1","conspire:PoisonWeapons"],"picked":"ReplayTheSpireMod:From All Sides","floor":31},{"not_picked":["Storm of Steel","Atom Bomb"],"picked":"Malaise","floor":33},{"not_picked":["conspire:PoisonWeapons","Setup+1","Underhanded Strike"],"picked":"SKIP","floor":35},{"not_picked":["Blade Dance+1","Backflip","Slice+1"],"picked":"SKIP","floor":35},{"not_picked":["Purity+1","Mind Blast+1"],"picked":"Finesse+1","floor":36},{"not_picked":["Prepared","Hidden Blade","Deadly Poison"],"picked":"SKIP","floor":37},{"not_picked":["Well Laid Plans","Dagger Spray+1","Underhanded Strike"],"picked":"SKIP","floor":37},{"not_picked":["Outmaneuver+1","Bane+1","Quick Slash"],"picked":"SKIP","floor":39},{"not_picked":["Dodge and Roll+1","Bane","Bouncing Flask+1"],"picked":"SKIP","floor":39},{"not_picked":["Riddle With Holes","Poison Darts","Prepared+1"],"picked":"SKIP","floor":41},{"not_picked":["ReplayTheSpireMod:Exploit Weakness+1","ReplayTheSpireMod:Speed Training+1","Bane"],"picked":"SKIP","floor":44},{"not_picked":["Flying Knee","Blade Dance+1","ReplayTheSpireMod:Exploit Weakness"],"picked":"SKIP","floor":45},{"not_picked":["Dash","Infinite Blades","Outmaneuver"],"picked":"SKIP","floor":45},{"not_picked":["ReplayTheSpireMod:Scrap Shanks","Acrobatics"],"picked":"Terror+1","floor":49},{"not_picked":["Blade Dance+1","Unload"],"picked":"Draining Mist","floor":50},{"not_picked":["Endless Agony","PiercingWail","Deflect"],"picked":"SKIP","floor":50}],"player_experience":946999,"relics_obtained":[{"floor":6,"key":"Ice Cream"},{"floor":8,"key":"ReplayFunnel"},{"floor":13,"key":"Letter Opener"},{"floor":14,"key":"reliquary:PartyBalloon"},{"floor":26,"key":"Prayer Wheel"},{"floor":29,"key":"Blue Doll"},{"floor":31,"key":"Omamori"},{"floor":38,"key":"Ring of Greed"},{"floor":38,"key":"Replay:Wax Seal"},{"floor":38,"key":"Membership Card"},{"floor":38,"key":"Ring of Panic"},{"floor":41,"key":"reliquary:TatteredRug"},{"floor":43,"key":"reliquary:Knoch"},{"floor":44,"key":"Tingsha"},{"floor":49,"key":"Orichalcum"}],"event_choices":[{"damage_healed":0,"gold_gain":0,"player_choice":"Agree","damage_taken":0,"max_hp_gain":0,"max_hp_loss":0,"event_name":"conspire:LoneGhost","floor":2,"gold_loss":0},{"damage_healed":0,"gold_gain":0,"player_choice":"Leave","damage_taken":0,"max_hp_gain":0,"max_hp_loss":0,"event_name":"conspire:Investor","floor":5,"gold_loss":0},{"damage_healed":0,"gold_gain":66,"player_choice":"Gained Gold","damage_taken":0,"max_hp_gain":0,"max_hp_loss":0,"event_name":"Golden Wing","floor":10,"gold_loss":0},{"cards_removed":["Phantasmal Killer"],"damage_healed":0,"gold_gain":0,"player_choice":"Take \u0026 Give","damage_taken":0,"max_hp_gain":0,"max_hp_loss":0,"event_name":"betterNote:BetterNote","floor":24,"gold_loss":0,"cards_obtained":["Infinite Blades"]},{"damage_healed":0,"gold_gain":0,"player_choice":"2","damage_taken":0,"max_hp_gain":0,"max_hp_loss":0,"event_name":"betterMatch:BetterMatch","floor":36,"gold_loss":0,"cards_obtained":["betterMatch:ColorlessUncommonCard"]}],"is_beta":false,"boss_relics":[{"not_picked":["reliquary:Ember","Replay:Ancient Bell"],"picked":"Ring of the Serpent"},{"not_picked":["reliquary:Craggleroot","Snecko Eye"],"picked":"Painkiller Herb"},{"not_picked":["Abe\u0027s Treasure","Replay:Bronze Core"],"picked":"Replay:Wanted Poster"}],"items_purged_floors":[22],"is_endless":true,"potions_floor_spawned":[1,6,13,20,21,27,28,37,39,44,45,49],"killed_by":"2 Louse","ascension_level":1}}