{"host":"4ftwfwncs88tvnc0","time":1614407491,"event":{"mods":["AchievementEnabler","Aspiration","BaseMod","Beaked The Cultist","Bestiary","Better Altar","Better Match","Better Note","Better Sensory Stone","Better Skull","Better Third Choice","Colored Map","Conspire","Downfall","GifTheSpireLib","Halation","Hubris","Infinite Spire","Mad Scientist","Mimic Mod","Minty Spire (QoL Compilation)","Replay The Spire","Shade Mod","Shop Mod","Spicy Shops","StSLib","Stuff the Spire","The Construct","The Cursed","The Disciple","The Necromancer","The Servant 0.9.4"],"gold_per_floor":[110,126,141,141,141,167,167,183,183,12,37,37,54,54,54,54,54],"floor_reached":16,"language":"ENG","playtime":589,"items_purged":[],"score":110,"play_id":"d5e5bb9c-b7c8-41d7-8b14-b078bbed6697","local_time":"20210227063131","is_ascension_mode":false,"campfire_choices":[{"data":"Summon_Undead","floor":7,"key":"SMITH"},{"data":"Specialist","floor":12,"key":"SMITH"},{"floor":15,"key":"REST"}],"circlet_count":0,"master_deck":["Strike_W","Strike_W","Strike_W","Strike_W","Defend_W","Defend_W","Defend_W","Defend_W","Negative_Energy_Arrows","Bone_Wall","Summon_Undead+1","hubris:NaturalOne","Specialist+1"],"relics":["Vampire_Amulet","hubris:Towel","hubris:Icosahedron","Durian","halation:TwoAmDonut","halation:KoshaPiece","Replay:Wax Seal","Golden Idol"],"acts_visited":["Exordium"],"potions_floor_usage":[11],"damage_taken":[{"damage":2,"enemies":"Small Slimes","floor":1,"turns":4},{"damage":2,"enemies":"2 Louse","floor":2,"turns":3},{"damage":1,"enemies":"Jaw Worm","floor":3,"turns":4},{"damage":32,"enemies":"Gremlin Nob","floor":6,"turns":5},{"damage":18,"enemies":"3 Louse","floor":8,"turns":5},{"damage":12,"enemies":"Lagavulin","floor":11,"turns":7},{"damage":9,"enemies":"Exordium Thugs","floor":13,"turns":5},{"damage":64,"enemies":"The Guardian","floor":16,"turns":12}],"seed_played":"-1555947035760647222","potions_obtained":[{"floor":3,"key":"Energy Potion"},{"floor":11,"key":"sneckomod:MuddlingPotion"}],"is_trial":false,"path_per_floor":["M","M","M","?","?","E","R","M","T","$","E","R","M","?","R","B"],"character_chosen":"NECROMANCER","items_purchased":["Specialist","halation:KoshaPiece"],"campfire_rested":1,"item_purchase_floors":[10,10],"current_hp_per_floor":[82,82,82,82,82,57,57,54,54,54,44,44,39,39,63,0,0],"gold":54,"neow_bonus":"TEN_PERCENT_HP_BONUS","is_daily":false,"chose_seed":false,"campfire_upgraded":2,"win_rate":0.0,"timestamp":1614407491,"path_taken":["M","M","M","?","?","E","R","M","T","$","E","R","M","?","R","BOSS"],"items_purchased_type":["Card","Relic"],"build_version":"2020-12-22","purchased_purges":0,"victory":false,"max_hp_per_floor":[82,82,82,82,82,87,87,87,87,87,87,87,87,81,81,81,81],"card_choices":[{"not_picked":["Life_Drain","Bone_Shift","Blood_Whip"],"picked":"SKIP","floor":1},{"not_picked":["Flesh_Made_Foul","Blood_Is_Power","Negative_Energy_Javelin"],"picked":"SKIP","floor":2},{"not_picked":["Bone_Bullets","Slay_Living","Negative_Energy_Shield"],"picked":"SKIP","floor":3},{"not_picked":["Deaths_Shadow","Hellfire"],"picked":"Summon_Undead","floor":6},{"not_picked":["Siphon_Strength","Flesh_Made_Foul","Death_Knell"],"picked":"SKIP","floor":8},{"not_picked":["Whirlwind_of_Bones","Bone_Armor","Bone_Spikes"],"picked":"SKIP","floor":11},{"not_picked":["Necrotic_Claws","Finger_Of_Death","Bones_to_Steel"],"picked":"SKIP","floor":13}],"player_experience":135534,"relics_obtained":[{"floor":6,"key":"Durian"},{"floor":9,"key":"halation:TwoAmDonut"},{"floor":11,"key":"Replay:Wax Seal"}],"event_choices":[{"damage_healed":0,"gold_gain":0,"player_choice":"Lose Max HP","damage_taken":0,"relics_obtained":["Golden Idol"],"max_hp_gain":0,"max_hp_loss":6,"event_name":"Golden Idol","floor":14,"gold_loss":0}],"is_beta":false,"boss_relics":[],"items_purged_floors":[],"is_endless":false,"potions_floor_spawned":[3,11],"killed_by":"The Guardian","ascension_level":0}}