{"host":"4jpe1m3cviuzvkch","time":1614399866,"event":{"mods":["BaseMod","Decade(王小明)","Marisa（F雨　魔理沙）","Minty Spire (QoL Compilation)","Remilia（蕾米莉亚）","StSLib","The Servant 0.9.4","Youmu（魂魄妖梦）"],"gold_per_floor":[116,116,291,303,303,334,350,381,381,393,412,412,4,20,20,125,125,141,141,141,152,168,196,206,240,294,294],"floor_reached":26,"language":"ZHS","playtime":2172,"items_purged":["MirrorWorld"],"score":404,"play_id":"7b2947d2-0cab-419c-ad72-91cc6517eddf","local_time":"20210227122426","is_ascension_mode":true,"campfire_choices":[{"floor":12,"key":"RECALL"},{"data":"KamenRide","floor":15,"key":"SMITH"}],"circlet_count":0,"master_deck":["Decade_Attack+1","Decade_Attack","Decade_Attack+1","KamenRide+1","Decade_SpecialSkill","Decade_Defend","Decade_Defend","Decade_Defend","Decade_Defend","UnarmedAttack5","Dragreder","Blade_Metal+1","Blade_Metal+1","Decade_Dash1+1","FormRideTitan+1","PrometheusPower+1","FormRideFlame+9","DecadeViolentEmotion+1","RideBooker_Skill_1+1","FormRideStorm+5","Blade_Beat+1"],"relics":["Decadriver","TOEIDeficitBill","NeowsBlessing","Toxic Egg 2","Bird Faced Urn","Frozen Egg 2","Runic Dome","Letter Opener","Eternal Feather","Whetstone"],"acts_visited":["Exordium","TheCity"],"potions_floor_usage":[11],"damage_taken":[{"damage":0,"enemies":"Jaw Worm","floor":1,"turns":1},{"damage":0,"enemies":"Small Slimes","floor":4,"turns":1},{"damage":0,"enemies":"3 Sentries","floor":6,"turns":1},{"damage":0,"enemies":"Cultist","floor":7,"turns":2},{"damage":0,"enemies":"Lagavulin","floor":8,"turns":3},{"damage":6,"enemies":"Large Slime","floor":10,"turns":3},{"damage":0,"enemies":"3 Louse","floor":11,"turns":2},{"damage":0,"enemies":"Looter","floor":14,"turns":2},{"damage":0,"enemies":"Slime Boss","floor":16,"turns":7},{"damage":8,"enemies":"Spheric Guardian","floor":18,"turns":4},{"damage":10,"enemies":"2 Thieves","floor":21,"turns":4},{"damage":12,"enemies":"Shelled Parasite and Fungi","floor":22,"turns":3},{"damage":8,"enemies":"Book of Stabbing","floor":23,"turns":3},{"damage":9,"enemies":"Sentry and Sphere","floor":24,"turns":4},{"damage":0,"enemies":"Gremlin Leader","floor":25,"turns":5}],"seed_played":"892739757153739838","potions_obtained":[{"floor":4,"key":"LiquidMemories"},{"floor":7,"key":"Energy Potion"},{"floor":8,"key":"Explosive Potion"},{"floor":11,"key":"LiquidMemories"}],"is_trial":false,"path_per_floor":["M","?","?","M","?","E","M","E","T","M","M","R","$","M","R","B",null,"M","?","?","M","M","E","M","E","T"],"character_chosen":"Decade","items_purchased":["Frozen Egg 2","FormRidePegasus+1","UnarmedAttack1"],"campfire_rested":0,"item_purchase_floors":[13,13,13],"current_hp_per_floor":[70,63,63,63,63,63,59,52,52,57,59,59,59,63,63,67,70,70,57,57,58,46,44,39,55,55,55],"gold":294,"neow_bonus":"THREE_ENEMY_KILL","is_daily":false,"chose_seed":false,"campfire_upgraded":1,"win_rate":0.0,"timestamp":1614399866,"path_taken":["M","?","?","M","?","E","M","E","T","M","?","R","$","M","R","BOSS","M","?","?","M","M","E","M","E","T"],"items_purchased_type":["Relic","Card","Card"],"build_version":"2020-12-22","purchased_purges":1,"victory":false,"max_hp_per_floor":[70,70,70,70,70,70,70,70,70,70,70,70,70,70,70,70,70,70,75,75,75,75,75,75,75,75,75],"card_choices":[{"not_picked":["FormRideGaruru","Hibiki_Attack1"],"picked":"UnarmedAttack5","floor":1},{"not_picked":["Decade_Dash2","UnarmedAttack6"],"picked":"Dragreder","floor":4},{"not_picked":["AttackRide","UnarmedAttack8"],"picked":"MirrorWorld","floor":4},{"not_picked":["Kiva_Swallow","DenO_Gun+1"],"picked":"Blade_Metal+1","floor":6},{"not_picked":["FormRideTitan+1","KamenRideAgito"],"picked":"Blade_Metal+1","floor":8},{"not_picked":["KamenRideRyuki","Decade_Illusion+1"],"picked":"Decade_Dash1+1","floor":10},{"not_picked":["Decade_Invisible+1","FormRideDogga+1"],"picked":"FormRideTitan+1","floor":10},{"not_picked":["FormRidePegasus+1","UnarmedAttack1"],"picked":"PrometheusPower+1","floor":11},{"not_picked":["DenO_Sword+1","UnarmedAttack3"],"picked":"FormRideFlame+1","floor":11},{"not_picked":["Kabuto_ClockUp+1","Kiva_Eat+1"],"picked":"DecadeViolentEmotion+1","floor":16},{"not_picked":["Decade_Defend2+1","DenO_Gun+1"],"picked":"RideBooker_Skill_1+1","floor":18},{"not_picked":["UnarmedAttack7","DenO_Sword+1"],"picked":"FormRideStorm+1","floor":21},{"not_picked":["UnarmedAttack3","FormRideDragon+1"],"picked":"Blade_Beat+1","floor":22}],"player_experience":342379,"relics_obtained":[{"floor":6,"key":"Toxic Egg 2"},{"floor":8,"key":"Bird Faced Urn"},{"floor":23,"key":"Letter Opener"},{"floor":25,"key":"Eternal Feather"},{"floor":26,"key":"Whetstone"}],"event_choices":[{"cards_removed":["Decade_Attack"],"damage_healed":0,"gold_gain":0,"player_choice":"Card Removal","damage_taken":7,"max_hp_gain":0,"max_hp_loss":0,"event_name":"Golden Wing","floor":2,"gold_loss":0},{"damage_healed":0,"gold_gain":175,"player_choice":"AGREE","damage_taken":0,"max_hp_gain":0,"max_hp_loss":0,"event_name":"Liars Game","floor":3,"gold_loss":0,"cards_obtained":["Doubt"]},{"cards_removed":["Doubt"],"damage_healed":0,"gold_gain":0,"player_choice":"Card Removal","damage_taken":0,"max_hp_gain":0,"max_hp_loss":0,"event_name":"Wheel of Change","floor":5,"gold_loss":0},{"damage_healed":0,"gold_gain":0,"player_choice":"Shed Blood","damage_taken":18,"max_hp_gain":5,"max_hp_loss":0,"event_name":"Forgotten Altar","floor":19,"gold_loss":0},{"damage_healed":0,"gold_gain":0,"player_choice":"Ignored","damage_taken":0,"max_hp_gain":0,"max_hp_loss":0,"event_name":"Ghosts","floor":20,"gold_loss":0}],"is_beta":false,"boss_relics":[{"not_picked":["SacredBark","Snecko Eye"],"picked":"Runic Dome"}],"items_purged_floors":[13],"is_endless":false,"potions_floor_spawned":[4,7,8,11,21,22,24],"ascension_level":1}}