{"host":"17xjy7b7ubl548g2","time":1614392084,"event":{"mods":["2.2 Compatiblity","Act Like it!","Aspiration","Astrologer","Bard","BaseMod","Challenge The Spire","ChefMod","Colored Map","Colored Powertips","Conspire","Elementarium","Energized Spire","Friendly Minions","Gensokyo","GifTheSpireLib","Halation","Hallownest","Hermit","Hubris","Infinite Spire","Jedi Mod","Jorbs\u0027s Wanderer Trilogy","Marisa（霧雨　魔理沙）","Marked Mod","Menagerie","Minty Spire (QoL Compilation)","Permanent Neow","Reliquary","Replay The Spire","Robot Space Explorer","Ruina","Shapeshifter Mod","Spicy Shops","Spire Arcade","StSLib","Stuff the Spire","The Blue Laboratory","The Bug Knight","The Construct","The Disciple","The Hayseed","The Hierophant","The Marked","The Mystic","The Runesmith","The Sage","TheFirefly"],"gold_per_floor":[112,112,57,57,25,25,50,50,131,159,171,171,181,193,193,293,293,305,166,177,177,2,34,34,59,59,73,73,73,88,123,123,240,240,272,65,112,112,138,138,188,216,216,244,244,293,98,145,145,192],"floor_reached":51,"language":"ENG","playtime":6821,"items_purged":["mysticmod:Strike_Mystic","mysticmod:Strike_Mystic","mysticmod:Strike_Mystic"],"score":828,"play_id":"be3d0a4f-9240-4e92-b503-c7be317620ba","local_time":"20210226211444","is_ascension_mode":true,"campfire_choices":[{"data":"Blind","floor":6,"key":"SMITH"},{"data":"mysticmod:ArcaneAccuracy","floor":8,"key":"SMITH"},{"data":"mysticmod:Riposte","floor":12,"key":"SMITH"},{"data":"mysticmod:Disengage","floor":15,"key":"SMITH"},{"data":"mysticmod:Disintegrate","floor":24,"key":"SMITH"},{"data":"mysticmod:MightyMagic","floor":28,"key":"SMITH"},{"data":"mysticmod:MagicWeapon","floor":32,"key":"SMITH"},{"data":"mysticmod:SuddenClarity","floor":40,"key":"SMITH"},{"floor":49,"key":"REST"}],"circlet_count":0,"master_deck":["mysticmod:Strike_Mystic","mysticmod:Defend_Mystic","mysticmod:Defend_Mystic","mysticmod:Defend_Mystic","mysticmod:Defend_Mystic","Blind+1","mysticmod:ArcaneAccuracy+1","mysticmod:CorrosiveTouch","mysticmod:CorrosiveTouch","mysticmod:PunishingArmor","mysticmod:ArcaneDodge","mysticmod:PowerSlash","mysticmod:Riposte+1","mysticmod:Snowball","mysticmod:Disengage+1","mysticmod:Disintegrate+1","Sickly","mysticmod:SpellRecall","infinitespire:Menacing+1","mysticmod:Alacrity+1","mysticmod:BladedDash+1","mysticmod:LightningBolt","mysticmod:SuddenClarity+1","mysticmod:MightyMagic+1","mysticmod:Stoneskin","mysticmod:MagicWeapon+1","mysticmod:Spellstrike","mysticmod:Daze+1","mysticmod:Sideswipe+1","mysticmod:PunishingArmor","mysticmod:TomeOfSpells","mysticmod:PowerAttack+1","mysticmod:DiviningBlow","mysticmod:PureInstinct+1","mysticmod:KeenEdge+1","mysticmod:Feint","mysticmod:SummonFamiliar+1"],"relics":["mysticmod:SpellBook","Happy Flower","halation:PinkSoulGem","StuffTheSpire:Mouthbags","Pear","hubris:MysteriousPyramids","ReplayTheSpireMod:SealedPack","StuffTheSpire:Expresso","Gensokyo:Companionship","jedi:firstaidkit","Shuriken","Replay:Bandana","energizedSpire:RedRose","Ancient Tea Set","hubris:Towel","aspiration:FrozenJewel","StuffTheSpire:Experiment12","halation:EternalFortune","Runesmith:AutoHammer","halation:IllGainedPizza"],"acts_visited":["Exordium","Gensokyo:Gensokyo","Gensokyo:Gensokyoer"],"potions_floor_usage":[16,23,31,33,37,41,46,50,50,50],"damage_taken":[{"damage":0,"enemies":"Gensokyo:2_Kodama","floor":1,"turns":5},{"damage":12,"enemies":"Gensokyo:Mamizou","floor":7,"turns":10},{"damage":4,"enemies":"Gensokyo:Aya","floor":10,"turns":8},{"damage":3,"enemies":"Gensokyo:Gryphon","floor":11,"turns":3},{"damage":0,"enemies":"Gensokyo:3_Fairies","floor":13,"turns":3},{"damage":6,"enemies":"Gensokyo:Python_and_Kodama","floor":14,"turns":4},{"damage":19,"enemies":"Gensokyo:Reimu","floor":16,"turns":11},{"damage":14,"enemies":"Gensokyo:3_Dogs","floor":18,"turns":5},{"damage":8,"enemies":"Gensokyo:CosmicMonolith","floor":20,"turns":5},{"damage":9,"enemies":"Gensokyo:Koishi","floor":23,"turns":8},{"damage":9,"enemies":"Gensokyo:Tenshi","floor":25,"turns":6},{"damage":5,"enemies":"Gensokyo:Slime_Group","floor":27,"turns":3},{"damage":0,"enemies":"Gensokyo:Wraith","floor":30,"turns":4},{"damage":9,"enemies":"Nightmare","floor":31,"turns":9},{"damage":50,"enemies":"Gensokyo:Eiki","floor":33,"turns":10},{"damage":9,"enemies":"Gensokyo:3_Boulders","floor":35,"turns":6},{"damage":6,"enemies":"conspire:MimicChest","floor":37,"turns":7},{"damage":2,"enemies":"Gensokyo:3_Bats","floor":39,"turns":5},{"damage":56,"enemies":"Gensokyo:Marisa","floor":41,"turns":7},{"damage":15,"enemies":"Gensokyo:SeedOfUnknown","floor":42,"turns":6},{"damage":5,"enemies":"Gensokyo:Sharpion","floor":44,"turns":4},{"damage":7,"enemies":"Gensokyo:Kasen","floor":46,"turns":8},{"damage":3,"enemies":"Gensokyo:4_Bats","floor":48,"turns":5},{"damage":0,"enemies":"Gensokyo:Yuyuko","floor":50,"turns":11}],"seed_played":"-6552420737957096938","potions_obtained":[{"floor":10,"key":"blueLaboratory:TrueEctoplasm"},{"floor":11,"key":"SkillPotion"},{"floor":13,"key":"blueLaboratory:ImpenetrablePotion"},{"floor":14,"key":"blueLaboratory:FruitPreserves"},{"floor":20,"key":"ColorlessPotion"},{"floor":27,"key":"BlessingOfTheForge"},{"floor":37,"key":"Strength Potion"},{"floor":39,"key":"jedi:mysterypotion"},{"floor":46,"key":"Weak Potion"}],"is_trial":false,"path_per_floor":["M","?","$","?","COS","R","E","R","T","E","M","R","M","M","R","B",null,"M","COS","M","?","$","E","R","E","T","M","R","?","M","NM","R","B",null,"M","$","?","?","M","R","E","M","T","M","?","E","$","M","R","B",null],"character_chosen":"MYSTIC_CLASS","items_purchased":["mysticmod:CorrosiveTouch","mysticmod:Sideswipe+1","PowerPotion","halation:IllGainedPizza","mysticmod:Feint","SpeedPotion"],"campfire_rested":1,"item_purchase_floors":[3,36,36,47,47,47],"current_hp_per_floor":[77,77,77,77,77,77,65,65,75,71,68,68,68,62,62,43,87,73,73,65,65,65,56,56,47,47,44,44,44,44,41,41,21,87,81,81,75,75,75,75,52,39,39,34,37,33,33,32,59,59],"gold":192,"neow_bonus":"RANDOM_COLORLESS","is_daily":false,"chose_seed":false,"campfire_upgraded":8,"win_rate":0.0,"timestamp":1614392084,"path_taken":["M","?","$","?","COS","R","E","R","T","E","M","R","M","M","R","BOSS","M","COS","M","?","?","E","R","E","T","M","R","?","M","NM","R","BOSS","M","$","?","?","?","R","E","?","T","M","?","E","?","M","R","BOSS"],"items_purchased_type":["Card","Card","Potion","Relic","Card","Potion"],"build_version":"2020-12-22","purchased_purges":3,"victory":true,"max_hp_per_floor":[77,77,77,77,77,77,77,77,87,87,87,87,87,87,87,87,87,87,87,87,87,87,87,87,87,87,87,87,87,87,87,87,87,87,87,87,87,87,87,87,87,87,87,87,90,90,90,90,90,90],"card_choices":[{"not_picked":["Good Instincts","Replay:BasicMightCard"],"picked":"Blind","floor":0},{"not_picked":["mysticmod:BulkUp","mysticmod:Sideswipe"],"picked":"mysticmod:ArcaneAccuracy","floor":1},{"not_picked":["mysticmod:EbbAndFlow","mysticmod:CorrosiveTouch"],"picked":"mysticmod:PunishingArmor","floor":7},{"not_picked":["mysticmod:Disengage","mysticmod:Snowball"],"picked":"mysticmod:PowerSlash","floor":10},{"not_picked":["mysticmod:EnergizedRift","mysticmod:TomeOfSpells"],"picked":"mysticmod:Riposte","floor":11},{"not_picked":["mysticmod:PunishingArmor","mysticmod:EnergizedRift"],"picked":"mysticmod:Snowball","floor":13},{"not_picked":["mysticmod:Snowball","mysticmod:Grapple"],"picked":"mysticmod:Disengage","floor":14},{"not_picked":["mysticmod:Momentum","mysticmod:MysticalShield"],"picked":"mysticmod:Disintegrate","floor":16},{"not_picked":["mysticmod:Natural20","mysticmod:SpontaneousCaster"],"picked":"mysticmod:SpellRecall","floor":17},{"not_picked":["ReplayTheSpireMod:Echoes of Time","infinitespire:FutureSight"],"picked":"infinitespire:Menacing","floor":17},{"not_picked":["mysticmod:HeavyStrike","mysticmod:RapidCaster","mysticmod:PowerSlash"],"picked":"SKIP","floor":18},{"not_picked":["mysticmod:ComponentsPouch+1","mysticmod:Riposte+1"],"picked":"mysticmod:Alacrity+1","floor":20},{"not_picked":["mysticmod:HeavyStrike","mysticmod:TomeOfSpells"],"picked":"mysticmod:BladedDash+1","floor":20},{"not_picked":["mysticmod:Grapple","mysticmod:StyleChange+1"],"picked":"mysticmod:LightningBolt","floor":23},{"not_picked":["mysticmod:PreparedCaster","mysticmod:Daze"],"picked":"mysticmod:SuddenClarity","floor":25},{"not_picked":["mysticmod:MirrorStrike","mysticmod:PowerAttack"],"picked":"mysticmod:MightyMagic","floor":27},{"not_picked":["mysticmod:FloatingDisk","mysticmod:Snowball"],"picked":"mysticmod:Stoneskin","floor":30},{"not_picked":["mysticmod:Stoneskin+1","mysticmod:Probe"],"picked":"mysticmod:MagicWeapon","floor":31},{"not_picked":["mysticmod:Lunge","mysticmod:Haste"],"picked":"mysticmod:Spellstrike","floor":33},{"not_picked":["mysticmod:BulkUp","mysticmod:Snowball"],"picked":"mysticmod:Daze+1","floor":35},{"not_picked":["mysticmod:Stoneskin+1","mysticmod:Probe"],"picked":"mysticmod:PunishingArmor","floor":37},{"not_picked":["mysticmod:SummonFamiliar","mysticmod:EbbAndFlow"],"picked":"mysticmod:TomeOfSpells","floor":39},{"not_picked":["mysticmod:MirrorEntity","mysticmod:Grapple"],"picked":"mysticmod:PowerAttack+1","floor":41},{"not_picked":["mysticmod:StyleChange","mysticmod:HeavyStrike+1"],"picked":"mysticmod:DiviningBlow","floor":42},{"not_picked":["mysticmod:TomeOfSpells+1","mysticmod:StyleChange+1"],"picked":"mysticmod:PureInstinct+1","floor":44},{"not_picked":["mysticmod:Grease+1","mysticmod:RapidCaster"],"picked":"mysticmod:KeenEdge+1","floor":46},{"not_picked":["mysticmod:CorrosiveTouch+1","mysticmod:DiviningBlow+1"],"picked":"mysticmod:SummonFamiliar+1","floor":48}],"player_experience":2284068,"relics_obtained":[{"floor":7,"key":"StuffTheSpire:Mouthbags"},{"floor":9,"key":"Pear"},{"floor":10,"key":"hubris:MysteriousPyramids"},{"floor":23,"key":"StuffTheSpire:Expresso"},{"floor":25,"key":"jedi:firstaidkit"},{"floor":26,"key":"Shuriken"},{"floor":31,"key":"Replay:Bandana"},{"floor":37,"key":"Ancient Tea Set"},{"floor":41,"key":"aspiration:FrozenJewel"},{"floor":43,"key":"StuffTheSpire:Experiment12"},{"floor":46,"key":"Runesmith:AutoHammer"}],"event_choices":[{"damage_healed":0,"gold_gain":0,"player_choice":"Leave","damage_taken":0,"max_hp_gain":0,"max_hp_loss":0,"event_name":"conspire:Investor","floor":29,"gold_loss":0}],"is_beta":false,"boss_relics":[{"not_picked":["Replay:Ancient Bell","halation:Risk"],"picked":"ReplayTheSpireMod:SealedPack"},{"not_picked":["halation:SmartPhone","StuffTheSpire:RunicHypercube"],"picked":"energizedSpire:RedRose"}],"items_purged_floors":[22,22,36],"is_endless":false,"potions_floor_spawned":[10,11,13,14,20,27,37,39,46],"ascension_level":1}}