{"host":"649x15fmap4sa1sx","time":1614392681,"event":{"mods":["2.2 Compatiblity","AchievementEnabler","BaseMod","BetterRewards","Colored Map","Conspire","Downfall","Hubris","Infinite Spire","Minty Spire (QoL Compilation)","Permanent Neow","Reliquary","Replay The Spire","Shop Mod","StSLib","The IronCluck"],"gold_per_floor":[18,18,43,43,126,159,159,173,242,281,281,325,37,58,58,58,58],"floor_reached":16,"language":"ENG","playtime":782,"items_purged":[],"score":148,"play_id":"7c18c5fe-ce3d-4bc6-9d22-3f18ddbf9914","local_time":"20210226202441","is_ascension_mode":true,"campfire_choices":[{"floor":7,"key":"REST"},{"floor":11,"key":"REST"},{"floor":15,"key":"REST"}],"circlet_count":0,"master_deck":["Strike_G","Strike_G","Strike_G","Strike_G","Defend_G","Defend_G","Defend_G","Defend_G","Survivor","Neutralize","Blade Dance","Bullet Time","Flying Knee","Hidden Blade","ReplayTheSpireMod:Shiv Toss","ReplayTheSpireMod:Scrap Shanks","Infinite Blades"],"relics":["Ring of the Snake","Golden Idol","Replay:Rubber Ducky","Replay:Arrowhead","infinitespire:BottledMercury","Garlic","Boot","Unceasing Top"],"acts_visited":["Exordium"],"potions_floor_usage":[6,6,12,12],"damage_taken":[{"damage":0,"enemies":"2 Louse","floor":1,"turns":4},{"damage":0,"enemies":"Small Slimes","floor":3,"turns":3},{"damage":30,"enemies":"Lagavulin","floor":6,"turns":4},{"damage":3,"enemies":"Jaw Worm","floor":8,"turns":5},{"damage":27,"enemies":"3 Sentries","floor":10,"turns":7},{"damage":24,"enemies":"Lagavulin","floor":12,"turns":6},{"damage":0,"enemies":"Exordium Thugs","floor":14,"turns":5},{"damage":34,"enemies":"Slime Boss","floor":16,"turns":7}],"seed_played":"2049133232107171792","potions_obtained":[{"floor":1,"key":"SteroidPotion"},{"floor":5,"key":"Toxic Potion"},{"floor":5,"key":"Ancient Potion"},{"floor":8,"key":"SpeedPotion"},{"floor":10,"key":"AttackPotion"}],"is_trial":false,"path_per_floor":["M","?","M","?","?","E","R","M","T","E","R","E","$","M","R","B"],"character_chosen":"THE_SILENT","items_purchased":["Unceasing Top"],"campfire_rested":3,"item_purchase_floors":[13],"current_hp_per_floor":[70,53,53,53,53,23,44,41,41,14,35,11,11,11,32,0,0],"gold":58,"neow_bonus":"REMOVE_TWO","is_daily":false,"chose_seed":false,"campfire_upgraded":0,"win_rate":0.0,"timestamp":1614392681,"path_taken":["M","?","M","?","?","E","R","M","T","E","R","E","$","M","R","BOSS"],"items_purchased_type":["Relic"],"build_version":"2020-12-22","purchased_purges":0,"victory":false,"max_hp_per_floor":[70,70,70,70,70,70,70,70,70,70,70,70,70,70,70,70,70],"card_choices":[{"not_picked":["Poisoned Stab","Dagger Spray"],"picked":"Blade Dance","floor":1},{"not_picked":["Sucker Punch","hubris:SlightOfHand","Dagger Spray"],"picked":"SKIP","floor":3},{"not_picked":["PiercingWail","Flechettes"],"picked":"Bullet Time","floor":5},{"not_picked":["Terror","Bane"],"picked":"Flying Knee","floor":6},{"not_picked":["Endless Agony","Poisoned Stab"],"picked":"Hidden Blade","floor":8},{"not_picked":["Draining Mist","Slice"],"picked":"ReplayTheSpireMod:Shiv Toss","floor":10},{"not_picked":["Leg Sweep","Sneak Up"],"picked":"ReplayTheSpireMod:Scrap Shanks","floor":12},{"not_picked":["Underhanded Strike","Heel Hook"],"picked":"Infinite Blades","floor":14}],"player_experience":230791,"relics_obtained":[{"floor":5,"key":"Replay:Rubber Ducky"},{"floor":6,"key":"Replay:Arrowhead"},{"floor":9,"key":"infinitespire:BottledMercury"},{"floor":10,"key":"Garlic"},{"floor":12,"key":"Boot"}],"event_choices":[{"damage_healed":0,"gold_gain":0,"player_choice":"Take Damage","damage_taken":17,"relics_obtained":["Golden Idol"],"max_hp_gain":0,"max_hp_loss":0,"event_name":"Golden Idol","floor":2,"gold_loss":0},{"damage_healed":0,"gold_gain":0,"player_choice":"Leave","damage_taken":0,"max_hp_gain":0,"max_hp_loss":0,"event_name":"conspire:Investor","floor":4,"gold_loss":0}],"is_beta":false,"boss_relics":[],"items_purged_floors":[],"is_endless":false,"potions_floor_spawned":[1,8,10],"killed_by":"Slime Boss","ascension_level":5}}