{"host":"ee5exjejqz6r5zx9","time":1614451651,"event":{"mods":["ATMod(阿瑾Mod)","Act Like it!","BaseMod","Card Forge","Colored Powertips","Custom Start","Gensokyo","HololiveMod","Library of Ruina","Library of Ruina Extra","Minty Spire (QoL Compilation)","MostiFishMod","Quick Restart","Rare Cards Sparkle","Relic Filter Mod","Remove Card Discount Mod","Replay The Spire","RumiaBox-露米娅的神秘盒子","Shop Mod","StSLib","TestMod","【功能Mod】混沌之环修复补丁","【遗物卡牌】REMEMod"],"gold_per_floor":[110,2823,2838,3238,3256,3290,3290,3343,3422,3422,3435,3435,3452,1287,1287,1385,1385,1403,1403,715,728,738,738,773,773,773,773,786,196,222,232,232,332,332,349,403,23,40,58,96,96,92,137,2361,2361,2396,2396,2434,2434,2448,2448,2448,2448,1047,1078,1112],"floor_reached":57,"language":"ZHS","playtime":1979,"items_purged":["LightAttack","LightAttack","LightAttack","LightDefense","SerpentineBarrier","GatherIntel","LightDefense","Deflect_lor","ViolentFlame","ShrineToMusic+1","SinglePointStab","ChiWen+1","ChargeAndCover","QuickAttack","FocusedStrikes","LightDefense","LightDefense","Dodge","CoordinatedAssault+1","AT_EmpoweredMortalDraw+1","ToOvercomeCrisis+1"],"score":2146,"play_id":"1d4833d4-e55b-4d05-9ac6-483138c7c361","local_time":"20210228024731","is_ascension_mode":true,"campfire_choices":[{"data":"Skim","floor":7.0,"key":"SMITH"},{"data":"ChiWen","floor":12.0,"key":"SMITH"},{"data":"FlamingDragonFist","floor":15.0,"key":"SMITH"},{"data":"FervidEmotions","floor":23.0,"key":"SMITH"},{"data":"FleetEdge","floor":25.0,"key":"SMITH"},{"data":"AT_EmpoweredMortalDraw","floor":27.0,"key":"SMITH"},{"data":"TheWillOfTheCity","floor":32.0,"key":"SMITH"},{"floor":41,"key":"RECALL"},{"data":"Parry2","floor":45,"key":"SMITH"},{"floor":47,"key":"REST"},{"floor":49,"key":"REST"},{"floor":53,"key":"REST"}],"circlet_count":0,"master_deck":["Skim+1","FlamingDragonFist+1","FleetEdge+1","FervidEmotions+1","Parry2+1","Unlock1+1","TieShanKao+1","RagingStormLove+1","ExtractFuel+1","TheWillOfTheCity+1","BlazingStrike+1","BiXi+1","CrackOfDawn+1","UnforgettableMelody+1","SuanNi+1"],"relics":["PageOfLibrarian","testmod-TestBox","DaveBox","AT_ATBox","testmod-AscensionHeart","BionicSphere","SynthV:TestCard","PageOfSpiderBud","PageOfTodaysShyLook","Ying","Akabeko","testmod-IndustrialRevolution","The Courier","Lee\u0027s Waffle","testmod-TurbochargingSystem","Singing Bowl","PageOfTheKnightOfDespair","Onion Ring","MagicDraw4","AT_ImmortalShieldbow","Golden Egg","Bag of Preparation","Mirror","REME_LowDesire","Blue Doll","Boot","Potion Belt","testmod-AssaultLearning","HornCleat","PreservedInsect","PageOfPorccubus","PageOfTheQueenOfHatred","PageOfGreed","AT_ChloranthyRing","AT_SunfireAegis","Nunchaku","Orrery","AT_ArchangelStaff","PageOfWrath","PageOfNihil","testmod-DeterminationOfClimber","AT_LudenTempest","War Paint","Juzu Bracelet","SynthV:MejaisSoulstealer","Strawberry","AT_BellowingDragoncrestRing","SSSystem","Regal Pillow","ReplayTheSpireMod:Lightbulb","Centennial Puzzle","PageOfSnowWhitesApple","AT_BladeRuinedKing","MealTicket","Vajra","OrangePellets","AT_SilvercatRing","PageOfSingingMachine","Anchor","ReplayTheSpireMod:Shallot","Pear","PageOfBloodbath"],"acts_visited":["Exordium","TheCity","TheBeyond","TheEnding"],"potions_floor_usage":[56],"damage_taken":[{"damage":0.0,"enemies":"Small Slimes","floor":1.0,"turns":3.0},{"damage":0.0,"enemies":"Jaw Worm","floor":3.0,"turns":2.0},{"damage":0.0,"enemies":"2 Louse","floor":5.0,"turns":1.0},{"damage":3.0,"enemies":"Lagavulin","floor":6.0,"turns":5.0},{"damage":0.0,"enemies":"Looter","floor":11.0,"turns":1.0},{"damage":0.0,"enemies":"Lots of Slimes","floor":13.0,"turns":2.0},{"damage":0.0,"enemies":"Slime Boss","floor":16.0,"turns":4.0},{"damage":0.0,"enemies":"Chosen","floor":18.0,"turns":3.0},{"damage":0.0,"enemies":"3 Byrds","floor":21.0,"turns":2.0},{"damage":0.0,"enemies":"Snake Plant","floor":22.0,"turns":1.0},{"damage":0.0,"enemies":"Slavers","floor":24.0,"turns":2.0},{"damage":0.0,"enemies":"Shelled Parasite and Fungi","floor":28.0,"turns":2.0},{"damage":0.0,"enemies":"REME_1_Revenger","floor":30.0,"turns":2.0},{"damage":60.0,"enemies":"Cultist and Chosen","floor":31.0,"turns":8.0},{"damage":0.0,"enemies":"KingOfGreed","floor":33.0,"turns":5.0},{"damage":0,"enemies":"3 Shapes","floor":35,"turns":1},{"damage":0,"enemies":"2 Orb Walkers","floor":36,"turns":1},{"damage":0,"enemies":"3 Darklings","floor":38,"turns":1},{"damage":0,"enemies":"Spire Growth","floor":39,"turns":1},{"damage":0,"enemies":"R_Hoarder","floor":40,"turns":1},{"damage":0,"enemies":"Reptomancer","floor":46,"turns":1},{"damage":0,"enemies":"Nemesis","floor":48,"turns":1},{"damage":0,"enemies":"Donu and Deca","floor":50,"turns":1},{"damage":0,"enemies":"Shield and Spear","floor":55,"turns":1},{"damage":0,"enemies":"The Heart","floor":56,"turns":2}],"seed_played":"8036727078227523401","potions_obtained":[{"floor":3.0,"key":"CultistPotion"},{"floor":6.0,"key":"Venom Potion"},{"floor":13.0,"key":"ColorlessPotion"},{"floor":21.0,"key":"GamblersBrew"},{"floor":24.0,"key":"FearPotion"},{"floor":28.0,"key":"SkillPotion"},{"floor":31.0,"key":"Explosive Potion"},{"floor":35,"key":"Block Potion"},{"floor":46,"key":"DuplicationPotion"},{"floor":55,"key":"PowerPotion"}],"is_trial":false,"path_per_floor":["M","$","M","?","M","E","R","T","T","?","M","R","M","$","R","B",null,"M","?","$","M","M","R","E","R","T","R","M","$","E","M","R","B",null,"M","?","$","M","M","E","R","$","T","$","R","E","R","E","R","B",null,null,"R","$","E","B",null],"character_chosen":"Librarian","items_purchased":["PageOfSpiderBud","PageOfTodaysShyLook","Ying","CoordinatedAssault","Lee\u0027s Waffle","Parry2","ViolentFlame","GatherIntel","Deflect_lor","SerpentineBarrier","testmod-TurbochargingSystem","Singing Bowl","PageOfTheKnightOfDespair","Onion Ring","MagicDraw4","AT_ImmortalShieldbow","Golden Egg","Bag of Preparation","Mirror","Potion Belt","testmod-AssaultLearning","HornCleat","PreservedInsect","PageOfPorccubus","AT_ChloranthyRing","AT_SunfireAegis","Nunchaku","Orrery","AT_ArchangelStaff","AT_LudenTempest","War Paint","SynthV:MejaisSoulstealer","Strawberry","AT_BellowingDragoncrestRing","SSSystem","Regal Pillow","ReplayTheSpireMod:Lightbulb","Centennial Puzzle","PageOfSnowWhitesApple","Vajra","OrangePellets","SuanNi","ToOvercomeCrisis","AT_SilvercatRing","PageOfSingingMachine","Anchor","ReplayTheSpireMod:Shallot","Pear","PageOfBloodbath"],"campfire_rested":3,"item_purchase_floors":[2,2,2,2,14,14,14,14,14,14,14,14,14,14,14,14,14,14,14,20,20,20,20,20,29,29,29,29,29,37,37,44,44,44,44,44,44,44,44,54,54,54,54,54,54,54,54,54,54],"current_hp_per_floor":[60,60,60,60,60,57,57,57,57,57,57,57,57,91,91,93,93,95,89,89,89,89,89,89,89,89,89,90,100,107,72,72,88,107,107,109,109,111,113,115,115,115,115,122,122,122,122,122,122,122,122,122,122,132,134,134],"gold":1112,"neow_bonus":"THREE_CARDS","is_daily":false,"chose_seed":false,"campfire_upgraded":8,"win_rate":0.0,"timestamp":1614451651,"path_taken":["M","$","M","?","M","E","R","?","T","?","M","R","M","$","R","BOSS","M","?","$","M","?","R","E","R","T","R","M","$","E","M","R","BOSS","M","?","$","M","M","E","R","$","T","$","R","E","R","E","R","BOSS","R","$","E","BOSS"],"items_purchased_type":["Relic","Relic","Relic","Card","Relic","Card","Card","Card","Card","Card","Relic","Relic","Relic","Relic","Relic","Relic","Relic","Relic","Relic","Relic","Relic","Relic","Relic","Relic","Relic","Relic","Relic","Relic","Relic","Relic","Relic","Relic","Relic","Relic","Relic","Relic","Relic","Relic","Relic","Relic","Relic","Card","Card","Relic","Relic","Relic","Relic","Relic","Relic"],"build_version":"2020-12-22","purchased_purges":21,"victory":true,"max_hp_per_floor":[65,65,65,65,65,84,84,84,84,84,84,84,84,91,91,93,93,95,95,95,95,95,95,95,95,95,95,95,105,107,107,107,107,107,107,109,109,111,113,115,115,115,115,122,122,122,122,122,122,122,122,122,122,132,134,134],"card_choices":[{"not_picked":["HandleRequest","UpbeatPerformance"],"picked":"QuickAttack","floor":0.0},{"not_picked":["HandleRequest","Multislash","PreemptiveStrike","Reload","UnavoidableGaze","GrazeTheGrass","AsThePrescriptOrders","Standoff"],"picked":"ChiWen","floor":1.0},{"not_picked":["AsThePrescriptOrders","Track","Multislash","Creak","MindWhip","MultiHit","Reload","TraceOfFumes","TheArtOfRapidSteps","RapidGashes"],"picked":"SinglePointStab","floor":3.0},{"not_picked":["SuppressingShot","PinpointShot","AbsorbImpact","FlyingSword","EnergyStrike","Lock","NightInTheBackstreets","Parry2","CookingPrep","Rewind"],"picked":"SinglePointStab","floor":5.0},{"not_picked":["MindCrush","ChargeUp","Observe","Tttonst","MirageStorm","Punishment","Commandeering","SilentNight","FormingStorm","RepressedFlesh"],"picked":"FlamingDragonFist","floor":6.0},{"not_picked":["Fence","Track","SparkingSpear","AutonomousRush","Rampage_lor","AbsorbImpact","ClassAndRespect","MirageStorm","GrazeTheGrass","ToWhereThePrescriptPoints"],"picked":"FleetEdge","floor":11.0},{"not_picked":["Thrust","TimeForALittleTest","BattleCommand","TheWillOfTheCity","MindCrush","Faith","ViolentFlame","EnergyCycle","NightInTheBackstreets","HighKick"],"picked":"FervidEmotions","floor":13.0},{"not_picked":["Lock","GutHarvesting","CrackOfDawn","Decapitation","FleshFillet"],"picked":"Singing Bowl","floor":16.0},{"not_picked":["MindCrush","SummaryJudgment+1","PreemptiveStrike","Creak","Quickness","Standoff+1","QuickAttack","SerpentSwordTechnique","StartinOutLightly+1","SuppressingShot+1","DefenseOrder+1","ReplayTheSpireMod:Brewmster"],"picked":"Singing Bowl","floor":18.0},{"not_picked":["HiddenBlade","SnakesPrey+1","ViolentFlame","Multislash+1","BiAn","IllEndYou+1","TendonChords","EnergyBeam","Faith","SharpNails+1","testmod-Arrangement"],"picked":"Unlock1+1","floor":21.0},{"not_picked":["SharpSwipe","ViolentFlame","EnergyShield","WillOfThePrescript","StrikeDown","Thrust","EnergyStrike","Parry2","GreatSerpentsImpact","MultiBlock","Mind Blast"],"picked":"TieShanKao","floor":22.0},{"not_picked":["LeRegole","Tttonst","DaringDecision","Tttonst","Eradication","CrackOfDawn","DistortedBlade","EnergyBeam","Tttonst","TieShanKao","MostiFishMod:OneDayCity"],"picked":"RagingStormLove","floor":24.0},{"not_picked":["QuickSuppression","Outburst","DistortedBlade","ShrineToMusic+1","GrazeTheGrass","Multislash","NightInTheBackstreets+1","MultiBlock","WrathOfTorment","FierceCharge","REME_FirmDetermination"],"picked":"ExtractFuel+1","floor":28.0},{"not_picked":["GroundSmash","ClassAndRespect","Thrust","SummaryJudgment","RhinoRam","SnakesPrey","Parry2","TheWillOfTheCity","SetFire","FierceCharge","Outburst","Poisoned Strike"],"picked":"Singing Bowl","floor":29.0},{"not_picked":["MindPrepared","SturdyDefense","BurningFlash","FleetFootsteps+1","ScratchThat","Multislash","CombatPreparation+1","AssaultOrder+1","Transpierce","PreemptiveStrike","HighKick","testmod-PerfectCombo+1"],"picked":"Singing Bowl","floor":29.0},{"not_picked":["FlamingDragonFist","CoordinatedAssault","FleetEdge","Thrust","NightInTheBackstreets+1","ClassAndRespect+1","HighKick","MultiBlock","SturdyDefense","SpearedSweep","SteelKnuckles","Mind Blast"],"picked":"Singing Bowl","floor":29.0},{"not_picked":["MindPrepared","ConcentratedFire","StayCalm","AsThePrescriptOrders","Brawl","BlindFaith+1","WillOfThePrescript","Zzzzzap","EnergyCycle","RapidGashes","SenseQuarry","MostiFishMod:SupremeArchaeology"],"picked":"Singing Bowl","floor":29.0},{"not_picked":["SharpNails","ShockingBlow","DesperateStruggle+1","RulesOfTheBackstreets+1","SpearedSweep","ShrineToMusic","QuickAttack","GreatSerpentsImpact","WaitUp","Parry2+1","Thrust","Replay:Sssssssssshield"],"picked":"Singing Bowl","floor":29.0},{"not_picked":["BalefulBrand","FlamingDragonFist","Eradication","TrashDisposal","WillProduceFineSilk","WillProduceFineSilk","LeRegole","LeRegole","BlazingStrike","Decapitation","TrashDisposal","Suppress"],"picked":"Singing Bowl","floor":30.0},{"not_picked":["RapidGashes","SpearedSweep+1","FleetEdge+1","SomberProcuration+1","GuidanceOfTheGears","StructuralAnalysis","ScatteringSlash","GatherIntel","BackAttack","BlindFaith+1","testmod-EternalityOfKhronos"],"picked":"TheWillOfTheCity","floor":31.0},{"not_picked":["Disposal","EnergyBeam","ScratchThat","Cruelty","testmod-ChaoticCore"],"picked":"BlazingStrike","floor":33.0},{"not_picked":["DeepDrag+1","Zzzzzap","MultiBlock+1","SerpentSwordTechnique+1","InnerArdor+1","SwordOfVolition","AssaultOrder","FleetEdge","Suppress","ClassAndRespect","Replay:Sssssssssshield+1"],"picked":"BiXi+1","floor":35},{"not_picked":["MultiHit+1","Overpower+1","Diversion+1","SharpSwipe","Eliminate","WillProduceFineSilk","SpearedSweep+1","StrikeDown+1","FleetEdge+1","StrongStrike+1","Standoff+1","MostiFishMod:PerfectForm"],"picked":"Singing Bowl","floor":36},{"not_picked":["TendonChords","Tailoring+1","AsThePrescriptOrders","SuanNi","WrathOfTorment","HighKick+1","Faith","StrongStrike","Struggle+1","ShrineToMusic","Rewind+1","ReplayTheSpireMod:Necrogeddon"],"picked":"Singing Bowl","floor":38},{"not_picked":["Outburst+1","CoordinatedAssault","ShrineToMusic","SerpentSwordTechnique","FierceCharge+1","ChopItOff+1","OminousPower+1","HandleRequest","NonstopAssault","UnavoidableGaze+1","UpbeatPerformance+1","Panacea"],"picked":"Singing Bowl","floor":39},{"not_picked":["CrackOfDawn","ScratchThat","DaringDecision","FormingStorm","WillProduceFineSilk","RipSpace","SuanNi","RagingStormLove","Observe","DaringDecision","DaringDecision","testmod-DisillusionmentEcho"],"picked":"Singing Bowl","floor":40},{"not_picked":["MindCrush","EnergyBeam","DaringDecision","BlazingStrike","TrashDisposal","TrashDisposal","BlazingStrike","RepressedFlesh","CleanUp","EnergyBeam","REME_HeartOfCthun"],"picked":"CrackOfDawn","floor":46},{"not_picked":["Lock","RagingStormLove","BalefulBrand","RipSpace","BoundaryOfDeath","SuanNi","CrackOfDawn","EnergyBeam","Lock","GroundSmash","DaringDecision"],"picked":"UnforgettableMelody","floor":48},{"not_picked":["RagingStormLove","Commandeering","Disposal","TrashDisposal","TrashDisposal","GoinFirst","Decapitation","MirageStorm","RagingStormLove","Tttonst","Punishment","HandOfGreed"],"picked":"Singing Bowl","floor":55}],"player_experience":476302,"relics_obtained":[{"floor":1.0,"key":"SynthV:TestCard"},{"floor":6.0,"key":"Akabeko"},{"floor":8.0,"key":"testmod-IndustrialRevolution"},{"floor":9.0,"key":"The Courier"},{"floor":17.0,"key":"Blue Doll"},{"floor":17.0,"key":"Boot"},{"floor":24.0,"key":"PageOfTheQueenOfHatred"},{"floor":26.0,"key":"PageOfGreed"},{"floor":30.0,"key":"PageOfWrath"},{"floor":31.0,"key":"PageOfNihil"},{"floor":40,"key":"Juzu Bracelet"},{"floor":46,"key":"AT_BladeRuinedKing"},{"floor":48,"key":"MealTicket"}],"event_choices":[{"damage_healed":0.0,"max_hp_gain":0.0,"max_hp_loss":0.0,"gold_gain":400.0,"event_name":"恩洛斯的盘子","player_choice":"Sell","floor":4.0,"relics_lost":["REME_ComplimentaryCards"],"gold_loss":0.0,"damage_taken":0.0},{"damage_healed":0.0,"max_hp_gain":0.0,"max_hp_loss":0.0,"gold_gain":0.0,"event_name":"Knowing Skull","player_choice":"","floor":19.0,"potions_obtained":[],"gold_loss":0.0,"damage_taken":6.0,"cards_obtained":[]},{"damage_healed":0,"gold_gain":0,"player_choice":"Fight","damage_taken":0,"max_hp_gain":0,"max_hp_loss":0,"event_name":"Mysterious Sphere","floor":36,"gold_loss":0}],"is_beta":false,"boss_relics":[{"not_picked":["Runic Pyramid","Replay:Grab Bag"],"picked":"REME_LowDesire"},{"not_picked":["xbg","AT_TrinityForce"],"picked":"testmod-DeterminationOfClimber"}],"items_purged_floors":[2,2,2,2,14,14,14,14,14,14,29,29,29,37,37,37,37,37,42,42,54],"is_endless":false,"potions_floor_spawned":[3,6,13,21,24,28,30,31,35,38,39,40,46,55],"ascension_level":4}}