{"host":"dq2d9inx7yjdstkp","time":1614401656,"event":{"mods":["AchievementEnabler","BaseMod","Colored Map","DeckTracker","Minty Spire (QoL Compilation)","Permanent Neow","Quick Restart","StSLib"],"gold_per_floor":[10000,10012,8906,8919,8891,8916,8916,8929,8929,8939,8955,8955,8971,9005,9005,9110,9110,9123,9123,9135,9151,9168,9198,9215,9548,9573,9586,9586,8947,8963,8979,8979,9076,9076,9088,9108,8344,8363,8382,8415,8446,8458,8470,8482,0,12,24,36,48,60],"floor_reached":51,"language":"KOR","playtime":2217,"items_purged":["Strike_R","Strike_R","Dark Embrace"],"score":885,"play_id":"60d0021d-78e7-450a-bce7-3e5f8014db2d","local_time":"20210227135416","is_ascension_mode":false,"campfire_choices":[{"data":"Corruption","floor":7,"key":"SMITH"},{"data":"Demon Form","floor":15,"key":"SMITH"},{"floor":28,"key":"REST"},{"data":"Battle Trance","floor":32,"key":"SMITH"},{"data":"Limit Break","floor":42,"key":"SMITH"},{"data":"Heavy Blade","floor":44,"key":"SMITH"},{"data":"Spot Weakness","floor":46,"key":"SMITH"},{"floor":49,"key":"REST"}],"circlet_count":0,"master_deck":["Strike_R","Defend_R","Defend_R","Defend_R","Bash","Iron Wave","Seeing Red","Feed","Bloodletting","Demon Form+1","Impatience","Inflame","Corruption+1","Battle Trance","Carnage","Heavy Blade+1","Impervious","Pummel+1","Whirlwind","Carnage","Twin Strike+1","Battle Trance+1","Double Tap","Flash of Steel","Battle Trance","Spot Weakness+1","Limit Break+1","Cleave","Bandage Up","Parasite","Heavy Blade+1","Infernal Blade+1","Master of Strategy","Finesse","Blind"],"relics":["Burning Blood","Anchor","Blood Vial","OrangePellets","Pantograph","Mercury Hourglass","Gremlin Horn","Boot","Sozu","Lantern","Old Coin","Regal Pillow","Oddly Smooth Stone","Orichalcum","Brimstone","Runic Dome","Paper Frog","Pen Nib","Sling","MawBank","Sundial","Red Mask"],"acts_visited":["Exordium","TheCity","TheBeyond"],"potions_floor_usage":[10,16,50],"damage_taken":[{"damage":5,"enemies":"Cultist","floor":1,"turns":4},{"damage":1,"enemies":"2 Louse","floor":2,"turns":3},{"damage":3,"enemies":"Small Slimes","floor":4,"turns":3},{"damage":26,"enemies":"Lagavulin","floor":6,"turns":7},{"damage":11,"enemies":"3 Louse","floor":8,"turns":5},{"damage":2,"enemies":"Exordium Thugs","floor":10,"turns":4},{"damage":3,"enemies":"Exordium Wildlife","floor":11,"turns":6},{"damage":3,"enemies":"Large Slime","floor":13,"turns":4},{"damage":1,"enemies":"Gremlin Nob","floor":14,"turns":3},{"damage":52,"enemies":"Hexaghost","floor":16,"turns":5},{"damage":8,"enemies":"Chosen","floor":18,"turns":6},{"damage":11,"enemies":"Spheric Guardian","floor":20,"turns":5},{"damage":11,"enemies":"Shelled Parasite and Fungi","floor":21,"turns":3},{"damage":25,"enemies":"Snecko","floor":22,"turns":4},{"damage":19,"enemies":"Slavers","floor":23,"turns":5},{"damage":27,"enemies":"Snake Plant","floor":24,"turns":3},{"damage":27,"enemies":"Book of Stabbing","floor":25,"turns":5},{"damage":3,"enemies":"Shelled Parasite and Fungi","floor":27,"turns":2},{"damage":6,"enemies":"Sentry and Sphere","floor":30,"turns":3},{"damage":11,"enemies":"Centurion and Healer","floor":31,"turns":3},{"damage":38,"enemies":"Collector","floor":33,"turns":7},{"damage":42,"enemies":"3 Darklings","floor":35,"turns":3},{"damage":15,"enemies":"3 Shapes","floor":36,"turns":3},{"damage":3,"enemies":"Writhing Mass","floor":38,"turns":2},{"damage":3,"enemies":"3 Darklings","floor":39,"turns":1},{"damage":0,"enemies":"Reptomancer","floor":40,"turns":3},{"damage":4,"enemies":"Spire Growth","floor":41,"turns":2},{"damage":63,"enemies":"Time Eater","floor":50,"turns":5}],"seed_played":"-5369934206782953199","potions_obtained":[{"floor":4,"key":"Fire Potion"},{"floor":11,"key":"PowerPotion"},{"floor":13,"key":"SkillPotion"},{"floor":16,"key":"BlessingOfTheForge"}],"is_trial":false,"path_per_floor":["M","M","$","M","?","E","R","M","T","M","M","?","M","E","R","B",null,"M","?","M","M","M","E","M","E","T","M","R","$","M","M","R","B",null,"M","M","$","M","M","E","M","R","T","R","?","R","?","?","R","B",null],"character_chosen":"IRONCLAD","items_purchased":["Anchor","Blood Vial","OrangePellets","Feed","Bloodletting","Demon Form","Impatience","PowerPotion","GamblersBrew","SpeedPotion","Oddly Smooth Stone","Orichalcum","Brimstone","Flash of Steel","Paper Frog","Pen Nib","Sling","Bandage Up"],"campfire_rested":2,"item_purchase_floors":[3,3,3,3,3,3,3,3,3,3,29,29,29,29,37,37,37,37],"current_hp_per_floor":[80,80,80,83,83,63,63,63,63,72,77,74,82,92,92,52,98,99,99,99,99,82,71,52,33,33,38,85,85,87,87,87,78,110,74,67,67,72,77,89,93,93,93,93,93,93,93,83,110,57],"gold":72,"neow_bonus":"REMOVE_TWO","is_daily":false,"chose_seed":false,"campfire_upgraded":6,"win_rate":0.0,"timestamp":1614401656,"path_taken":["M","?","$","M","?","E","R","M","T","M","M","?","M","E","R","BOSS","M","?","M","M","M","E","M","E","T","M","R","$","M","M","R","BOSS","M","M","$","M","M","E","M","R","T","R","?","R","?","?","R","BOSS"],"items_purchased_type":["Relic","Relic","Relic","Card","Card","Card","Card","Potion","Potion","Potion","Relic","Relic","Relic","Card","Relic","Relic","Relic","Card"],"build_version":"2020-12-22","purchased_purges":3,"victory":true,"max_hp_per_floor":[80,80,80,83,83,83,83,86,86,89,89,89,92,95,95,98,98,101,101,104,107,107,107,107,107,107,107,107,107,107,110,110,110,110,110,110,110,110,110,110,110,110,110,110,110,110,110,110,110,110],"card_choices":[{"not_picked":["Shockwave","Thunderclap"],"picked":"Iron Wave","floor":1},{"not_picked":["Headbutt","Blood for Blood"],"picked":"Seeing Red","floor":2},{"not_picked":["True Grit","Burning Pact"],"picked":"Inflame","floor":4},{"not_picked":["Sword Boomerang","Heavy Blade"],"picked":"Corruption","floor":6},{"not_picked":["Twin Strike","Blood for Blood","Clothesline"],"picked":"SKIP","floor":8},{"not_picked":["Pommel Strike","Headbutt"],"picked":"Battle Trance","floor":10},{"not_picked":["Cleave","Impervious"],"picked":"Carnage","floor":11},{"not_picked":["Rage","Flex"],"picked":"Heavy Blade","floor":13},{"not_picked":["Clash","Fire Breathing"],"picked":"Dark Embrace","floor":14},{"not_picked":["Fiend Fire","Corruption"],"picked":"Impervious","floor":16},{"not_picked":["Infernal Blade","Shrug It Off"],"picked":"Pummel+1","floor":18},{"not_picked":["Shrug It Off+1","Headbutt"],"picked":"Carnage","floor":20},{"not_picked":["True Grit","Iron Wave","Flex"],"picked":"SKIP","floor":21},{"not_picked":["Clash","Iron Wave","Thunderclap"],"picked":"SKIP","floor":22},{"not_picked":["Anger+1","Bloodletting+1"],"picked":"Twin Strike+1","floor":23},{"not_picked":["Headbutt","Dual Wield"],"picked":"Battle Trance","floor":24},{"not_picked":["Flex","Flame Barrier"],"picked":"Double Tap","floor":25},{"not_picked":["Flame Barrier","Armaments","Cleave+1"],"picked":"SKIP","floor":27},{"not_picked":["Shrug It Off+1","Whirlwind"],"picked":"Battle Trance","floor":30},{"not_picked":["Sever Soul","Reaper"],"picked":"Spot Weakness","floor":31},{"not_picked":["Fiend Fire","Impervious"],"picked":"Limit Break","floor":33},{"not_picked":["Shrug It Off+1","Clothesline+1"],"picked":"Cleave","floor":35},{"not_picked":["Dropkick","Body Slam","Shrug It Off"],"picked":"SKIP","floor":36},{"not_picked":["Anger+1","Searing Blow+1"],"picked":"Heavy Blade+1","floor":38},{"not_picked":["Dropkick","Flame Barrier","Clash+1"],"picked":"SKIP","floor":39},{"not_picked":["Sword Boomerang+1","Iron Wave"],"picked":"Infernal Blade+1","floor":40},{"not_picked":["Twin Strike+1","Hemokinesis+1","Headbutt"],"picked":"SKIP","floor":41},{"not_picked":["Finesse","Swift Strike"],"picked":"Master of Strategy","floor":48},{"not_picked":["Blind","Transmutation"],"picked":"Finesse","floor":48},{"not_picked":["Trip","Dark Shackles"],"picked":"Blind","floor":48}],"player_experience":7173,"relics_obtained":[{"floor":6,"key":"Pantograph"},{"floor":9,"key":"Mercury Hourglass"},{"floor":14,"key":"Boot"},{"floor":23,"key":"Lantern"},{"floor":25,"key":"Old Coin"},{"floor":26,"key":"Regal Pillow"},{"floor":40,"key":"MawBank"},{"floor":43,"key":"Sundial"}],"event_choices":[{"damage_healed":0,"gold_gain":0,"player_choice":"Left Gold","damage_taken":0,"max_hp_gain":0,"max_hp_loss":0,"event_name":"World of Goop","floor":5,"gold_loss":28},{"damage_healed":0,"gold_gain":0,"player_choice":"Success","damage_taken":3,"relics_obtained":["Gremlin Horn"],"max_hp_gain":0,"max_hp_loss":0,"event_name":"Scrap Ooze","floor":12,"gold_loss":0},{"damage_healed":0,"gold_gain":0,"player_choice":"Read","damage_taken":0,"max_hp_gain":0,"max_hp_loss":0,"event_name":"The Library","floor":19,"gold_loss":0,"cards_obtained":["Whirlwind"]},{"damage_healed":0,"gold_gain":0,"player_choice":"Paid","damage_taken":0,"relics_obtained":["Red Mask"],"max_hp_gain":0,"max_hp_loss":0,"event_name":"Tomb of Lord Red Mask","floor":45,"gold_loss":8494},{"cards_removed":["Defend_R"],"damage_healed":0,"gold_gain":0,"player_choice":"Removed Skill","damage_taken":0,"max_hp_gain":0,"max_hp_loss":0,"event_name":"Falling","floor":47,"gold_loss":0},{"damage_healed":0,"gold_gain":0,"player_choice":"Memory 3","damage_taken":10,"max_hp_gain":0,"max_hp_loss":0,"event_name":"SensoryStone","floor":48,"gold_loss":0}],"is_beta":false,"boss_relics":[{"not_picked":["Busted Crown","Tiny House"],"picked":"Sozu"},{"not_picked":["Velvet Choker","Astrolabe"],"picked":"Runic Dome"}],"items_purged_floors":[3,29,37],"is_endless":false,"potions_floor_spawned":[4,11,13,14,16,21,22,24,25,31,35,36,38],"ascension_level":0}}