{"host":"miczq86z2i77lhk7","time":1614388228,"event":{"mods":["AchievementEnabler","BaseMod","Colored Map","Colored Powertips","Downfall","Highlight Path","Lobotomy","LobotomyExtend","Minty Spire (QoL Compilation)","Replay The Spire","StSLib"],"gold_per_floor":[109,125,125,144,154,154,185,185,253,266,284,127,127,140,140,243,293,303,303,322,342,242,242,272,290,316,316,331,331,351,363,363,468,568,585,597,616,164,164,164,174,174,174],"floor_reached":42,"language":"ENG","playtime":6785,"items_purged":["Strike_G","Defend_G","Doubt"],"score":576,"play_id":"690a1cf7-99fb-4feb-aea3-7b7161c23d2a","local_time":"20210227021028","is_ascension_mode":false,"campfire_choices":[{"data":"Toxin Wave","floor":6,"key":"SMITH"},{"data":"Prepared","floor":8,"key":"SMITH"},{"floor":15,"key":"REST"},{"data":"Noxious Fumes","floor":23,"key":"SMITH"},{"data":"Envenom","floor":29,"key":"SMITH"},{"data":"Spreading Infection","floor":32,"key":"PURGE"},{"data":"Noxious Fumes","floor":40,"key":"SMITH"}],"circlet_count":0,"master_deck":["Defend_G+1","Survivor","Neutralize","Poisoned Stab","ShyLook","Bloodbath","LongBird","Toxin Wave+1","UniverseFragment","Tactician","BeautyBeast","Funeral","Noxious Fumes+1","BigBadWolf","MeatLantern","Underhanded Strike","Dagger Throw+1","MeltingLove","Mercenary","Envenom+1","Leg Sweep","Choke","SpiderBud","Reflex+1","Distraction","OSAHOGD","Quick Slash+1","Noxious Fumes+1","Atom Bomb","Parasite"],"relics":["Ring of the Snake","CogitoBucket","LetterFromLob","Replay:PocketPolymizer","Replay:WaspNest","BehaviorAdjustment","downfall:ExtraCursedKey","Tiny House","Gaze_r","HellTrain","PreservedInsect","Pen Nib","AtMidnight","ResearcherNote","Replay:Wanted Poster","Shuriken"],"acts_visited":["Exordium","TheCity","TheBeyond"],"potions_floor_usage":[10,24,24,30,33],"damage_taken":[{"damage":5,"enemies":"Jaw Worm","floor":1,"turns":8},{"damage":0,"enemies":"2 Louse","floor":2,"turns":3},{"damage":0,"enemies":"Small Slimes","floor":4,"turns":4},{"damage":6,"enemies":"Red Slaver","floor":5,"turns":9},{"damage":48,"enemies":"Gremlin Nob","floor":7,"turns":5},{"damage":3,"enemies":"Gremlin Gang","floor":10,"turns":4},{"damage":0,"enemies":"2 Fungi Beasts","floor":11,"turns":4},{"damage":0,"enemies":"3 Louse","floor":14,"turns":2},{"damage":23,"enemies":"Fading Forest","floor":16,"turns":11},{"damage":0,"enemies":"Chosen","floor":18,"turns":6},{"damage":11,"enemies":"Chosen","floor":19,"turns":4},{"damage":8,"enemies":"3 Byrds","floor":20,"turns":6},{"damage":0,"enemies":"Snake Plant","floor":21,"turns":6},{"damage":14,"enemies":"Gremlin Leader","floor":24,"turns":6},{"damage":0,"enemies":"Centurion and Healer","floor":25,"turns":7},{"damage":3,"enemies":"Chosen and Byrds","floor":28,"turns":5},{"damage":31,"enemies":"Shelled Parasite and Fungi","floor":30,"turns":4},{"damage":0,"enemies":"Snake Plant","floor":31,"turns":1},{"damage":31,"enemies":"Pondfish","floor":33,"turns":7},{"damage":2,"enemies":"Orb Walker","floor":35,"turns":4},{"damage":10,"enemies":"3 Shapes","floor":36,"turns":4},{"damage":13,"enemies":"Jaw Worm Horde","floor":37,"turns":5},{"damage":15,"enemies":"Writhing Mass","floor":41,"turns":5},{"damage":56,"enemies":"Reptomancer","floor":42,"turns":2}],"seed_played":"1617991804183685600","potions_obtained":[{"floor":1,"key":"Toxic Potion"},{"floor":11,"key":"Block Potion"},{"floor":16,"key":"Adrenaline Potion"},{"floor":17,"key":"Energy Potion"},{"floor":24,"key":"Reflective Coating"},{"floor":25,"key":"Death Potion"},{"floor":31,"key":"Toxic Potion"},{"floor":37,"key":"Ancient Potion"}],"is_trial":false,"path_per_floor":["M","M","?","M","M","R","E","R","T","M","M","$","?","M","R","B",null,"M","?","M","M","$","R","E","M","T","?","M","R","M","M","R_BF","B",null,"M","M","M","$","?","R","M","E"],"character_chosen":"THE_SILENT","items_purchased":["Noxious Fumes","Shuriken","Noxious Fumes"],"campfire_rested":1,"item_purchase_floors":[12,38,38],"current_hp_per_floor":[65,65,65,66,63,63,15,15,15,13,14,14,14,15,36,29,75,75,64,58,62,62,62,52,55,55,55,55,55,35,35,35,8,72,71,63,52,52,57,57,44,0,0],"gold":174,"neow_bonus":"","is_daily":false,"chose_seed":false,"campfire_upgraded":5,"win_rate":0.0,"timestamp":1614388228,"path_taken":["M","M","?","M","M","R","E","R","T","M","M","$","?","M","R","BOSS","M","?","?","M","$","R","E","M","T","?","M","R","M","M","R_BF","BOSS","M","M","M","$","?","R","?","E"],"items_purchased_type":["Card","Relic","Card"],"build_version":"2020-12-22","purchased_purges":3,"victory":false,"max_hp_per_floor":[70,70,70,70,70,70,70,70,70,70,70,70,70,70,70,70,75,75,75,75,75,75,75,75,75,75,75,75,75,72,72,72,72,72,72,72,72,72,72,72,72,72,72],"card_choices":[{"not_picked":["Sneak Up","Skewer"],"picked":"Poisoned Stab","floor":1},{"not_picked":["Porccubus","RedShoes"],"picked":"ShyLook","floor":1},{"not_picked":["BeautyBeast","PunishingBird"],"picked":"Bloodbath","floor":2},{"not_picked":["Skewer","ReplayTheSpireMod:Exploit Weakness"],"picked":"Dodge and Roll","floor":2},{"not_picked":["Dash","Bane"],"picked":"Prepared","floor":4},{"not_picked":["PunishingBird","Murderer"],"picked":"CherryBlossoms","floor":4},{"not_picked":["SpiderBud","WallGazer"],"picked":"LongBird","floor":5},{"not_picked":["ReplayTheSpireMod:Speed Training","Deadly Poison"],"picked":"Toxin Wave","floor":5},{"not_picked":["HappyTeddy","OSAHOGD"],"picked":"UniverseFragment","floor":7},{"not_picked":["Toxin Wave","Blade Dance"],"picked":"Tactician","floor":7},{"not_picked":["GreedKing","FairyFestival"],"picked":"BeautyBeast","floor":10},{"not_picked":["Bane","Calculated Gamble","Dodge and Roll"],"picked":"SKIP","floor":10},{"not_picked":["OSAHOGD","FairyFestival"],"picked":"Funeral","floor":11},{"not_picked":["Flying Knee","Backflip","PiercingWail"],"picked":"SKIP","floor":11},{"not_picked":["WallGazer","Scorched"],"picked":"BigBadWolf","floor":14},{"not_picked":["Sneak Up","Blade Dance","All Out Attack"],"picked":"SKIP","floor":14},{"not_picked":["Wellcheers","FairyFestival"],"picked":"MeatLantern","floor":16},{"not_picked":["Heel Hook","Blade Dance"],"picked":"Underhanded Strike","floor":17},{"not_picked":["Slice+1","Outmaneuver+1"],"picked":"Dagger Throw+1","floor":18},{"not_picked":["CrumblingArmor","FairyFestival"],"picked":"MeltingLove","floor":18},{"not_picked":["WhitesApple","Scorched","FairyFestival"],"picked":"Singing Bowl","floor":20},{"not_picked":["Acrobatics","Wraith Form v2","PiercingWail"],"picked":"SKIP","floor":20},{"not_picked":["Alriune","LaLuna"],"picked":"Mercenary","floor":21},{"not_picked":["Dodge and Roll","Die Die Die","Backflip"],"picked":"SKIP","floor":21},{"not_picked":["Backstab","Deadly Poison+1","Blade Dance"],"picked":"SKIP","floor":24},{"not_picked":["WhiteNight","BigBird"],"picked":"QueenBee","floor":25},{"not_picked":["Sneak Up","PiercingWail","All Out Attack"],"picked":"SKIP","floor":25},{"not_picked":["BlackSwan","BlueStar"],"picked":"SpiderBud","floor":28},{"not_picked":["Replay:Poison Smokescreen","Sucker Punch"],"picked":"Reflex+1","floor":28},{"not_picked":["Flying Knee","Sucker Punch","Outmaneuver"],"picked":"SKIP","floor":30},{"not_picked":["Scorched","LaLuna","Murderer"],"picked":"Singing Bowl","floor":31},{"not_picked":["Well Laid Plans","ReplayTheSpireMod:Scrap Shanks","Envenom"],"picked":"SKIP","floor":31},{"not_picked":["Alriune","CrumblingArmor","Murderer"],"picked":"Singing Bowl","floor":33},{"not_picked":["PunishingBird","RedShoes","Murderer"],"picked":"Singing Bowl","floor":35},{"not_picked":["Variant","CrumblingArmor"],"picked":"OSAHOGD","floor":35},{"not_picked":["Bane","Backflip","Deadly Poison"],"picked":"SKIP","floor":35},{"not_picked":["Wellcheers","SingingMachine","Scorched"],"picked":"Singing Bowl","floor":36},{"not_picked":["Catalyst+1","Eviscerate"],"picked":"Quick Slash+1","floor":36},{"not_picked":["Freischutz","SilentOrchestra","HeroicMonk"],"picked":"Singing Bowl","floor":37},{"not_picked":["Bane","Sucker Punch","Dodge and Roll+1"],"picked":"SKIP","floor":37},{"not_picked":["ReplayTheSpireMod:The Works","PiercingWail","Hidden Blade"],"picked":"SKIP","floor":41}],"player_experience":116630,"relics_obtained":[{"floor":1,"key":"LetterFromLob"},{"floor":7,"key":"Replay:PocketPolymizer"},{"floor":9,"key":"Replay:WaspNest"},{"floor":24,"key":"PreservedInsect"},{"floor":26,"key":"Pen Nib"},{"floor":30,"key":"AtMidnight"}],"event_choices":[{"damage_healed":0,"gold_gain":0,"player_choice":"Fled","damage_taken":0,"max_hp_gain":0,"max_hp_loss":0,"event_name":"Scrap Ooze","floor":3,"gold_loss":0},{"damage_healed":0,"gold_gain":0,"cards_transformed":["Strike_G","Defend_G"],"player_choice":"Became Test Subject","damage_taken":0,"max_hp_gain":0,"max_hp_loss":0,"event_name":"Drug Dealer","floor":27,"gold_loss":0,"cards_obtained":["Leg Sweep","Choke"]},{"cards_removed":["Dodge and Roll"],"damage_healed":5,"gold_gain":0,"player_choice":"Offered Common","damage_taken":0,"max_hp_gain":0,"max_hp_loss":0,"event_name":"Bonfire Elementals","floor":39,"gold_loss":0},{"cards_removed":["Dodge and Roll"],"damage_healed":5,"gold_gain":0,"player_choice":"Offered Special","damage_taken":0,"max_hp_gain":0,"max_hp_loss":0,"event_name":"Bonfire Elementals","floor":39,"gold_loss":0}],"is_beta":false,"boss_relics":[{"not_picked":["Velvet Choker","Replay:Ancient Bell"],"picked":"Tiny House"},{"not_picked":["Coffee Dripper","Snecko Eye"],"picked":"Replay:Wanted Poster"}],"items_purged_floors":[12,22,38],"is_endless":false,"potions_floor_spawned":[1,5,11,16,20,24,25,31,37],"killed_by":"Reptomancer","ascension_level":0}}