{"host":"ijtyqc57s6c9mbij","time":1614384497,"event":{"mods":["BaseMod","Colored Map","Downfall","Minty Spire (QoL Compilation)","StSLib"],"gold_per_floor":[99,118,132,132,147,162,216,226,242,152,152,178,78,97,117,218,218,218,218,218,103,120,153,153,165,182,82,99,99,109,109,120,215,215,115,127,127,127,146,146,162,29,29,58,73,73,73,73,73,73],"floor_reached":48,"language":"ENG","playtime":4585,"items_purged":["bronze:Strike","bronze:Defend"],"score":838,"play_id":"aeb27fea-658c-40d0-a786-58a88eadb04b","local_time":"20210226160817","is_ascension_mode":true,"campfire_choices":[{"data":"bronze:Goto","floor":1,"key":"SMITH"},{"floor":11,"key":"RECALL"},{"data":"bronze:AlphaBuild","floor":13,"key":"SMITH"},{"data":"bronze:Replicate","floor":18,"key":"SMITH"},{"data":"bronze:BronzeOrb","floor":27,"key":"SMITH"},{"data":"bronze:RecursiveStrike","floor":35,"key":"SMITH"}],"circlet_count":0,"master_deck":["bronze:Defend","bronze:Defend","bronze:Defend+1","bronze:Replicate+1","bronze:Goto+1","bronze:Branch","bronze:Shell","bronze:Replicate","bronze:ForLoop","bronze:Branch","bronze:SpaghettiCode","bronze:AlphaBuild+1","bronze:ChildClass+1","bronze:Repair","bronze:BronzeOrb+1","bronze:Virus","Bite","Bite","Bite","Bite","Bite","bronze:Repulsor","bronze:Refactor","bronze:Constructor+1","bronze:Separator+1","bronze:BuggyMess+1","bronze:RecursiveStrike+1","bronze:ClassDefault","bronze:Iterate+1","bronze:FineTuning","bronze:FollowUp","bronze:Assembly","bronze:Deprecate+1","bronze:Terminator+1","bronze:BuggyMess+1","bronze:TinkerersToolbox","bronze:BronzeOrb","bronze:Turbo"],"relics":["Runic Pyramid","Pen Nib","downfall:HeartBlessingRed","sneckomod:SneckoTalon","Happy Flower","downfall:HeartBlessingGreen","bronze:BottledCode","bronze:ElectromagneticCoil","downfall:HeartBlessingBlue","downfall:TeleportStone","Lantern","Orrery","Red Mask","downfall:RedIOUUpgrade","Oddly Smooth Stone"],"acts_visited":["Exordium","TheCity","TheBeyond","TheEnding"],"potions_floor_usage":[16,33,44,46,46,46],"damage_taken":[{"damage":6,"enemies":"Cultist","floor":2,"turns":4},{"damage":5,"enemies":"Small Slimes","floor":3,"turns":3},{"damage":2,"enemies":"Jaw Worm","floor":5,"turns":4},{"damage":3,"enemies":"2 Fungi Beasts","floor":6,"turns":4},{"damage":4,"enemies":"Blue Slaver","floor":8,"turns":4},{"damage":16,"enemies":"downfall:LooterAlt","floor":9,"turns":4},{"damage":0,"enemies":"downfall:FleeingMerchant","floor":10,"turns":4},{"damage":8,"enemies":"Gremlin Nob","floor":12,"turns":3},{"damage":2,"enemies":"Lots of Slimes","floor":14,"turns":5},{"damage":0,"enemies":"Blue Slaver","floor":15,"turns":1},{"damage":20,"enemies":"IC_STATUS_ARCHETYPE","floor":16,"turns":9},{"damage":7,"enemies":"downfall:FleeingMerchant","floor":21,"turns":4},{"damage":2,"enemies":"Chosen","floor":22,"turns":3},{"damage":27,"enemies":"Gremlin Leader","floor":23,"turns":12},{"damage":0,"enemies":"3 Byrds","floor":25,"turns":5},{"damage":1,"enemies":"Cultist and Chosen","floor":26,"turns":3},{"damage":0,"enemies":"Snecko","floor":28,"turns":5},{"damage":3,"enemies":"Shelled Parasite and Fungi","floor":30,"turns":4},{"damage":0,"enemies":"Cultist and Chosen","floor":32,"turns":5},{"damage":31,"enemies":"DF_ARCHETYPE_CLAW","floor":33,"turns":8},{"damage":0,"enemies":"Orb Walker","floor":36,"turns":2},{"damage":0,"enemies":"3 Shapes","floor":39,"turns":3},{"damage":15,"enemies":"Spire Growth","floor":41,"turns":4},{"damage":0,"enemies":"downfall:FleeingMerchant","floor":42,"turns":4},{"damage":1,"enemies":"Reptomancer","floor":44,"turns":7},{"damage":6,"enemies":"Writhing Mass","floor":45,"turns":5},{"damage":43,"enemies":"WA_ARCHETYPE_DIVINITY","floor":46,"turns":10},{"damage":73,"enemies":"downfall:CharBossMerchant","floor":48,"turns":6}],"seed_played":"-404799366755470428","potions_obtained":[{"floor":2,"key":"bronze:BurnAndBuffPotion"},{"floor":3,"key":"FearPotion"},{"floor":5,"key":"LiquidMemories"},{"floor":8,"key":"ColorlessPotion"},{"floor":12,"key":"BlessingOfTheForge"},{"floor":14,"key":"PowerPotion"},{"floor":16,"key":"Swift Potion"},{"floor":33,"key":"Dexterity Potion"},{"floor":45,"key":"DistilledChaos"}],"is_trial":false,"path_per_floor":["R","M","M","?","M","M","T","M","M","$","R","E","R","M","M","B",null,"R","?","?","$","M","E","T","M","M","R","M","?","M","?","M","B",null,"R","M","?","?","M","?","M","$","?","E","M","B",null,"E"],"character_chosen":"THE_AUTOMATON","items_purchased":["bronze:Assembly","Lantern","Orrery"],"campfire_rested":0,"item_purchase_floors":[42,42,42],"current_hp_per_floor":[70,64,59,59,57,54,54,50,34,34,34,26,26,24,24,11,70,70,49,49,49,49,42,42,49,49,49,49,49,48,39,39,17,39,49,49,49,49,49,41,34,49,49,49,45,19,49,0,0,0],"gold":73,"neow_bonus":"BOSS_RELIC","is_daily":false,"chose_seed":false,"campfire_upgraded":5,"win_rate":0.0,"timestamp":1614384497,"path_taken":["R","M","?","?","?","M","T","M","?","$","R","E","R","M","M","BOSS","R","?","?","$","M","E","T","M","M","R","M","?","?","?","M","BOSS","R","M","?","?","?","?","?","$","?","E","M","BOSS","E"],"items_purchased_type":["Card","Relic","Relic"],"build_version":"2020-12-22","purchased_purges":2,"victory":false,"max_hp_per_floor":[70,70,70,70,70,70,70,70,70,70,70,70,70,70,70,70,70,70,49,49,49,49,49,49,49,49,49,49,49,49,39,39,39,39,49,49,49,49,49,49,49,49,49,49,49,49,49,49,49,49],"card_choices":[{"not_picked":["bronze:ForceShield","bronze:WildBeam"],"picked":"bronze:Branch","floor":2},{"not_picked":["bronze:Deprecate","bronze:MaxOutput"],"picked":"bronze:Shell","floor":3},{"not_picked":["bronze:DelayedSlice","bronze:Backtrace"],"picked":"bronze:ForLoop","floor":5},{"not_picked":["bronze:Shell","bronze:CutThrough","bronze:InfiniteBeams"],"picked":"SKIP","floor":6},{"not_picked":["bronze:Turbo","bronze:Shield"],"picked":"bronze:Branch","floor":8},{"not_picked":["bronze:CutThrough","bronze:BitShift"],"picked":"bronze:SpaghettiCode","floor":9},{"not_picked":["bronze:FineTuning","bronze:WhirlingStrike"],"picked":"bronze:AlphaBuild","floor":10},{"not_picked":["bronze:TinkerersToolbox","bronze:BugBarrage"],"picked":"bronze:ChildClass","floor":12},{"not_picked":["bronze:BuggyMess","bronze:OilSpill"],"picked":"bronze:Repair","floor":14},{"not_picked":["bronze:Fortify","bronze:CloningBeam"],"picked":"bronze:BronzeOrb","floor":15},{"not_picked":["bronze:SpaghettiCode","bronze:CleanCode"],"picked":"bronze:Virus","floor":16},{"not_picked":["bronze:WildBeam","bronze:InfiniteBeams","bronze:Invalidate"],"picked":"SKIP","floor":21},{"not_picked":["bronze:OilSpill","bronze:Boost+1"],"picked":"bronze:Repulsor","floor":22},{"not_picked":["bronze:ForLoop","bronze:CutThrough"],"picked":"bronze:Refactor","floor":23},{"not_picked":["bronze:Invalidate","bronze:DarkDash","bronze:Overheat"],"picked":"SKIP","floor":25},{"not_picked":["bronze:Branch","bronze:Boost"],"picked":"bronze:Constructor+1","floor":26},{"not_picked":["bronze:BronzeArmor","bronze:OilSpill"],"picked":"bronze:Separator+1","floor":28},{"not_picked":["bronze:Shield+1","bronze:CutThrough","bronze:Separator"],"picked":"SKIP","floor":30},{"not_picked":["bronze:DelayedGuard+1","bronze:Overheat"],"picked":"bronze:BuggyMess+1","floor":32},{"not_picked":["bronze:HyperBeam","bronze:HardenedForm"],"picked":"bronze:RecursiveStrike","floor":33},{"not_picked":["bronze:DigitalCarnage+1","bronze:WildBeam+1"],"picked":"bronze:ClassDefault","floor":36},{"not_picked":["bronze:CutThrough+1","bronze:Overheat+1"],"picked":"bronze:Iterate+1","floor":39},{"not_picked":["bronze:Turbo+1","bronze:DarkDash"],"picked":"bronze:FineTuning","floor":41},{"not_picked":["bronze:Overload+1","bronze:Safeguard+1"],"picked":"bronze:FollowUp","floor":42},{"not_picked":["bronze:DarkDash","bronze:Constructor+1"],"picked":"bronze:Deprecate+1","floor":42},{"not_picked":["bronze:WildBeam+1","bronze:WhirlingStrike+1"],"picked":"bronze:FollowUp","floor":42},{"not_picked":["bronze:FineTuning+1","bronze:WhirlingStrike"],"picked":"bronze:Terminator+1","floor":42},{"not_picked":["bronze:FineTuning+1","bronze:Shell"],"picked":"bronze:BuggyMess+1","floor":42},{"not_picked":["bronze:CloningBeam+1","bronze:WhirlingStrike+1"],"picked":"bronze:TinkerersToolbox","floor":42},{"not_picked":["bronze:Repulsor+1","bronze:DarkDash+1"],"picked":"bronze:BronzeOrb","floor":44},{"not_picked":["bronze:DarkDash","bronze:DigitalCarnage+1"],"picked":"bronze:Turbo","floor":45}],"player_experience":1059145,"relics_obtained":[{"floor":7,"key":"bronze:ProtectiveGoggles"},{"floor":12,"key":"Pen Nib"},{"floor":23,"key":"Happy Flower"},{"floor":44,"key":"Oddly Smooth Stone"}],"event_choices":[{"damage_healed":0,"gold_gain":0,"player_choice":"Became a vampire","damage_taken":0,"max_hp_gain":0,"max_hp_loss":21,"event_name":"Vampires","floor":19,"gold_loss":0,"cards_obtained":["Bite","Bite","Bite","Bite","Bite"]}],"is_beta":false,"boss_relics":[{"not_picked":["Snecko Eye","Tiny House"],"picked":"sneckomod:SneckoTalon"},{"not_picked":["SlaversCollar","Calling Bell"],"picked":"bronze:ElectromagneticCoil"}],"items_purged_floors":[10,21],"is_endless":false,"potions_floor_spawned":[2,3,5,8,12,14,16,22,23,28,30,32,33,41,45],"killed_by":"downfall:CharBossMerchant","ascension_level":4}}