{"host":"snggrqcauaf0m8fe","time":1614431926,"event":{"mods":["BaseMod","Minty Spire (QoL Compilation)","Quick Restart"],"gold_per_floor":[111,111,111,122,142,142,164,191,214,214,246,258,258,278,278,278,278],"floor_reached":16,"language":"ENG","playtime":318,"items_purged":[],"score":138,"play_id":"0aae97c4-da72-4d0d-9de3-b6cb2cc1455d","local_time":"20210227141846","is_ascension_mode":true,"campfire_choices":[{"data":"Zap","floor":6,"key":"SMITH"},{"floor":10,"key":"REST"},{"floor":13,"key":"REST"},{"floor":15,"key":"REST"}],"circlet_count":0,"master_deck":["Strike_B","Strike_B","Strike_B","Strike_B","Defend_B","Defend_B","Defend_B","Defend_B","Zap+1","Dualcast","Glacier","Coolheaded","Coolheaded"],"relics":["Cracked Core","NeowsBlessing","Smiling Mask","Vajra","Odd Mushroom","Peace Pipe","Nunchaku","Molten Egg 2"],"acts_visited":["Exordium"],"potions_floor_usage":[8],"damage_taken":[{"damage":0,"enemies":"Jaw Worm","floor":1,"turns":1},{"damage":0,"enemies":"Cultist","floor":4,"turns":1},{"damage":0,"enemies":"Small Slimes","floor":5,"turns":1},{"damage":16,"enemies":"The Mushroom Lair","floor":7,"turns":4},{"damage":14,"enemies":"Lagavulin","floor":8,"turns":8},{"damage":36,"enemies":"Gremlin Nob","floor":11,"turns":6},{"damage":0,"enemies":"Blue Slaver","floor":12,"turns":3},{"damage":10,"enemies":"Looter","floor":14,"turns":3},{"damage":0,"enemies":"The Guardian","floor":16,"turns":1}],"seed_played":"-7770925582538073417","potions_obtained":[{"floor":1,"key":"Weak Potion"},{"floor":7,"key":"Fire Potion"},{"floor":12,"key":"Swift Potion"},{"floor":14,"key":"SpeedPotion"}],"is_trial":false,"path_per_floor":["M","?","?","M","M","R","?","E","T","R","E","M","R","M","R","B"],"character_chosen":"DEFECT","items_purchased":[],"campfire_rested":3,"item_purchase_floors":[],"current_hp_per_floor":[75,50,50,50,50,50,34,20,20,42,6,6,28,18,40,40,40],"gold":278,"neow_bonus":"THREE_ENEMY_KILL","is_daily":false,"chose_seed":false,"campfire_upgraded":1,"win_rate":0.0,"timestamp":1614431926,"path_taken":["M","?","?","?","M","R","?","E","T","R","E","M","R","M","R","BOSS"],"items_purchased_type":[],"build_version":"2020-12-22","purchased_purges":0,"victory":false,"max_hp_per_floor":[75,75,75,75,75,75,75,75,75,75,75,75,75,75,75,75,75],"card_choices":[{"not_picked":["Double Energy","Turbo","Streamline"],"picked":"SKIP","floor":1},{"not_picked":["Leap","Beam Cell","Gash"],"picked":"SKIP","floor":4},{"not_picked":["Aggregate","Streamline","Gash"],"picked":"SKIP","floor":5},{"not_picked":["Lockon","Rebound"],"picked":"Glacier","floor":7},{"not_picked":["Beam Cell","Aggregate"],"picked":"Coolheaded","floor":8},{"not_picked":["Skim","Meteor Strike+1"],"picked":"Coolheaded","floor":11},{"not_picked":["Leap","Rebound+1","Lockon+1"],"picked":"SKIP","floor":12},{"not_picked":["Turbo","Beam Cell+1","Cold Snap+1"],"picked":"SKIP","floor":14}],"player_experience":829879,"relics_obtained":[{"floor":7,"key":"Odd Mushroom"},{"floor":8,"key":"Peace Pipe"},{"floor":9,"key":"Nunchaku"},{"floor":11,"key":"Molten Egg 2"}],"event_choices":[{"damage_healed":0,"gold_gain":0,"player_choice":"Success","damage_taken":25,"relics_obtained":["Smiling Mask"],"max_hp_gain":0,"max_hp_loss":0,"event_name":"Scrap Ooze","floor":2,"gold_loss":0},{"damage_healed":0,"gold_gain":0,"player_choice":"Gave Potion","damage_taken":0,"relics_obtained":["Vajra"],"max_hp_gain":0,"max_hp_loss":0,"event_name":"WeMeetAgain","floor":3,"gold_loss":0},{"damage_healed":0,"gold_gain":0,"player_choice":"Fought Mushrooms","damage_taken":0,"max_hp_gain":0,"max_hp_loss":0,"event_name":"Mushrooms","floor":7,"gold_loss":0}],"is_beta":false,"boss_relics":[],"items_purged_floors":[],"is_endless":false,"potions_floor_spawned":[1,7,12,14],"killed_by":"The Guardian","ascension_level":5}}