{"host":"onk0sru1v5nf4gev","time":1614434277,"event":{"mods":["AchievementEnabler","BaseMod","Colored Map","Colored Powertips","Downfall","Googly Eyes","Infinite Spire","Minty Spire (QoL Compilation)","Quick Restart","Replay The Spire","StSLib","SuperFastMode","The Cursed"],"gold_per_floor":[117,36,36,36,111,111,139,149,149,149,149,164,164,176,176,272,272,283,283,301,313,100,100,117,133,157,157,157,185,38,38,38],"floor_reached":31,"language":"FRA","playtime":1590,"items_purged":[],"score":253,"play_id":"edee2872-49c4-450a-aadb-6435a0f6ab66","local_time":"20210227145757","is_ascension_mode":false,"campfire_choices":[{"data":"Halt","floor":6.0,"key":"SMITH"},{"data":"CrushJoints","floor":11.0,"key":"SMITH"},{"data":"WaveOfTheHand","floor":13.0,"key":"SMITH"},{"data":"CrushJoints","floor":23,"key":"SMITH"},{"floor":28,"key":"REST"}],"circlet_count":0,"master_deck":["Strike_P","Strike_P","Strike_P","Strike_P","Defend_P","Defend_P","Defend_P","Defend_P","Eruption+1","Vigilance","Halt+1","Dark Shackles+1","SashWhip","CrushJoints+1","WaveOfTheHand+1","Replay:BluntJabs+1","DevaForm","FlurryOfBlows+1","Tantrum+1","CrushJoints+1","CarveReality","Pray","Pray","EmptyFist","FlurryOfBlows","BowlingBash","Wallop","Protect+1","Conclude"],"relics":["PureWater","infinitespire:WardingShard","Bag of Marbles","ChewingGum","Orrery","infinitespire:Eraser","Orichalcum"],"acts_visited":["Exordium","TheCity"],"potions_floor_usage":[20,24],"damage_taken":[{"damage":0.0,"enemies":"Cultist","floor":1.0,"turns":2.0},{"damage":1.0,"enemies":"Replay:BlueRogue","floor":7.0,"turns":6.0},{"damage":1.0,"enemies":"Jaw Worm","floor":8.0,"turns":4.0},{"damage":0.0,"enemies":"Small Slimes","floor":12.0,"turns":1.0},{"damage":0.0,"enemies":"Blue Slaver","floor":14.0,"turns":3.0},{"damage":42.0,"enemies":"Fading Forest","floor":16.0,"turns":11.0},{"damage":10,"enemies":"Shell Parasite","floor":18,"turns":9},{"damage":4,"enemies":"2 Thieves","floor":20,"turns":5},{"damage":4,"enemies":"Centurion and Healer","floor":21,"turns":5},{"damage":12,"enemies":"Snecko","floor":24,"turns":1},{"damage":10,"enemies":"Shelled Parasite and Fungi","floor":25,"turns":3},{"damage":47,"enemies":"Slavers","floor":29,"turns":6},{"damage":10,"enemies":"Cultist and Chosen","floor":31,"turns":3}],"seed_played":"6096387188296722313","potions_obtained":[{"floor":1.0,"key":"LiquidBronze"},{"floor":12.0,"key":"Dexterity Potion"},{"floor":18,"key":"LifebloodPotion"},{"floor":21,"key":"Death Potion"},{"floor":29,"key":"Energy Potion"}],"is_trial":false,"path_per_floor":["M","$","?","?","?","R","E","M","T","?","R","M","R","M","R_BF","B",null,"M","?","M","M","$","R","M","M","T","?","R","E","$","M"],"character_chosen":"WATCHER","items_purchased":["Dark Shackles","CarveReality","Orrery","Orichalcum"],"campfire_rested":1,"item_purchase_floors":[2,22,22,30],"current_hp_per_floor":[72,72,72,72,61,61,60,59,59,59,59,59,59,59,72,30,72,62,62,58,54,54,54,42,32,32,32,53,6,6,0,0],"gold":38,"neow_bonus":"UPGRADE_CARD","is_daily":false,"chose_seed":false,"campfire_upgraded":4,"win_rate":0.0,"timestamp":1614434277,"path_taken":["M","$","?","?","?","R","E","M","T","?","R","?","R","M","R_BF","BOSS","M","?","M","M","$","R","?","M","T","?","R","E","$","M"],"items_purchased_type":["Card","Card","Relic","Relic"],"build_version":"2020-12-22","purchased_purges":0,"victory":false,"max_hp_per_floor":[72,72,72,72,72,72,72,72,72,72,72,72,72,72,72,72,72,72,72,72,72,72,72,72,72,72,72,72,72,72,72,72],"card_choices":[{"not_picked":["FlurryOfBlows","Adaptation"],"picked":"Halt","floor":1.0},{"not_picked":["Replay:AtTheReady","Replay:ManipulateFuture"],"picked":"SashWhip","floor":7.0},{"not_picked":["BowlingBash","Study"],"picked":"CrushJoints","floor":8.0},{"not_picked":["Conclude","SashWhip"],"picked":"WaveOfTheHand","floor":12.0},{"not_picked":["Prostrate","Evaluate"],"picked":"Replay:BluntJabs","floor":14.0},{"not_picked":["Establishment","Vault"],"picked":"DevaForm","floor":16.0},{"not_picked":["FollowUp","Prostrate"],"picked":"FlurryOfBlows+1","floor":18},{"not_picked":["FollowUp","CutThroughFate"],"picked":"Tantrum+1","floor":20},{"not_picked":["SignatureMove","Replay:ManipulateFuture"],"picked":"CrushJoints","floor":21},{"not_picked":["Nirvana","SashWhip"],"picked":"Pray","floor":22},{"not_picked":["LikeWater","Weave"],"picked":"Pray","floor":22},{"not_picked":["EmptyBody","Protect"],"picked":"EmptyFist","floor":22},{"not_picked":["Vengeance","Perseverance"],"picked":"FlurryOfBlows","floor":22},{"not_picked":["LikeWater","Ragnarok"],"picked":"BowlingBash","floor":22},{"not_picked":["Replay:BluntJabs","Protect"],"picked":"Wallop","floor":24},{"not_picked":["LikeWater","Study"],"picked":"Protect+1","floor":25},{"not_picked":["Replay:LoomingThreat","Protect"],"picked":"Conclude","floor":29}],"player_experience":318332,"relics_obtained":[{"floor":7.0,"key":"infinitespire:WardingShard"},{"floor":9.0,"key":"Bag of Marbles"},{"floor":29,"key":"infinitespire:Eraser"}],"event_choices":[{"damage_healed":0.0,"max_hp_gain":0.0,"max_hp_loss":0.0,"gold_gain":0.0,"event_name":"Liars Game","player_choice":"Ignored","floor":3.0,"gold_loss":0.0,"damage_taken":0.0},{"damage_healed":0.0,"max_hp_gain":0.0,"max_hp_loss":0.0,"gold_gain":0.0,"event_name":"Living Wall","player_choice":"Grow","floor":4.0,"gold_loss":0.0,"damage_taken":0.0,"cards_upgraded":["Dark Shackles"]},{"damage_healed":0.0,"max_hp_gain":0.0,"max_hp_loss":0.0,"gold_gain":75.0,"event_name":"World of Goop","player_choice":"Gather Gold","floor":5.0,"gold_loss":0.0,"damage_taken":11.0},{"damage_healed":0,"gold_gain":0,"player_choice":"Ignored","damage_taken":0,"max_hp_gain":0,"max_hp_loss":0,"event_name":"NoteForYourself","floor":19,"gold_loss":0},{"damage_healed":0,"gold_gain":0,"player_choice":"Ignored","damage_taken":0,"max_hp_gain":0,"max_hp_loss":0,"event_name":"The Mausoleum","floor":27,"gold_loss":0}],"is_beta":false,"boss_relics":[{"not_picked":["Calling Bell","Abe\u0027s Treasure"],"picked":"ChewingGum"}],"items_purged_floors":[],"is_endless":false,"potions_floor_spawned":[1,12,18,21,29],"killed_by":"Cultist and Chosen","ascension_level":0}}