{"host":"d0btaf6p0msba79e","time":1614415099,"event":{"mods":["BaseMod","BetterRewards","Minty Spire (QoL Compilation)"],"gold_per_floor":[109,129,142,154,3,29,29,57,57,7,7,24,34,59,59,130,130,148,148,158,158,171,171,200,219,219,219,229,243,269,369,369,369,369],"floor_reached":33,"language":"ENG","playtime":2333,"items_purged":["Strike_P","Defend_P"],"score":840,"play_id":"9d146348-6b19-4066-9ab6-6a2b8e6517eb","local_time":"20210227193819","is_ascension_mode":true,"campfire_choices":[{"floor":7,"key":"REST"},{"floor":11,"key":"REST"},{"data":"Apotheosis","floor":15,"key":"SMITH"},{"data":"BattleHymn","floor":23,"key":"SMITH"},{"floor":27,"key":"REST"},{"floor":32,"key":"REST"}],"circlet_count":0,"master_deck":["AscendersBane","Strike_P","Strike_P","Strike_P","Defend_P","Defend_P","Defend_P","Eruption","Vigilance","Apotheosis+1","BattleHymn+1","CutThroughFate","CutThroughFate","SashWhip","Protect","FollowUp","Halt","MasterReality","CarveReality","Consecrate+1","FearNoEvil","Tantrum"],"relics":["PureWater","Happy Flower","TungstenRod","Omamori","GoldenEye","Membership Card","Torii","ClockworkSouvenir","Mummified Hand","Kunai","Blue Candle","Pear","Black Star","Bottled Tornado","Akabeko","Unceasing Top","MealTicket","CloakClasp","Calipers","Peace Pipe","Eternal Feather"],"acts_visited":["Exordium","TheCity"],"potions_floor_usage":[33],"damage_taken":[{"damage":0,"enemies":"Cultist","floor":1,"turns":3},{"damage":6,"enemies":"2 Louse","floor":2,"turns":2},{"damage":0,"enemies":"Jaw Worm","floor":3,"turns":1},{"damage":9,"enemies":"2 Fungi Beasts","floor":4,"turns":3},{"damage":0,"enemies":"3 Sentries","floor":6,"turns":6},{"damage":11,"enemies":"Gremlin Nob","floor":8,"turns":4},{"damage":0,"enemies":"Looter","floor":12,"turns":2},{"damage":0,"enemies":"Blue Slaver","floor":13,"turns":3},{"damage":0,"enemies":"Lagavulin","floor":14,"turns":3},{"damage":0,"enemies":"Slime Boss","floor":16,"turns":5},{"damage":7,"enemies":"Shell Parasite","floor":18,"turns":4},{"damage":0,"enemies":"Chosen","floor":20,"turns":3},{"damage":21,"enemies":"Snake Plant","floor":22,"turns":4},{"damage":21,"enemies":"Gremlin Leader","floor":24,"turns":5},{"damage":0,"enemies":"Snecko","floor":25,"turns":3},{"damage":7,"enemies":"Cultist and Chosen","floor":28,"turns":5},{"damage":0,"enemies":"3 Cultists","floor":29,"turns":3},{"damage":18,"enemies":"Slavers","floor":30,"turns":5},{"damage":13,"enemies":"Colosseum Slavers","floor":31,"turns":3},{"damage":5,"enemies":"Colosseum Nobs","floor":31,"turns":4},{"damage":110,"enemies":"Champ","floor":33,"turns":6}],"seed_played":"6782167344503036068","potions_obtained":[],"is_trial":false,"path_per_floor":["M","M","M","M","$","E","R","E","T","$","R","M","M","E","R","B",null,"M","?","M","T","M","R","E","M","T","R","M","M","E","?","R","B"],"character_chosen":"WATCHER","items_purchased":["Apotheosis","Happy Flower","BattleHymn","Omamori","CutThroughFate","Membership Card","Torii","Dexterity Potion","BottledMiracle","ClockworkSouvenir","Protect","FairyPotion"],"campfire_rested":4,"item_purchase_floors":[0,0,0,0,0,0,0,0,0,5,5,5],"current_hp_per_floor":[23,17,17,8,8,8,29,18,18,18,39,39,39,49,49,49,74,67,67,67,67,46,46,25,25,25,49,42,42,24,6,42,0,0],"gold":369,"neow_bonus":"","is_daily":false,"chose_seed":false,"campfire_upgraded":2,"win_rate":0.0,"timestamp":1614415099,"path_taken":["M","M","?","M","$","E","R","E","T","$","R","M","M","E","R","BOSS","M","?","M","?","M","R","E","M","T","R","M","M","E","?","R","BOSS"],"items_purchased_type":["Card","Relic","Card","Relic","Card","Relic","Relic","Potion","Potion","Relic","Card","Potion"],"build_version":"2020-12-22","purchased_purges":2,"victory":false,"max_hp_per_floor":[72,72,72,72,72,72,72,72,72,72,72,72,72,82,82,82,82,82,82,82,82,82,82,82,82,82,82,82,82,82,82,82,82,82],"card_choices":[{"not_picked":["EmptyBody","Protect"],"picked":"CutThroughFate","floor":1},{"not_picked":["Protect","PathToVictory"],"picked":"SashWhip","floor":2},{"not_picked":["Fasting2","Consecrate","BowlingBash"],"picked":"SKIP","floor":3},{"not_picked":["Evaluate","Nirvana","ForeignInfluence"],"picked":"SKIP","floor":4},{"not_picked":["LessonLearned","BowlingBash","Consecrate"],"picked":"SKIP","floor":6},{"not_picked":["Fasting2","Wireheading","WreathOfFlame"],"picked":"SKIP","floor":8},{"not_picked":["BowlingBash","BattleHymn","Evaluate"],"picked":"SKIP","floor":12},{"not_picked":["PathToVictory","BowlingBash"],"picked":"FollowUp","floor":13},{"not_picked":["Study","BowlingBash"],"picked":"Halt","floor":14},{"not_picked":["Brilliance","Scrawl"],"picked":"MasterReality","floor":16},{"not_picked":["WindmillStrike","EmptyMind+1","Nirvana"],"picked":"SKIP","floor":18},{"not_picked":["Vengeance","SignatureMove","ThirdEye"],"picked":"SKIP","floor":20},{"not_picked":["ThirdEye","Protect"],"picked":"Consecrate+1","floor":22},{"not_picked":["BowlingBash","MentalFortress"],"picked":"FearNoEvil","floor":24},{"not_picked":["ClearTheMind","Meditate+1","Crescendo+1"],"picked":"SKIP","floor":25},{"not_picked":["Omniscience","JustLucky+1","Evaluate"],"picked":"SKIP","floor":28},{"not_picked":["EmptyFist","JustLucky"],"picked":"Tantrum","floor":29},{"not_picked":["Meditate","Perseverance","SashWhip+1"],"picked":"SKIP","floor":30}],"player_experience":1119888,"relics_obtained":[{"floor":6,"key":"Mummified Hand"},{"floor":8,"key":"Kunai"},{"floor":9,"key":"Blue Candle"},{"floor":14,"key":"Pear"},{"floor":21,"key":"Bottled Tornado"},{"floor":24,"key":"Akabeko"},{"floor":24,"key":"Unceasing Top"},{"floor":26,"key":"MealTicket"},{"floor":30,"key":"CloakClasp"},{"floor":30,"key":"Calipers"},{"floor":31,"key":"Peace Pipe"},{"floor":31,"key":"Eternal Feather"}],"event_choices":[{"damage_healed":0,"gold_gain":0,"player_choice":"Read","damage_taken":0,"max_hp_gain":0,"max_hp_loss":0,"event_name":"The Library","floor":19,"gold_loss":0,"cards_obtained":["CarveReality"]},{"damage_healed":0,"gold_gain":0,"player_choice":"Fight","damage_taken":0,"max_hp_gain":0,"max_hp_loss":0,"event_name":"Colosseum","floor":31,"gold_loss":0},{"damage_healed":0,"gold_gain":0,"player_choice":"Fought Nobs","damage_taken":0,"max_hp_gain":0,"max_hp_loss":0,"event_name":"Colosseum","floor":31,"gold_loss":0}],"is_beta":false,"boss_relics":[{"not_picked":["Pandora\u0027s Box","VioletLotus"],"picked":"Black Star"}],"items_purged_floors":[0,10],"is_endless":false,"potions_floor_spawned":[2,12,14,16,20,22,24,31],"killed_by":"Champ","ascension_level":13}}