{"host":"31tc240f79w5ro53","time":1614432551,"event":{"mods":["BaseMod","DeckTracker","Keyboard Shortcuts","Minty Spire (QoL Compilation)","Permanent Neow","ShortenTheSpire","SuperFastMode","everything is the same but u backflip on backflip"],"gold_per_floor":[119,119,132,232,247,247,258,277,277,296,296,198,209,268,268,367,417,432,444,444,444,369,369,382,457,457,457,472,157,157,157],"floor_reached":30,"language":"KOR","playtime":1483,"items_purged":["Pain","Defend_R"],"score":247,"play_id":"900e9a14-0eb4-47a2-9b23-bde1060b3cc5","local_time":"20210227222911","is_ascension_mode":false,"campfire_choices":[{"data":"Bash","floor":6.0,"key":"SMITH"},{"data":"True Grit","floor":15.0,"key":"SMITH"},{"floor":23,"key":"REST"},{"floor":27,"key":"REST"}],"circlet_count":0,"master_deck":["Strike_R","Strike_R","Strike_R","Strike_R","Defend_R+1","Defend_R","Defend_R","Bash+1","Battle Trance","Dual Wield","Heavy Blade","Cleave","Headbutt","True Grit+1","Exhume","Clothesline","Infernal Blade","Shrug It Off","Dark Embrace+1","Bandage Up"],"relics":["Burning Blood","Ancient Tea Set","WarpedTongs","Dead Branch","Tiny House","Frozen Egg 2","Ornamental Fan"],"acts_visited":["Exordium","TheCity"],"potions_floor_usage":[16,16,19,19,30,30],"damage_taken":[{"damage":10.0,"enemies":"Jaw Worm","floor":1.0,"turns":4.0},{"damage":4.0,"enemies":"Cultist","floor":3.0,"turns":3.0},{"damage":10.0,"enemies":"2 Louse","floor":5.0,"turns":4.0},{"damage":3.0,"enemies":"Looter","floor":7.0,"turns":3.0},{"damage":20.0,"enemies":"2 Fungi Beasts","floor":8.0,"turns":4.0},{"damage":11.0,"enemies":"Blue Slaver","floor":10.0,"turns":4.0},{"damage":5.0,"enemies":"Looter","floor":13.0,"turns":3.0},{"damage":61,"enemies":"Slime Boss","floor":16,"turns":15},{"damage":20,"enemies":"Shell Parasite","floor":18,"turns":8},{"damage":26,"enemies":"3 Byrds","floor":19,"turns":4},{"damage":28,"enemies":"Snecko","floor":24,"turns":6},{"damage":14,"enemies":"Centurion and Healer","floor":28,"turns":6},{"damage":89,"enemies":"Slavers","floor":30,"turns":5}],"seed_played":"-7982846504211407470","potions_obtained":[{"floor":3.0,"key":"SpeedPotion"},{"floor":8.0,"key":"SkillPotion"},{"floor":16,"key":"Explosive Potion"},{"floor":17,"key":"LiquidBronze"},{"floor":24,"key":"Weak Potion"},{"floor":28,"key":"BlessingOfTheForge"}],"is_trial":false,"path_per_floor":["M","?","M","?","M","R","M","M","T","M","?","$","M","?","R","B",null,"M","M","?","?","?","R","M","T","T","R","M","$","E"],"character_chosen":"IRONCLAD","items_purchased":["True Grit","Dark Embrace+1","Bandage Up","BloodPotion"],"campfire_rested":2,"item_purchase_floors":[12,29,29,29],"current_hp_per_floor":[76,76,78,78,74,74,77,63,63,58,63,63,64,64,64,9,90,76,56,56,38,38,66,44,44,44,72,64,64,0,0],"gold":157,"neow_bonus":"RANDOM_COMMON_RELIC","is_daily":false,"chose_seed":false,"campfire_upgraded":2,"win_rate":0.0,"timestamp":1614432551,"path_taken":["M","?","?","?","?","R","M","M","T","M","?","$","M","?","R","BOSS","M","M","?","?","?","R","M","?","T","R","M","$","E"],"items_purchased_type":["Card","Card","Card","Potion"],"build_version":"2020-12-22","purchased_purges":2,"victory":false,"max_hp_per_floor":[80,80,80,80,80,80,80,80,80,80,85,85,85,85,85,85,90,90,90,90,95,95,95,95,95,95,95,95,95,95,95],"card_choices":[{"not_picked":["Wild Strike","Headbutt"],"picked":"Battle Trance","floor":1.0},{"not_picked":["Warcry","Twin Strike"],"picked":"Dual Wield","floor":3.0},{"not_picked":["Anger","Burning Pact","Dropkick"],"picked":"SKIP","floor":5.0},{"not_picked":["Immolate","Iron Wave"],"picked":"Heavy Blade","floor":7.0},{"not_picked":["Anger","Body Slam"],"picked":"Cleave","floor":8.0},{"not_picked":["Clash","Anger"],"picked":"Headbutt","floor":10.0},{"not_picked":["Metallicize","Combust","Perfected Strike"],"picked":"SKIP","floor":13.0},{"not_picked":["Feed","Double Tap"],"picked":"Exhume","floor":16},{"not_picked":["Power Through","Cleave","Perfected Strike+1"],"picked":"SKIP","floor":18},{"not_picked":["Searing Blow","Hemokinesis"],"picked":"Clothesline","floor":19},{"not_picked":["Headbutt+1","Fire Breathing+1"],"picked":"Infernal Blade","floor":24},{"not_picked":["Wild Strike","Rupture+1"],"picked":"Shrug It Off","floor":28}],"player_experience":166611,"relics_obtained":[{"floor":9.0,"key":"Dead Branch"},{"floor":25,"key":"Frozen Egg 2"},{"floor":26,"key":"Ornamental Fan"}],"event_choices":[{"damage_healed":0.0,"max_hp_gain":0.0,"max_hp_loss":0.0,"gold_gain":0.0,"event_name":"Accursed Blacksmith","player_choice":"Rummage","floor":2.0,"gold_loss":0.0,"damage_taken":0.0,"relics_obtained":["WarpedTongs"],"cards_obtained":["Pain"]},{"damage_healed":0.0,"max_hp_gain":0.0,"max_hp_loss":0.0,"gold_gain":100.0,"event_name":"Golden Shrine","player_choice":"Pray","floor":4.0,"gold_loss":0.0,"damage_taken":0.0},{"damage_healed":0.0,"max_hp_gain":5.0,"max_hp_loss":0.0,"gold_gain":0.0,"event_name":"Big Fish","player_choice":"Donut","floor":11.0,"gold_loss":0.0,"damage_taken":0.0},{"damage_healed":0.0,"max_hp_gain":0.0,"max_hp_loss":0.0,"gold_gain":59.0,"event_name":"Golden Wing","player_choice":"Gained Gold","floor":14.0,"gold_loss":0.0,"damage_taken":0.0},{"damage_healed":0,"gold_gain":0,"player_choice":"Ignored","damage_taken":0,"max_hp_gain":0,"max_hp_loss":0,"event_name":"Ghosts","floor":20,"gold_loss":0},{"damage_healed":0,"gold_gain":0,"player_choice":"Shed Blood","damage_taken":23,"max_hp_gain":5,"max_hp_loss":0,"event_name":"Forgotten Altar","floor":21,"gold_loss":0},{"cards_removed":["Strike_R"],"damage_healed":0,"gold_gain":0,"player_choice":"Gave Gold","damage_taken":0,"max_hp_gain":0,"max_hp_loss":0,"event_name":"Beggar","floor":22,"gold_loss":75}],"is_beta":false,"boss_relics":[{"not_picked":["Mark of Pain","Black Star"],"picked":"Tiny House"}],"items_purged_floors":[12,29],"is_endless":false,"potions_floor_spawned":[3,8,16,24,28],"killed_by":"Slavers","ascension_level":0}}