{"host":"jr8vrtwn64siegs0","time":1614388509,"event":{"mods":["2.2 Compatiblity","Aspiration","BaseMod","Better Third Choice","BetterRewards","Colored Map","Downfall","Friendly Minions","Hubris","Jorbs\u0027s Wanderer Trilogy","Minty Spire (QoL Compilation)","Quick Restart","Shop Mod","StSLib","The Bug Knight","everything is the same but u backflip on backflip"],"gold_per_floor":[99,2,14,31,45,63,114,126,152,180,192,223,235,279,302,415,427,439,467,564,66,66,66,141,157,182,194,220,220,220,238,252,356,356,356,409,409,409,424,349,403,403,45,73,73,73,101,111,131,131,131,131],"floor_reached":50,"language":"ENG","playtime":4805,"items_purged":["Slimebound:CorrosiveSpit","Injury"],"score":642,"play_id":"29d76704-f82e-4d6d-b091-401b16a3db84","local_time":"20210226171509","is_ascension_mode":false,"campfire_choices":[{"data":"Discovery","floor":1,"key":"SMITH"},{"data":"Slimebound:PrepareCrush","floor":8,"key":"SMITH"},{"data":"Slimebound:Darklings","floor":11,"key":"SMITH"},{"data":"Slimebound:Split","floor":13,"key":"SMITH"},{"data":"Slimebound:Teamwork","floor":18,"key":"SMITH"},{"data":"Slimebound:Teamwork","floor":23,"key":"SMITH"},{"data":"expansioncontent:PolyBeam","floor":30,"key":"SMITH"},{"data":"Slimebound:TagTeam","floor":35,"key":"SMITH"}],"circlet_count":0,"master_deck":["Slimebound:Defend_Slimebound","Slimebound:Defend_Slimebound","Slimebound:Defend_Slimebound","Slimebound:Split+1","Discovery+1","Slimebound:Equalize+1","Slimebound:SplitMire","Slimebound:RainOfGoop","Slimebound:SplitBruiser","Slimebound:SplitBruiser","Slimebound:Darklings+1","Slimebound:Gluttony","Slimebound:Prepare","Slimebound:Recollect","Slimebound:GoopSpray","Slimebound:Teamwork+1","CurseOfTheBell","Slimebound:Teamwork+1","expansioncontent:PolyBeam+1","Bite+1","Bite","Bite","Slimebound:MegaLick","Slimebound:LeadByExample","Slimebound:SlimeSpikes","Slimebound:Prepare","Slimebound:Prepare+1","Slimebound:HauntingLick+1","Slimebound:TagTeam+1","Slimebound:MegaLick+1","Slimebound:Darklings","Slimebound:FormOfPuddle+1","Slimebound:Repurpose","Slimebound:SelfFormingGoo","Slimebound:Overexert","Slimebound:SlimeTap"],"relics":["Slimebound:AbsorbEndCombat","MawBank","White Beast Statue","Calling Bell","Regal Pillow","Singing Bowl","Mango","HollowMod:JonisBlessing","aspiration:FrozenJewel","Mercury Hourglass","Strawberry","aspiration:Lifesprig","Philosopher\u0027s Stone","hubris:CuriousFeather","Strange Spoon","Anchor","hubris:Towel","Whetstone","InkBottle","hubris:Icosahedron","FossilizedHelix"],"acts_visited":["Exordium","TheCity","TheBeyond"],"potions_floor_usage":[12,14,16,19,21,26,26,27,28,28,31,33,36,40,44,44,44,48,49,50,50],"damage_taken":[{"damage":18,"enemies":"downfall:FleeingMerchant","floor":2,"turns":4},{"damage":1,"enemies":"Cultist","floor":3,"turns":3},{"damage":6,"enemies":"Jaw Worm","floor":4,"turns":2},{"damage":5,"enemies":"Small Slimes","floor":5,"turns":4},{"damage":8,"enemies":"Red Slaver","floor":6,"turns":3},{"damage":24,"enemies":"Large Slime","floor":9,"turns":4},{"damage":5,"enemies":"downfall:LooterAlt","floor":10,"turns":2},{"damage":1,"enemies":"3 Louse","floor":12,"turns":3},{"damage":14,"enemies":"Gremlin Nob","floor":14,"turns":3},{"damage":7,"enemies":"2 Fungi Beasts","floor":15,"turns":3},{"damage":15,"enemies":"WA_ARCHETYPE_RETAIN","floor":16,"turns":5},{"damage":10,"enemies":"Shell Parasite","floor":19,"turns":5},{"damage":13,"enemies":"downfall:FleeingMerchant","floor":21,"turns":4},{"damage":0,"enemies":"Snecko","floor":25,"turns":4},{"damage":0,"enemies":"Book of Stabbing","floor":26,"turns":4},{"damage":0,"enemies":"Snake Plant","floor":27,"turns":3},{"damage":7,"enemies":"Slavers","floor":28,"turns":5},{"damage":0,"enemies":"Centurion and Healer","floor":31,"turns":4},{"damage":0,"enemies":"3 Cultists","floor":32,"turns":5},{"damage":22,"enemies":"DF_ARCHETYPE_CLAW","floor":33,"turns":9},{"damage":0,"enemies":"2 Orb Walkers","floor":36,"turns":4},{"damage":0,"enemies":"3 Darklings","floor":39,"turns":4},{"damage":0,"enemies":"downfall:FleeingMerchant","floor":40,"turns":4},{"damage":0,"enemies":"Reptomancer","floor":44,"turns":7},{"damage":17,"enemies":"Nemesis","floor":47,"turns":5},{"damage":0,"enemies":"3 Shapes","floor":48,"turns":3},{"damage":0,"enemies":"Jaw Worm Horde","floor":49,"turns":4},{"damage":97,"enemies":"SI_POISON_ARCHETYPE","floor":50,"turns":5}],"seed_played":"3424265212166308825","potions_obtained":[{"floor":4,"key":"Ancient Potion"},{"floor":9,"key":"SpeedPotion"},{"floor":10,"key":"Swift Potion"},{"floor":15,"key":"Slimebound:SlimyTonguePotion"},{"floor":16,"key":"Weak Potion"},{"floor":19,"key":"PowerPotion"},{"floor":21,"key":"Energy Potion"},{"floor":25,"key":"hexamod:SoulburnPotion"},{"floor":26,"key":"sneckomod:MuddlingPotion"},{"floor":27,"key":"sneckomod:MuddlingPotion"},{"floor":28,"key":"Slimebound:SlimyTonguePotion"},{"floor":31,"key":"Block Potion"},{"floor":32,"key":"Dexterity Potion"},{"floor":33,"key":"Swift Potion"},{"floor":36,"key":"Ancient Potion"},{"floor":39,"key":"FearPotion"},{"floor":40,"key":"AttackPotion"},{"floor":44,"key":"Energy Potion"},{"floor":47,"key":"Slimebound:SlimedPotion"},{"floor":48,"key":"ColorlessPotion"},{"floor":49,"key":"Dexterity Potion"}],"is_trial":false,"path_per_floor":["R","$","M","M","M","M","T","R","M","M","R","M","R","E","M","B",null,"R","M","?","$","?","R","T","M","E","M","E","?","R","M","M","B",null,"R","?","?","?","M","$","T","?","$","E","?","?","E","M","M","B"],"character_chosen":"SLIMEBOUND","items_purchased":["Slimebound:PrepareCrush","HollowMod:JonisBlessing","expansioncontent:PolyBeam","aspiration:FrozenJewel","Strange Spoon","Slimebound:Repurpose","Slimebound:SelfFormingGoo","Whetstone","Fruit Juice"],"campfire_rested":0,"item_purchase_floors":[2,21,21,21,40,40,40,43,43],"current_hp_per_floor":[65,51,50,48,51,47,47,47,37,32,32,31,31,29,36,27,79,79,73,61,64,56,56,56,56,63,63,56,56,56,56,56,34,63,63,63,63,63,65,65,65,65,65,65,65,65,48,50,52,0,0,0],"gold":131,"neow_bonus":"RANDOM_COLORLESS","is_daily":false,"chose_seed":false,"campfire_upgraded":8,"win_rate":0.0,"timestamp":1614388509,"path_taken":["R","$","M","M","M","M","T","R","M","?","R","M","R","E","M","BOSS","R","M","?","$","?","R","T","M","E","M","E","?","R","M","M","BOSS","R","?","?","?","M","$","T","?","$","E","?","?","E","M","M","BOSS"],"items_purchased_type":["Card","Relic","Card","Relic","Relic","Card","Card","Relic","Potion"],"build_version":"2020-12-22","purchased_purges":2,"victory":false,"max_hp_per_floor":[65,65,65,65,65,65,65,65,65,65,65,65,65,65,65,65,79,79,79,79,81,56,56,56,56,63,63,63,63,63,63,63,63,63,63,63,63,63,65,65,65,65,65,70,70,70,70,72,74,74,74,74],"card_choices":[{"not_picked":["Madness","Finesse"],"picked":"Discovery","floor":0},{"not_picked":["Slimebound:SamplingLick","Slimebound:LeadByExample"],"picked":"Slimebound:Equalize","floor":2},{"not_picked":["Slimebound:SlimeSpikes","Slimebound:LevelUp"],"picked":"Slimebound:SplitMire","floor":3},{"not_picked":["Slimebound:ComboTackle","Slimebound:SplitLeeching"],"picked":"Slimebound:RainOfGoop","floor":4},{"not_picked":["Slimebound:PressTheAttack","Slimebound:LeechEnergy"],"picked":"Slimebound:SplitBruiser","floor":5},{"not_picked":["Slimebound:Schlurp","Slimebound:SpikyOuterGoop"],"picked":"Slimebound:SplitBruiser","floor":6},{"not_picked":["Slimebound:SplitLeeching","Slimebound:TongueLash"],"picked":"Slimebound:Darklings","floor":9},{"not_picked":["Slimebound:Chomp","Slimebound:LeechingTouch"],"picked":"Slimebound:Gluttony","floor":10},{"not_picked":["Slimebound:SplitBruiser","Slimebound:SplitMire"],"picked":"Slimebound:Prepare","floor":12},{"not_picked":["Slimebound:SpikyOuterGoop","Slimebound:LeechingTouch"],"picked":"Slimebound:Recollect","floor":14},{"not_picked":["Slimebound:GrowthPunch","Slimebound:RainOfGoop"],"picked":"Slimebound:GoopSpray","floor":15},{"not_picked":["Slimebound:Darklings","Slimebound:CheckThePlaybook"],"picked":"Slimebound:Teamwork","floor":16},{"not_picked":["Slimebound:LeechingTouch+1","Slimebound:Prepare"],"picked":"Slimebound:Teamwork","floor":19},{"not_picked":["Slimebound:Schlurp+1","Slimebound:RainOfGoop","Slimebound:PressTheAttack"],"picked":"Singing Bowl","floor":21},{"not_picked":["Slimebound:FormOfPuddle","Slimebound:LivingWall"],"picked":"Slimebound:MegaLick","floor":25},{"not_picked":["Slimebound:RainOfGoop","Slimebound:LeechEnergy"],"picked":"Slimebound:LeadByExample","floor":26},{"not_picked":["Slimebound:SplitMire","Slimebound:FlameTackle"],"picked":"Slimebound:SlimeSpikes","floor":27},{"not_picked":["Slimebound:FormOfPuddle","Slimebound:RainOfGoop+1"],"picked":"Slimebound:Prepare","floor":28},{"not_picked":["Slimebound:SlimeSpikes+1","Slimebound:Equalize"],"picked":"Slimebound:Prepare+1","floor":31},{"not_picked":["Slimebound:BestDefense","Slimebound:ItLooksTasty"],"picked":"Slimebound:HauntingLick+1","floor":32},{"not_picked":["Slimebound:DuplicatedForm","Slimebound:MassRepurpose"],"picked":"Slimebound:TagTeam","floor":33},{"not_picked":["Slimebound:FinishingTackle","Slimebound:SplitBruiser+1"],"picked":"Slimebound:MegaLick+1","floor":36},{"not_picked":["Slimebound:DivideAndConquer","Slimebound:LeechEnergy","Slimebound:SplitBruiser+1"],"picked":"Singing Bowl","floor":39},{"not_picked":["Slimebound:SplitMire","Slimebound:LeechEnergy+1"],"picked":"Slimebound:FormOfPuddle+1","floor":40},{"not_picked":["Slimebound:SplitLeeching+1","Slimebound:BestDefense+1"],"picked":"Slimebound:Overexert","floor":44},{"not_picked":["Slimebound:HauntingLick","Slimebound:ComboTackle+1"],"picked":"Slimebound:SlimeTap","floor":47},{"not_picked":["Slimebound:GrowthPunch+1","Slimebound:Replication","Slimebound:PressTheAttack"],"picked":"Singing Bowl","floor":48},{"not_picked":["Slimebound:Schlurp","Slimebound:SplitLeeching","Slimebound:Equalize"],"picked":"Singing Bowl","floor":49}],"player_experience":627512,"relics_obtained":[{"floor":7,"key":"MawBank"},{"floor":14,"key":"White Beast Statue"},{"floor":17,"key":"Regal Pillow"},{"floor":17,"key":"Singing Bowl"},{"floor":17,"key":"Mango"},{"floor":24,"key":"Mercury Hourglass"},{"floor":26,"key":"Strawberry"},{"floor":28,"key":"aspiration:Lifesprig"},{"floor":36,"key":"hubris:CuriousFeather"},{"floor":41,"key":"Anchor"},{"floor":44,"key":"InkBottle"},{"floor":47,"key":"FossilizedHelix"}],"event_choices":[{"damage_healed":0,"gold_gain":0,"player_choice":"Became a vampire","damage_taken":0,"max_hp_gain":0,"max_hp_loss":25,"event_name":"Vampires","floor":22,"gold_loss":0,"cards_obtained":["Bite","Bite","Bite","Bite","Bite"]},{"damage_healed":0,"gold_gain":0,"player_choice":"Fight","damage_taken":0,"max_hp_gain":0,"max_hp_loss":0,"event_name":"Mysterious Sphere","floor":36,"gold_loss":0},{"cards_removed":["Bite"],"damage_healed":0,"gold_gain":0,"player_choice":"Removed Attack","damage_taken":0,"max_hp_gain":0,"max_hp_loss":0,"event_name":"Falling","floor":45,"gold_loss":0}],"is_beta":false,"boss_relics":[{"not_picked":["hubris:GrandSneckoEye","bronze:MakeshiftBattery"],"picked":"Calling Bell"},{"not_picked":["aspiration:RitualDagger","Coffee Dripper"],"picked":"Philosopher\u0027s Stone"}],"items_purged_floors":[40,43],"is_endless":false,"potions_floor_spawned":[4,9,10,15,16,19,21,25,26,27,28,31,32,33,36,39,40,44,47,48,49],"killed_by":"SI_POISON_ARCHETYPE","ascension_level":0}}