{"host":"d73an99q9oevilk5","time":1614415982,"event":{"mods":["2.2 Compatiblity","AchievementEnabler","Act Like it!","Aspiration","BaseMod","Beaked The Cultist","Better Third Choice","BetterRewards","Bossed Relics","Colored Map","Colored Powertips","Conspire","Downfall","GifTheSpireLib","GungeonMod","Halation","Hubris","Infinite Spire","Marisa????????","Mimic Mod","Minty Spire (QoL Compilation)","MostiFishMod","Quick Restart","Relic Sorter","Reliquary","Replay The Spire","Shop Mod","Spikes Relics","StSLib","Stuff the Spire","The Cursed","The Jungle","The Necromancer","The Saiyan","TheHero","Waifu the Spire","egg","slay the spire mod where everything is the same but ironclad has a cowboy hat"],"gold_per_floor":[116,116,44,63,80,113,113,113,113,113,146,158,13,13,13,116,116,132,149,149,149,175,187,43,82,117,128,128,128,128,232,232,243,203,135,146,146,146,177,177,177,177,177,177,177,177],"floor_reached":51,"language":"ENG","playtime":990,"items_purged":[],"score":1215,"play_id":"c2897227-4f01-4e08-82cf-b8b729d309df","local_time":"20210227015302","is_ascension_mode":false,"campfire_choices":[{"data":"SprinkleStarSeal","floor":7,"key":"SMITH"},{"data":"MysteriousBeam","floor":10,"key":"SMITH"},{"data":"StuffTheSpire:BrainWave","floor":15,"key":"SMITH"},{"data":"MillisecondPulsars","floor":29,"key":"SMITH"},{"data":"OortCloud","floor":32,"key":"SMITH"},{"data":"MachineGunSpark","floor":40,"key":"SMITH"},{"data":"DeepEcoloBomb","floor":44,"key":"SMITH"},{"data":"AsteroidBelt","floor":47,"key":"SMITH"},{"data":"Strike_MRS","floor":49,"key":"SMITH"}],"circlet_count":0,"master_deck":["Strike_MRS+1","Strike_MRS","Strike_MRS","Strike_MRS+1","Defend_MRS","Defend_MRS+1","Defend_MRS","Defend_MRS","MasterSpark+1","UpSweep+1","AsteroidBelt+1","SprinkleStarSeal+1","GalacticHalo+1","DeepEcoloBomb+1","MysteriousBeam+1","OortCloud+1","StuffTheSpire:BrainWave+1","MillisecondPulsars+1","BlazeAway+1","SporeBomb+1","FinalSpark+1","OpenUniverse+1","MachineGunSpark+1","MilkyWay+1"],"relics":["MiniHakkero","DaveBox","ChiXiaoBlade","infinitespire:EmpoweringShard","SentryEyes","conspire:TreasureMap","hubris:Teleporter","SynthV:TestCard","Incense Burner","halation:PinkSoulGem","DemoMod:ClearGuonStone","Whetstone","infinitespire:Cupcake","BargainBundle","Lantern","Bronze Scales","halation:SwordOfLegend","reliquary:Sod","SlaversCollar","DemoMod:BlueGuonStone","RoseTintedShades","Smiling Mask"],"acts_visited":["Exordium","TheCity","TheBeyond"],"potions_floor_usage":[50,50],"damage_taken":[{"damage":0,"enemies":"Cultist","floor":1,"turns":2},{"damage":0,"enemies":"conspire:RoseBush","floor":4,"turns":2},{"damage":0,"enemies":"Jaw Worm","floor":5,"turns":2},{"damage":0,"enemies":"Replay:BlueRogue","floor":6,"turns":4},{"damage":0,"enemies":"Lagavulin","floor":11,"turns":4},{"damage":0,"enemies":"Looter","floor":12,"turns":2},{"damage":0,"enemies":"Hexaghost","floor":16,"turns":6},{"damage":0,"enemies":"3 Byrds","floor":18,"turns":2},{"damage":0,"enemies":"conspire:FuzzyDice","floor":19,"turns":3},{"damage":0,"enemies":"conspire:SneckoGhost","floor":23,"turns":2},{"damage":5,"enemies":"Shelled Parasite and Fungi","floor":24,"turns":2},{"damage":0,"enemies":"Snake Plant","floor":26,"turns":7},{"damage":0,"enemies":"Book of Stabbing","floor":27,"turns":4},{"damage":4,"enemies":"Snake Plant","floor":28,"turns":2},{"damage":0,"enemies":"Collector","floor":33,"turns":4},{"damage":0,"enemies":"3 Darklings","floor":35,"turns":1},{"damage":5,"enemies":"Orb Walker","floor":39,"turns":2},{"damage":8,"enemies":"Nemesis","floor":42,"turns":3},{"damage":4,"enemies":"hubris:GrandSnecko","floor":50,"turns":4}],"seed_played":"2641646866834110103","potions_obtained":[{"floor":4,"key":"Toxic Potion"},{"floor":12,"key":"Weak Potion"}],"is_trial":false,"path_per_floor":["M","?","$","M","M","E","R","?","T","R","E","M","$","?","R","B",null,"M","M","?","AVR","E","M","$","MIM","E","M","R","?","R","B",null,"M","?","$","M","R","AVR","E","T","R","?","?","R","R","B",null],"character_chosen":"MARISA","items_purchased":["infinitespire:EmpoweringShard","conspire:TreasureMap","Fire Potion","SprinkleStarSeal","Whetstone","Bronze Scales","MachineGunSpark"],"campfire_rested":0,"item_purchase_floors":[0,0,0,3,13,25,37],"current_hp_per_floor":[75,60,60,60,60,60,60,60,60,60,60,60,60,60,60,60,75,75,75,75,75,75,70,70,70,70,66,72,58,58,58,80,80,80,80,75,80,80,72,72,75,75,75,75,75,71],"gold":177,"neow_bonus":"","is_daily":false,"chose_seed":false,"campfire_upgraded":9,"win_rate":0.0,"timestamp":1614415982,"path_taken":["M","?","$","M","M","E","R","?","T","R","E","M","?","?","R","BOSS","M","M","?","AVR","E","?","$","MIM","E","M","R","?","R","BOSS","M","?","$","?","R","AVR","E","T","R","?","?","R","R","BOSS"],"items_purchased_type":["Relic","Relic","Potion","Card","Relic","Relic","Card"],"build_version":"2020-12-22","purchased_purges":0,"victory":true,"max_hp_per_floor":[75,75,75,75,75,75,75,75,75,75,75,75,75,75,75,75,75,75,75,75,75,75,75,75,75,75,75,75,80,80,80,80,80,80,80,80,80,80,80,80,80,80,80,80,80,80],"card_choices":[{"not_picked":["NonDirectionalLaser","WitchLeyline"],"picked":"AsteroidBelt","floor":1},{"not_picked":["BlazeAway","SprinkleStarSeal","Singularity","6A"],"picked":"GalacticHalo","floor":4},{"not_picked":["Singularity","DC","GalacticHalo","DoubleSpark"],"picked":"DeepEcoloBomb","floor":5},{"not_picked":["GravityBeat","IllusionStar","SprinkleStarSeal","SporeBomb"],"picked":"MysteriousBeam","floor":6},{"not_picked":["Orbital","PowerUp","GrandCross","JA"],"picked":"OortCloud","floor":11},{"not_picked":["LuminesStrike","IllusionStar","GravityBeat","GasGiant","UnstableBomb"],"picked":"SKIP","floor":12},{"not_picked":["StuffTheSpire:Innocence","StuffTheSpire:Rapture"],"picked":"StuffTheSpire:BrainWave","floor":14},{"not_picked":["JA","EscapeVelocity","BigCrunch","StarDustReverie"],"picked":"MillisecondPulsars","floor":16},{"not_picked":["UnstableBomb","StarlightTyphoon","DarkSpark","GrandCross","GravityBeat"],"picked":"SKIP","floor":18},{"not_picked":["GasGiant","PulseMagic","ShootingEcho","LuminesStrike"],"picked":"BlazeAway+1","floor":19},{"not_picked":["SuperNova","WitchLeyline","IllusionStar","DoubleSpark","GrandCross"],"picked":"SKIP","floor":23},{"not_picked":["EarthLightRay","ChargingUp","PowerUp","6A"],"picked":"SporeBomb+1","floor":24},{"not_picked":["WitchLeyline","DC","EnergyRecoil","UnstableBomb","MysteriousBeam"],"picked":"SKIP","floor":27},{"not_picked":["PowerUp","DC","AlicesGift","StarBarrage","UnstableBomb"],"picked":"SKIP","floor":28},{"not_picked":["CasketOfStar","StarDustReverie","AbsoluteMagnitude","BlazingStar"],"picked":"FinalSpark","floor":33},{"not_picked":["BlazeAway","UnstableBomb","MilkyWay+1","MagicChant+1"],"picked":"OpenUniverse+1","floor":35},{"not_picked":["SprinkleStarSeal+1","MilkyWay+1","Acceleration+1","DC","ManaConvection"],"picked":"SKIP","floor":39},{"not_picked":["DarkSpark","StarlightTyphoon","MysteriousBeam+1","DoubleSpark"],"picked":"MilkyWay+1","floor":42}],"player_experience":2013596,"relics_obtained":[{"floor":1,"key":"SynthV:TestCard"},{"floor":6,"key":"Incense Burner"},{"floor":9,"key":"MiniBlackHole"},{"floor":11,"key":"DemoMod:ClearGuonStone"},{"floor":23,"key":"Lantern"},{"floor":26,"key":"halation:SwordOfLegend"},{"floor":27,"key":"reliquary:Sod"},{"floor":42,"key":"RoseTintedShades"},{"floor":43,"key":"Smiling Mask"}],"event_choices":[{"damage_healed":75,"gold_gain":0,"player_choice":"Upgrade","damage_taken":15,"max_hp_gain":0,"max_hp_loss":75,"event_name":"betterThird:BetterShining","floor":2,"gold_loss":0,"cards_upgraded":["UpSweep","Defend_MRS"]},{"damage_healed":0,"gold_gain":0,"player_choice":"0 cards matched","damage_taken":0,"max_hp_gain":0,"max_hp_loss":0,"event_name":"Match and Keep!","floor":20,"gold_loss":0,"cards_obtained":[]},{"damage_healed":0,"gold_gain":0,"player_choice":"Shed Blood","damage_taken":19,"max_hp_gain":5,"max_hp_loss":0,"event_name":"Forgotten Altar","floor":30,"gold_loss":0},{"damage_healed":0,"gold_gain":0,"player_choice":"Upgrade","damage_taken":0,"max_hp_gain":0,"max_hp_loss":0,"event_name":"Designer","floor":36,"gold_loss":40,"cards_upgraded":["FinalSpark"]},{"damage_healed":0,"gold_gain":0,"player_choice":"Random: Yellow","damage_taken":0,"max_hp_gain":0,"max_hp_loss":0,"event_name":"betterThird:BetterPortal","floor":46,"gold_loss":0},{"damage_healed":0,"gold_gain":0,"player_choice":"Ignored","damage_taken":0,"max_hp_gain":0,"max_hp_loss":0,"event_name":"NoteForYourself","floor":46,"gold_loss":0}],"is_beta":false,"boss_relics":[{"not_picked":["Sandwich","Calling Bell"],"picked":"infinitespire:Cupcake"},{"not_picked":["OneHitWonderSystem","Snecko Eye"],"picked":"SlaversCollar"}],"items_purged_floors":[],"is_endless":false,"potions_floor_spawned":[4,12,16,18,24,35],"ascension_level":0}}