{"host":"wytxk0p0sw9oqde1","time":1614460538,"event":{"mods":["AchievementEnabler","BaseMod","Colored Powertips","Downfall","Minty Spire (QoL Compilation)","Quick Restart","StSLib","SuperFastMode"],"gold_per_floor":[112,125,14,14,31,31,55,40,40,40,65,80,80,65,65,166,166,176,196,196,215,232,59,59,59,59,59],"floor_reached":25,"language":"ENG","playtime":1852,"items_purged":[],"score":201,"play_id":"1d72e8c7-c83b-43f6-ab58-52e931e124c9","local_time":"20210227131538","is_ascension_mode":false,"campfire_choices":[{"data":"champ:Taunt","floor":6.0,"key":"SMITH"},{"data":"champ:CalledShot","floor":13.0,"key":"SMITH"},{"floor":15.0,"key":"REST"}],"circlet_count":0,"master_deck":["champ:Strike","champ:Strike","champ:Defend","champ:Defend","champ:Defend","champ:Defend","champ:Execute","champ:Taunt+1","champ:FancyFootwork","champ:CalledShot+1","champ:DancingMaster","champ:GladiatorStyle","champ:EnGarde","champ:EnragedBash","champ:EnragedBash","CurseOfTheBell","CurseOfTheBell","champ:Improvising","champ:FaceSlap","champ:Encircle","champ:TripleStrike","champ:Encircle+1","champ:ShieldSlam+1","Clumsy","champ:Backstep","champ:Endure","champ:StanceDance","champ:BringItOn","champ:UltimateStance","champ:UltimateStance"],"relics":["champ:ChampionCrown","InkBottle","Boot","downfall:ExtraCursedBell","Anchor","Shuriken","Turnip","Oddly Smooth Stone","Astrolabe","HornCleat"],"acts_visited":["Exordium","TheCity"],"potions_floor_usage":[],"damage_taken":[{"damage":10.0,"enemies":"Cultist","floor":1.0,"turns":4.0},{"damage":10.0,"enemies":"2 Louse","floor":2.0,"turns":3.0},{"damage":20.0,"enemies":"downfall:FleeingMerchant","floor":3.0,"turns":4.0},{"damage":10.0,"enemies":"Small Slimes","floor":5.0,"turns":3.0},{"damage":28.0,"enemies":"downfall:FleeingMerchant","floor":8.0,"turns":4.0},{"damage":94.0,"enemies":"Lagavulin","floor":11.0,"turns":7.0},{"damage":30.0,"enemies":"3 Louse","floor":12.0,"turns":3.0},{"damage":39.0,"enemies":"downfall:FleeingMerchant","floor":14.0,"turns":4.0},{"damage":58.0,"enemies":"DF_ARCHETYPE_STREAMLINE","floor":16.0,"turns":6.0},{"damage":44.0,"enemies":"Shell Parasite","floor":18.0,"turns":6.0},{"damage":43.0,"enemies":"Spheric Guardian","floor":19.0,"turns":4.0},{"damage":45.0,"enemies":"Snake Plant","floor":21.0,"turns":5.0},{"damage":51.0,"enemies":"Centurion and Healer","floor":22.0,"turns":7.0},{"damage":25.0,"enemies":"downfall:FleeingMerchant","floor":23.0,"turns":4.0},{"damage":35,"enemies":"IC_STATUS_ARCHETYPE","floor":25,"turns":4}],"seed_played":"-9044036146128281020","potions_obtained":[{"floor":2.0,"key":"Explosive Potion"},{"floor":5.0,"key":"Ancient Potion"},{"floor":11.0,"key":"FearPotion"},{"floor":16.0,"key":"champ:TechniquePotion"}],"is_trial":false,"path_per_floor":["M","M","$","T","M","R","T","$","?","?","E","M","R","$","R","B",null,"M","M","?","M","M","$","T","?"],"character_chosen":"THE_CHAMP","items_purchased":["champ:GladiatorStyle","champ:EnGarde","champ:UltimateStance"],"campfire_rested":1,"item_purchase_floors":[3,3,23],"current_hp_per_floor":[99,99,99,99,99,99,99,91,96,96,57,42,42,28,59,30,104,85,62,62,37,26,13,13,0,0,0],"gold":59,"neow_bonus":"TEN_PERCENT_HP_BONUS","is_daily":false,"chose_seed":false,"campfire_upgraded":2,"win_rate":0.0,"timestamp":1614460538,"path_taken":["M","M","$","?","M","R","T","?","?","?","E","M","R","$","R","BOSS","M","M","?","M","M","$","T","?"],"items_purchased_type":["Card","Card","Card"],"build_version":"2020-12-22","purchased_purges":0,"victory":false,"max_hp_per_floor":[99,99,99,99,99,99,99,99,104,104,104,104,104,104,104,104,104,104,104,104,104,104,104,104,104,104,104],"card_choices":[{"not_picked":["champ:FanOfKnives","champ:FlashCut"],"picked":"champ:FancyFootwork","floor":1.0},{"not_picked":["champ:Haymaker","champ:AdrenalArmor"],"picked":"champ:CalledShot","floor":2.0},{"not_picked":["champ:BringItOn","champ:Haymaker"],"picked":"champ:DancingMaster","floor":3.0},{"not_picked":["champ:Circumvent","champ:ShieldWall"],"picked":"champ:EnragedBash","floor":5.0},{"not_picked":["champ:ShieldSlam","champ:Circumvent"],"picked":"champ:EnragedBash","floor":8.0},{"not_picked":["champ:BerserkersShout","champ:AdrenalArmor"],"picked":"champ:FaceSlap","floor":11.0},{"not_picked":["champ:ShieldWall","champ:PerfectedStrike","champ:Circumvent"],"picked":"SKIP","floor":12.0},{"not_picked":["champ:RisingSlash","champ:DancingMaster"],"picked":"champ:Encircle","floor":14.0},{"not_picked":["champ:SwordThrow","champ:VampiricStrike"],"picked":"champ:TripleStrike","floor":16.0},{"not_picked":["champ:CrownThrow","champ:ShieldWall"],"picked":"champ:Backstep","floor":18.0},{"not_picked":["champ:GutPunch","champ:Duel+1"],"picked":"champ:Endure","floor":19.0},{"not_picked":["champ:FocusedBerserking","champ:HeartStrike+1"],"picked":"champ:StanceDance","floor":21.0},{"not_picked":["champ:Endure+1","champ:PerfectedStrike"],"picked":"champ:BringItOn","floor":22.0},{"not_picked":["champ:BerserkersShout+1","champ:DeathBlow+1"],"picked":"champ:UltimateStance","floor":23.0}],"player_experience":409007,"relics_obtained":[{"floor":4.0,"key":"InkBottle"},{"floor":7.0,"key":"Boot"},{"floor":10.0,"key":"Anchor"},{"floor":10.0,"key":"Shuriken"},{"floor":10.0,"key":"Turnip"},{"floor":11.0,"key":"Oddly Smooth Stone"},{"floor":24.0,"key":"HornCleat"}],"event_choices":[{"damage_healed":0.0,"max_hp_gain":5.0,"max_hp_loss":0.0,"gold_gain":0.0,"event_name":"Big Fish","player_choice":"Donut","floor":9.0,"gold_loss":0.0,"damage_taken":0.0},{"damage_healed":0.0,"max_hp_gain":0.0,"max_hp_loss":0.0,"gold_gain":0.0,"event_name":"Ghosts","player_choice":"Ignored","floor":20.0,"gold_loss":0.0,"damage_taken":0.0}],"is_beta":false,"boss_relics":[{"not_picked":["Philosopher\u0027s Stone","SlaversCollar"],"picked":"Astrolabe"}],"items_purged_floors":[],"is_endless":false,"potions_floor_spawned":[2,5,11,16,18,22],"killed_by":"IC_STATUS_ARCHETYPE","ascension_level":0}}