{"host":"ez9lh5a3k31ytd04","time":1614408007,"event":{"mods":["Act Like it!","Arknights","Aspiration","BaseMod","Conspire","Downfall","Energized Spire","Jedi Mod","Minty Spire (QoL Compilation)","Quarter Circle Forward PUNCH!","Quick Restart","Relic Filter Mod","Reliquary","Replay The Spire","Spicy Shops","StSLib","TestMod","noobMod","¡¾ÒÅÎï¿¨ÅÆ¡¿REMEMod"],"gold_per_floor":[118,64,82,82,95,120,120,120],"floor_reached":7,"language":"ZHS","playtime":398,"items_purged":[],"score":76,"play_id":"347bc8f2-ea0f-4181-bd8c-2e70a28ae4d0","local_time":"20210227144007","daily_mods":["SealedDeck","Flight"],"is_ascension_mode":false,"campfire_choices":[],"circlet_count":0,"master_deck":["Heavy Blade","Heavy Blade","Rampage","Rupture","jedi:MakeshiftSword","Shrug It Off","Headbutt","Armaments","Flex","REME_Scribble","Spot Weakness","Spot Weakness","jedi:MakeshiftSword"],"relics":["Burning Blood","testmod-TestBox","jedi:maincommand","REME_ComplimentaryCards","ice","testmod-TimeTraveler","Onion Ring","Molten Egg 2"],"acts_visited":["Exordium"],"potions_floor_usage":[],"damage_taken":[{"damage":0,"enemies":"Small Slimes","floor":1,"turns":2},{"damage":2,"enemies":"Cultist","floor":3,"turns":2},{"damage":13,"enemies":"Jaw Worm","floor":5,"turns":2},{"damage":2,"enemies":"Gremlin Nob","floor":6,"turns":3},{"damage":2,"enemies":"Lagavulin","floor":7,"turns":1}],"seed_played":"-4857972656176004790","potions_obtained":[{"floor":1,"key":"Strength Potion"}],"is_trial":true,"path_per_floor":["M","$","M","?","M","E","E"],"character_chosen":"IRONCLAD","items_purchased":["Spot Weakness"],"campfire_rested":0,"item_purchase_floors":[2],"current_hp_per_floor":[80,80,82,82,77,83,83,83],"gold":120,"neow_bonus":"","is_daily":false,"chose_seed":false,"campfire_upgraded":0,"win_rate":0.0,"timestamp":1614408007,"path_taken":["M","$","M","?","?","E","E"],"items_purchased_type":["Card"],"build_version":"2020-12-22","purchased_purges":0,"victory":false,"max_hp_per_floor":[80,80,82,82,84,86,88,88],"card_choices":[{"not_picked":["REME_SingleHolding","Iron Wave","Run Through"],"picked":"SKIP","floor":1},{"not_picked":["Dual Wield","Sword Boomerang","Iron Wave"],"picked":"SKIP","floor":3},{"not_picked":["Shrug It Off","Clothesline","Body Slam"],"picked":"SKIP","floor":5},{"not_picked":["ReplayTheSpireMod:LeadingStrike+1","Evolve"],"picked":"jedi:MakeshiftSword","floor":6}],"player_experience":91009,"relics_obtained":[{"floor":4,"key":"jedi:command_uncommon"},{"floor":6,"key":"jedi:command_uncommon"}],"event_choices":[{"damage_healed":0,"gold_gain":0,"player_choice":"Relic","damage_taken":0,"max_hp_gain":0,"max_hp_loss":0,"event_name":"Wheel of Change","floor":4,"gold_loss":0}],"is_beta":false,"boss_relics":[],"items_purged_floors":[],"is_endless":true,"potions_floor_spawned":[1],"killed_by":"Lagavulin","ascension_level":0}}