{"host":"yg1n0qads92lo9wl","time":1614433971,"event":{"mods":["Act Like it!","Astrologer","BaseMod","Downfall","Minty Spire (QoL Compilation)","Replay The Spire","Ruina","StSLib"],"gold_per_floor":[99,119,136,136,146,174,198,198,211,48,64,77,77,108,126,230,230,230,247,263,99,116,128,152,152,179,179,210,210,440,457,473,569,569,569,582,596,596,615,631,631,543,559,588,45,58,74,88,108,108,108,108],"floor_reached":50,"language":"ZHS","playtime":6020,"items_purged":["ReplayTheSpireMod:Splinters","sneckomod:Unknown"],"score":637,"play_id":"bd264d03-5e08-4001-97fe-6c4dc03e0fe3","local_time":"20210227215251","is_ascension_mode":true,"campfire_choices":[{"data":"sneckomod:Unknown","floor":1.0,"key":"SMITH"},{"data":"sneckomod:Unknown3Cost","floor":8.0,"key":"SMITH"},{"data":"sneckomod:UnknownDraw","floor":13.0,"key":"SMITH"},{"floor":18.0,"key":"DIG"},{"data":"sneckomod:UnknownBoss","floor":27.0,"key":"SMITH"},{"floor":29.0,"key":"REST"},{"floor":35.0,"key":"DIG"}],"circlet_count":1,"master_deck":["sneckomod:TailWhip","sneckomod:SnekBite","sneckomod:Unknown+1","sneckomod:UnknownDraw","sneckomod:ImprovisedGuard","sneckomod:Unknown3Cost+1","sneckomod:Restock+1","sneckomod:DiceCrush","sneckomod:ImprovisedAttack+1","sneckomod:Rotation","sneckomod:UnknownDraw+1","sneckomod:Restock","sneckomod:SoulRoll","sneckomod:Unknown1Cost","sneckomod:SnakeSap","sneckomod:UnknownUncommonAttack","sneckomod:DangerNoodle+1","sneckomod:UnknownUncommonAttack","sneckomod:QuickMove","sneckomod:PureSnecko","sneckomod:UnknownBoss+1","sneckomod:UnknownStrike","sneckomod:UnknownBlock","sneckomod:Unknown","sneckomod:Unknown0Cost","sneckomod:Unknown0Cost","sneckomod:TrashToTreasure","sneckomod:Unknown3Cost","sneckomod:ImprovisedGuard+1","sneckomod:Unknown1Cost+1","sneckomod:SnakeSap","Replay:SS_forest_2","sneckomod:SoulExchange","sneckomod:UnknownRareSkill","sneckomod:Nope","sneckomod:UnknownDraw+1","sneckomod:UnknownStrength","sneckomod:UnknownClassGREEN"],"relics":["sneckomod:SneckoSoul","Replay:Mystery Machine","Gremlin Food","ReplayTheSpireMod:TigerMarble","ClockworkSouvenir","Strawberry","ChewingGum","Gremlin Horn","Replay:Rubber Ducky","Centennial Puzzle","Circlet","Philosopher\u0027s Stone","Blood Vial","InkBottle","Smiling Mask","Chemical X","Replay:WaspNest"],"acts_visited":["Exordium","TheCity","TheBeyond"],"potions_floor_usage":[43,46,50,50,50],"damage_taken":[{"damage":3.0,"enemies":"Jaw Worm","floor":2.0,"turns":6.0},{"damage":1.0,"enemies":"Cultist","floor":3.0,"turns":3.0},{"damage":14.0,"enemies":"Small Slimes","floor":5.0,"turns":3.0},{"damage":27.0,"enemies":"Gremlin Nob","floor":6.0,"turns":4.0},{"damage":5.0,"enemies":"2 Fungi Beasts","floor":9.0,"turns":2.0},{"damage":3.0,"enemies":"downfall:FleeingMerchant","floor":10.0,"turns":4.0},{"damage":0.0,"enemies":"downfall:LooterAlt","floor":11.0,"turns":2.0},{"damage":1.0,"enemies":"Large Slime","floor":12.0,"turns":3.0},{"damage":16.0,"enemies":"3 Sentries","floor":14.0,"turns":6.0},{"damage":0.0,"enemies":"Exordium Wildlife","floor":15.0,"turns":3.0},{"damage":22.0,"enemies":"DF_ARCHETYPE_STREAMLINE","floor":16.0,"turns":6.0},{"damage":5.0,"enemies":"downfall:LooterAlt2","floor":19.0,"turns":2.0},{"damage":0.0,"enemies":"3 Byrds","floor":20.0,"turns":3.0},{"damage":12.0,"enemies":"downfall:FleeingMerchant","floor":21.0,"turns":4.0},{"damage":12.0,"enemies":"Shelled Parasite and Fungi","floor":22.0,"turns":5.0},{"damage":0.0,"enemies":"Centurion and Healer","floor":23.0,"turns":2.0},{"damage":27.0,"enemies":"Book of Stabbing","floor":26.0,"turns":5.0},{"damage":19.0,"enemies":"Replay:Snechameleon","floor":28.0,"turns":7.0},{"damage":0.0,"enemies":"downfall:FleeingMerchant","floor":30.0,"turns":2.0},{"damage":0.0,"enemies":"Chosen and Byrds","floor":31.0,"turns":3.0},{"damage":13.0,"enemies":"Shelled Parasite and Fungi","floor":32.0,"turns":3.0},{"damage":9.0,"enemies":"SI_MIRROR_ARCHETYPE","floor":33.0,"turns":8.0},{"damage":0.0,"enemies":"3 Shapes","floor":36.0,"turns":2.0},{"damage":0.0,"enemies":"Orb Walker","floor":37.0,"turns":1.0},{"damage":0.0,"enemies":"4 Shapes","floor":39.0,"turns":2.0},{"damage":0,"enemies":"Spire Growth","floor":40,"turns":2},{"damage":21,"enemies":"Writhing Mass","floor":43,"turns":4},{"damage":47,"enemies":"Giant Head","floor":44,"turns":7},{"damage":0,"enemies":"Transient","floor":46,"turns":5},{"damage":5,"enemies":"Maw","floor":47,"turns":3},{"damage":8,"enemies":"4 Shapes","floor":48,"turns":3},{"damage":0,"enemies":"Transient","floor":49,"turns":5},{"damage":81,"enemies":"IC_BLOCK_ARCHETYPE","floor":50,"turns":6}],"seed_played":"3372760733331925973","potions_obtained":[{"floor":6.0,"key":"SkillPotion"},{"floor":9.0,"key":"Block Potion"},{"floor":12.0,"key":"Fire Potion"},{"floor":14.0,"key":"EntropicBrew"},{"floor":15.0,"key":"Regen Potion"},{"floor":23.0,"key":"Flashbang"},{"floor":28.0,"key":"sneckomod:DiceRollPotion"},{"floor":33.0,"key":"LiquidMemories"},{"floor":36.0,"key":"Fire Potion"},{"floor":37.0,"key":"Fire Potion"},{"floor":43,"key":"champ:CounterPotion"},{"floor":44,"key":"Toxic Potion"},{"floor":48,"key":"LiquidMemories"}],"is_trial":false,"path_per_floor":["R","M","M","?","M","E","T","R","M","$","M","M","R","E","M","B",null,"R","M","M","$","M","M","T","?","E","R","E","R","$","M","M","B",null,"R","M","M","?","M","M","T","$","M","E","$","M","M","M","M","B"],"character_chosen":"THE_SNECKO","items_purchased":["ClockworkSouvenir","Languid Potion","Replay:SS_forest_2","Chemical X","Replay:WaspNest","sneckomod:UnknownRareSkill"],"campfire_rested":1,"item_purchase_floors":[10,21,42,45,45,45],"current_hp_per_floor":[90,90,89,89,75,48,48,48,43,40,40,39,39,30,30,27,100,100,100,100,88,76,80,80,80,53,53,38,68,73,73,60,51,100,100,100,100,92,94,96,96,96,77,32,32,34,31,25,27,0,0,0],"gold":108,"neow_bonus":"RANDOM_COMMON_RELIC","is_daily":false,"chose_seed":false,"campfire_upgraded":4,"win_rate":0.0,"timestamp":1614433971,"path_taken":["R","M","M","?","M","E","T","R","?","$","?","M","R","E","M","BOSS","R","M","?","$","M","M","T","?","E","R","E","R","?","M","M","BOSS","R","M","M","?","?","M","T","$","M","E","$","M","M","M","M","BOSS"],"items_purchased_type":["Relic","Potion","Card","Relic","Relic","Card"],"build_version":"2020-12-22","purchased_purges":2,"victory":false,"max_hp_per_floor":[90,93,93,93,93,93,93,93,93,93,93,93,93,100,100,100,100,100,100,100,100,100,100,100,100,100,100,100,100,100,100,100,100,100,100,100,100,100,100,100,100,100,100,100,100,100,100,100,100,100,100,100],"card_choices":[{"not_picked":["sneckomod:QuickBite","sneckomod:UnknownExhaust"],"picked":"sneckomod:UnknownDraw","floor":2.0},{"not_picked":["sneckomod:IronFang","sneckomod:UnknownDexterity"],"picked":"sneckomod:ImprovisedGuard","floor":3.0},{"not_picked":["sneckomod:Nope","sneckomod:IronFang"],"picked":"sneckomod:ImprovisedAttack","floor":5.0},{"not_picked":["sneckomod:DefensiveFlair","sneckomod:DiceBoulder"],"picked":"sneckomod:Rotation","floor":6.0},{"not_picked":["sneckomod:RainOfDice","sneckomod:DiceCrush"],"picked":"sneckomod:UnknownDraw","floor":9.0},{"not_picked":["sneckomod:Unknown1Cost","sneckomod:UnknownVulnerable"],"picked":"sneckomod:Restock","floor":10.0},{"not_picked":["sneckomod:IronFang","sneckomod:QuickBite"],"picked":"sneckomod:SoulRoll","floor":11.0},{"not_picked":["sneckomod:Nope","sneckomod:RainOfDice"],"picked":"sneckomod:Unknown1Cost","floor":12.0},{"not_picked":["sneckomod:UnknownExhaust","sneckomod:SoulRoll"],"picked":"sneckomod:SnakeSap","floor":14.0},{"not_picked":["sneckomod:UnknownCommonSkill","sneckomod:RainOfDice"],"picked":"sneckomod:UnknownUncommonAttack","floor":15.0},{"not_picked":["sneckomod:Mudshield","sneckomod:Cheat"],"picked":"sneckomod:DangerNoodle","floor":16.0},{"not_picked":["sneckomod:UnknownClassSLIMEBOUND+1","sneckomod:SoulRoll+1"],"picked":"sneckomod:UnknownUncommonAttack","floor":19.0},{"not_picked":["sneckomod:DiceCrush+1","sneckomod:IronFang","sneckomod:SoulRoll"],"picked":"SKIP","floor":20.0},{"not_picked":["sneckomod:Nope","sneckomod:SoulDraw"],"picked":"sneckomod:QuickMove","floor":21.0},{"not_picked":["sneckomod:ImprovisedGuard+1","sneckomod:WideSting"],"picked":"sneckomod:PureSnecko","floor":22.0},{"not_picked":["sneckomod:UnknownX+1","sneckomod:UnknownClassSLIMEBOUND"],"picked":"sneckomod:UnknownBoss","floor":23.0},{"not_picked":["sneckomod:DefensiveFlair","sneckomod:UnknownCommonSkill"],"picked":"sneckomod:Unknown0Cost","floor":26.0},{"not_picked":["sneckomod:SnakeSap+1","sneckomod:IronFang+1"],"picked":"sneckomod:Unknown0Cost","floor":28.0},{"not_picked":["sneckomod:UnknownUncommonSkill","sneckomod:MasterEye"],"picked":"sneckomod:TrashToTreasure","floor":30.0},{"not_picked":["sneckomod:Rotation","sneckomod:UnknownCommonSkill","sneckomod:WideSting"],"picked":"SKIP","floor":31.0},{"not_picked":["sneckomod:ImprovisedAttack","sneckomod:QuickBite","sneckomod:DiceBlock"],"picked":"SKIP","floor":32.0},{"not_picked":["sneckomod:MorePower","sneckomod:Cheat"],"picked":"sneckomod:Unknown3Cost","floor":33.0},{"not_picked":["sneckomod:QuickBite","sneckomod:UnknownCommonSkill","sneckomod:UnknownUncommonPower"],"picked":"SKIP","floor":36.0},{"not_picked":["sneckomod:UnknownDraw+1","sneckomod:UnknownDexterity"],"picked":"sneckomod:ImprovisedGuard+1","floor":37.0},{"not_picked":["sneckomod:DiceBlock","sneckomod:UnknownClassGREEN+1"],"picked":"sneckomod:Unknown1Cost+1","floor":39.0},{"not_picked":["sneckomod:QuickMove+1","sneckomod:DefensiveFlair+1"],"picked":"sneckomod:SnakeSap","floor":40},{"not_picked":["sneckomod:UnknownUncommonSkill+1","sneckomod:UnknownWeak"],"picked":"sneckomod:SoulExchange","floor":43},{"not_picked":["sneckomod:UnknownCommonSkill","sneckomod:UnknownRareAttack","sneckomod:QuickMove+1"],"picked":"SKIP","floor":44},{"not_picked":["sneckomod:DiceCrush","sneckomod:UnknownUncommonPower+1"],"picked":"sneckomod:Nope","floor":46},{"not_picked":["sneckomod:Nope+1","sneckomod:UnknownBlock"],"picked":"sneckomod:UnknownDraw+1","floor":47},{"not_picked":["sneckomod:UnknownX","sneckomod:UnknownStrike"],"picked":"sneckomod:UnknownStrength","floor":48},{"not_picked":["sneckomod:DiceCrush","sneckomod:QuickMove+1"],"picked":"sneckomod:UnknownClassGREEN","floor":49}],"player_experience":557872,"relics_obtained":[{"floor":6.0,"key":"Gremlin Food"},{"floor":7.0,"key":"ReplayTheSpireMod:TigerMarble"},{"floor":14.0,"key":"Strawberry"},{"floor":18.0,"key":"Gremlin Horn"},{"floor":24.0,"key":"Replay:Rubber Ducky"},{"floor":26.0,"key":"Centennial Puzzle"},{"floor":28.0,"key":"Dead Branch"},{"floor":35.0,"key":"Blood Vial"},{"floor":41,"key":"InkBottle"},{"floor":44,"key":"Smiling Mask"}],"event_choices":[],"is_beta":false,"boss_relics":[{"not_picked":["Fusion Hammer","Astrolabe"],"picked":"ChewingGum"},{"not_picked":["Runic Pyramid","Coffee Dripper"],"picked":"Philosopher\u0027s Stone"}],"items_purged_floors":[21,30],"is_endless":false,"potions_floor_spawned":[6,9,12,14,15,23,26,28,31,32,33,36,37,43,44,48],"killed_by":"IC_BLOCK_ARCHETYPE","ascension_level":1}}