{"host":"3n5xmnb54n2y5mb4","time":1614404741,"event":{"mods":["BaseMod","Colored Map","Colored Powertips","Downfall","Minty Spire (QoL Compilation)","Permanent Neow","StSLib","Unceasing Turn Reminder","everything is the same but u backflip on backflip"],"gold_per_floor":[399,411,429,445,465,497,522,522,141,157,432,27,38,54,64,160,160,160,172,77,77,23,51,77,77,93,93,129,129,129,129,129],"floor_reached":30,"language":"ENG","playtime":2441,"items_purged":["hexamod:Strike","Regret"],"score":297,"play_id":"3f997c84-d7c1-4d6e-9273-6e053cb74d64","local_time":"20210227004541","is_ascension_mode":true,"campfire_choices":[{"data":"hexamod:Sear","floor":1.0,"key":"SMITH"},{"floor":8.0,"key":"REST"},{"floor":18.0,"key":"RECALL"},{"floor":25,"key":"REST"},{"floor":27,"key":"REST"}],"circlet_count":0,"master_deck":["hexamod:Defend","hexamod:Defend","hexamod:Defend","hexamod:Defend","hexamod:Sear+1","hexamod:Float","hexamod:SoulSteal","hexamod:GhostOfSpireFuture","hexamod:PhantomFireball","hexamod:SuperheatedStrike","hexamod:AdvancingGuard","hexamod:StepThrough","hexamod:SpectralSpark+1","hexamod:GhostOfSpireFuture","hexamod:Firestarter","hexamod:VolcanoVisage","hexamod:RadiantFlame","hexamod:FastForward","hexamod:FirstSeal","hexamod:FifthSeal","hexamod:ThirdSeal","hexamod:RainOfEmbers+1","hexamod:SixthSeal","hexamod:GhostflameBarrier","hexamod:ForkedFlame","Slimebound:Tackle+1","Slimebound:Tackle+1","Slimebound:Tackle+1","hexamod:SecondSeal","hexamod:ChargedBarrage","hexamod:AdvancingGuard+1","hexamod:ExtraCrispy","hexamod:FourthSeal","hexamod:Toasty"],"relics":["hexamod:UnbrokenSoul","Old Coin","Regal Pillow","Ancient Tea Set","hexamod:JarOfFuel","Lizard Tail","Happy Flower","hexamod:MatchstickCase","Sundial","Unceasing Top"],"acts_visited":["Exordium","TheCity"],"potions_floor_usage":[28,28,28,28,30],"damage_taken":[{"damage":0.0,"enemies":"2 Louse","floor":2.0,"turns":3.0},{"damage":1.0,"enemies":"Cultist","floor":3.0,"turns":3.0},{"damage":7.0,"enemies":"Jaw Worm","floor":4.0,"turns":3.0},{"damage":24.0,"enemies":"Exordium Thugs","floor":5.0,"turns":4.0},{"damage":5.0,"enemies":"3 Sentries","floor":6.0,"turns":4.0},{"damage":0.0,"enemies":"downfall:FleeingMerchant","floor":9.0,"turns":4.0},{"damage":3.0,"enemies":"3 Louse","floor":10.0,"turns":3.0},{"damage":3.0,"enemies":"downfall:FleeingMerchant","floor":12.0,"turns":4.0},{"damage":0.0,"enemies":"2 Fungi Beasts","floor":13.0,"turns":3.0},{"damage":7.0,"enemies":"Blue Slaver","floor":14.0,"turns":3.0},{"damage":2.0,"enemies":"Exordium Wildlife","floor":15.0,"turns":3.0},{"damage":21.0,"enemies":"WA_ARCHETYPE_RETAIN","floor":16.0,"turns":5.0},{"damage":27.0,"enemies":"Spheric Guardian","floor":19.0,"turns":5.0},{"damage":11.0,"enemies":"downfall:FleeingMerchant","floor":20.0,"turns":4.0},{"damage":26.0,"enemies":"downfall:FleeingMerchant","floor":22.0,"turns":4.0},{"damage":62,"enemies":"Book of Stabbing","floor":23,"turns":6},{"damage":12,"enemies":"Chosen","floor":26,"turns":3},{"damage":16,"enemies":"Gremlin Leader","floor":28,"turns":6},{"damage":61,"enemies":"Book of Stabbing","floor":30,"turns":5}],"seed_played":"-3298838734313439578","potions_obtained":[{"floor":2.0,"key":"FairyPotion"},{"floor":4.0,"key":"sneckomod:MuddlingPotion"},{"floor":6.0,"key":"SpeedPotion"},{"floor":10.0,"key":"PowerPotion"},{"floor":14.0,"key":"AttackPotion"},{"floor":16.0,"key":"Fire Potion"},{"floor":23,"key":"EntropicBrew"},{"floor":26,"key":"ColorlessPotion"}],"is_trial":false,"path_per_floor":["R","M","M","M","M","E","T","R","$","M","?","$","M","M","M","B",null,"R","M","$","?","$","E","T","R","M","R","E","T","E"],"character_chosen":"THE_SPIRIT","items_purchased":["hexamod:JarOfFuel","hexamod:SpectralSpark","hexamod:GhostOfSpireFuture","Lizard Tail","hexamod:ForkedFlame","hexamod:ChargedBarrage"],"campfire_rested":3,"item_purchase_floors":[9,9,9,12,20,22],"current_hp_per_floor":[49,49,48,41,17,12,12,48,48,45,45,42,42,35,33,19,70,70,43,32,32,6,6,6,42,30,66,57,57,0,0,0],"gold":129,"neow_bonus":"ONE_RARE_RELIC","is_daily":false,"chose_seed":false,"campfire_upgraded":1,"win_rate":0.0,"timestamp":1614404741,"path_taken":["R","M","M","M","M","E","T","R","$","M","?","$","M","?","M","BOSS","R","M","$","?","$","E","T","R","M","R","E","?","E"],"items_purchased_type":["Relic","Card","Card","Relic","Card","Card"],"build_version":"2020-12-22","purchased_purges":2,"victory":false,"max_hp_per_floor":[70,70,70,70,70,70,70,70,70,70,70,70,70,70,70,70,70,70,70,70,70,70,70,70,70,70,70,70,70,70,70,70],"card_choices":[{"not_picked":["hexamod:FlamesFromBeyond","hexamod:FastForward"],"picked":"hexamod:SoulSteal","floor":2.0},{"not_picked":["hexamod:Hexaguard","hexamod:Again"],"picked":"hexamod:GhostOfSpireFuture","floor":3.0},{"not_picked":["hexamod:SpectersWail","hexamod:BacktrackSmack"],"picked":"hexamod:PhantomFireball","floor":4.0},{"not_picked":["hexamod:HeatCrush","hexamod:BacktrackSmack"],"picked":"hexamod:SuperheatedStrike","floor":5.0},{"not_picked":["hexamod:HauntingEcho","hexamod:ShieldOfDarkness"],"picked":"hexamod:AdvancingGuard","floor":6.0},{"not_picked":["hexamod:GhostShield","hexamod:PowerFromBeyond"],"picked":"hexamod:StepThrough","floor":9.0},{"not_picked":["hexamod:InspiringFlames","hexamod:BacktrackSmack"],"picked":"hexamod:Firestarter","floor":10.0},{"not_picked":["hexamod:PhantomFireball","hexamod:GhostShield"],"picked":"hexamod:VolcanoVisage","floor":12.0},{"not_picked":["hexamod:ThermalTransfer","hexamod:InspiringFlames"],"picked":"hexamod:RadiantFlame","floor":13.0},{"not_picked":["hexamod:SpectersWail","hexamod:HauntingEcho"],"picked":"hexamod:FastForward","floor":14.0},{"not_picked":["hexamod:InspiringFlames","hexamod:HauntingEcho"],"picked":"hexamod:FirstSeal","floor":15.0},{"not_picked":["hexamod:TurnItUp","hexamod:UnleashSpirits"],"picked":"hexamod:FifthSeal","floor":16.0},{"not_picked":["hexamod:SecondSeal","hexamod:FourthSeal"],"picked":"hexamod:ThirdSeal","floor":19.0},{"not_picked":["hexamod:InspiringFlames+1","hexamod:HeatShield"],"picked":"hexamod:RainOfEmbers+1","floor":19.0},{"not_picked":["hexamod:FourthSeal","hexamod:SecondSeal"],"picked":"hexamod:SixthSeal","floor":20.0},{"not_picked":["hexamod:HauntingEcho","hexamod:Hexaguard"],"picked":"hexamod:GhostflameBarrier","floor":20.0},{"not_picked":["hexamod:Incineration","hexamod:Firestarter","hexamod:PowerFromBeyond"],"picked":"SKIP","floor":20.0},{"not_picked":["hexamod:SixthSeal","hexamod:FirstSeal"],"picked":"hexamod:SecondSeal","floor":22.0},{"not_picked":["hexamod:EmpoweredFlame","hexamod:HexaLevel","hexamod:GhostOfSpirePast"],"picked":"SKIP","floor":22.0},{"not_picked":["hexamod:NightmareStrike","hexamod:NightmareGuise"],"picked":"hexamod:AdvancingGuard","floor":23},{"not_picked":["hexamod:DynamicBlow","hexamod:HauntingEcho+1","hexamod:GhostLash"],"picked":"SKIP","floor":23},{"not_picked":["hexamod:BurningTouch","hexamod:NightmareStrike"],"picked":"hexamod:ExtraCrispy","floor":26},{"not_picked":["hexamod:InspiringFlames","hexamod:HeatMetal+1","hexamod:FlamesFromBeyond"],"picked":"SKIP","floor":26},{"not_picked":["hexamod:SixthSeal","hexamod:FirstSeal"],"picked":"hexamod:FourthSeal","floor":28},{"not_picked":["hexamod:RetreatToShadows+1","hexamod:ChargedBarrage"],"picked":"hexamod:Toasty","floor":28},{"not_picked":["hexamod:FlamesFromBeyond","hexamod:EtherealExpedition","hexamod:FifthSeal"],"picked":"SKIP","floor":28}],"player_experience":1184748,"relics_obtained":[{"floor":6.0,"key":"Regal Pillow"},{"floor":7.0,"key":"Ancient Tea Set"},{"floor":23,"key":"Happy Flower"},{"floor":24,"key":"hexamod:MatchstickCase"},{"floor":28,"key":"Sundial"},{"floor":29,"key":"Unceasing Top"}],"event_choices":[],"is_beta":false,"boss_relics":[{"not_picked":["Empty Cage","Cursed Key"],"picked":"hexamod:UnbrokenSoul"}],"items_purged_floors":[9,12],"is_endless":false,"potions_floor_spawned":[2,4,6,10,14,16,23,26],"killed_by":"Book of Stabbing","ascension_level":2}}