{"host":"c5j8t0wyh2hvx9ju","time":1614427226,"event":{"mods":["Act Like it!","Astrologer","BaseMod","BetterRewards","Gensokyo","Lobotomy","LobotomyExtend","Minty Spire (QoL Compilation)","Prisma Mod","StSLib"],"gold_per_floor":[109,109,128,128,142,174,192,192,260,260,275,275,71,83,83,180,180,191,208,223,241,241,241,241,254,254,274,285,285,304,0,0,98,98,118,118,118],"floor_reached":36,"language":"JPN","playtime":2082,"items_purged":["Pain"],"score":676,"play_id":"a9fc3aed-25d5-404c-ac43-c37b8b41aa27","local_time":"20210227210026","is_ascension_mode":true,"campfire_choices":[{"floor":8,"key":"REST"},{"floor":12,"key":"REST"},{"data":"Eruption","floor":15,"key":"SMITH"},{"data":"1","floor":23,"key":"LIFT"},{"data":"2","floor":29,"key":"LIFT"},{"data":"3","floor":32,"key":"LIFT"}],"circlet_count":0,"master_deck":["Strike_P","Strike_P","Strike_P","Strike_P+1","Defend_P","Defend_P","Defend_P","Defend_P","Eruption+1","Vigilance","TalkToTheHand+1","CutThroughFate","Evaluate+1","Conclude+1","Worship+1","FlurryOfBlows","Protect+1","Vault+1","FearNoEvil","ClearTheMind+1","Halt+1","Omniscience+1","Protect+1","TalkToTheHand","SandsOfTime","SandsOfTime","TalkToTheHand","CarveReality","ConjureBlade+1","Wallop"],"relics":["PureWater","Toxic Egg 2","LetterFromLob","Shovel","Toy Ornithopter","Pantograph","WarpedTongs","Runic Pyramid","Girya","Damaru","Membership Card","Lizard Tail","SlaversCollar"],"acts_visited":["Exordium","TheCity","TheBeyond"],"potions_floor_usage":[14,30],"damage_taken":[{"damage":2,"enemies":"2 Louse","floor":1,"turns":2},{"damage":0,"enemies":"Cultist","floor":3,"turns":4},{"damage":0,"enemies":"Jaw Worm","floor":5,"turns":3},{"damage":27,"enemies":"3 Sentries","floor":6,"turns":5},{"damage":0,"enemies":"Gremlin Gang","floor":7,"turns":1},{"damage":7,"enemies":"Red Slaver","floor":11,"turns":4},{"damage":0,"enemies":"Blue Slaver","floor":14,"turns":2},{"damage":8,"enemies":"The Guardian","floor":16,"turns":10},{"damage":1,"enemies":"3 Byrds","floor":18,"turns":4},{"damage":12,"enemies":"2 Thieves","floor":19,"turns":3},{"damage":1,"enemies":"Sentry and Sphere","floor":20,"turns":5},{"damage":7,"enemies":"Shelled Parasite and Fungi","floor":21,"turns":5},{"damage":4,"enemies":"Chosen and Byrds","floor":25,"turns":4},{"damage":8,"enemies":"Snake Plant","floor":27,"turns":4},{"damage":0,"enemies":"Centurion and Healer","floor":28,"turns":4},{"damage":3,"enemies":"Chosen and Byrds","floor":30,"turns":7},{"damage":52,"enemies":"Automaton","floor":33,"turns":12},{"damage":0,"enemies":"3 Shapes","floor":35,"turns":2},{"damage":4,"enemies":"3 Shapes","floor":36,"turns":1}],"seed_played":"-3223745477302974140","potions_obtained":[{"floor":1,"key":"Energy Potion"},{"floor":7,"key":"AttackPotion"},{"floor":14,"key":"Ancient Potion"},{"floor":16,"key":"EntropicBrew"},{"floor":20,"key":"LiquidMemories"},{"floor":25,"key":"Swift Potion"},{"floor":30,"key":"Regen Potion"}],"is_trial":false,"path_per_floor":["M","?","M","?","M","E","M","R","T","?","M","R","$","M","R","B",null,"M","M","M","M","T","R","?","M","T","M","M","R","M","$","R","B",null,"M","?"],"character_chosen":"WATCHER","items_purchased":["Toxic Egg 2","TalkToTheHand","CutThroughFate","FearNoEvil","ClearTheMind+1","Membership Card","Lizard Tail"],"campfire_rested":2,"item_purchase_floors":[0,0,0,13,13,31,31],"current_hp_per_floor":[50,50,50,36,36,9,9,30,30,30,23,44,44,49,49,64,70,69,57,56,49,49,49,49,45,45,37,37,37,39,39,39,12,57,57,0,0],"gold":118,"neow_bonus":"","is_daily":false,"chose_seed":false,"campfire_upgraded":1,"win_rate":0.0,"timestamp":1614427226,"path_taken":["M","?","?","?","M","E","M","R","T","?","M","R","$","M","R","BOSS","M","M","?","M","?","R","?","M","T","M","?","R","M","?","R","BOSS","M","?"],"items_purchased_type":["Relic","Card","Card","Card","Card","Relic","Relic"],"build_version":"2020-12-22","purchased_purges":1,"victory":false,"max_hp_per_floor":[72,72,72,72,72,72,72,72,72,72,72,72,72,72,72,72,72,72,72,72,72,72,72,72,72,72,72,72,72,72,72,72,72,72,72,1,1],"card_choices":[{"not_picked":["Halt+1","Crescendo+1"],"picked":"Evaluate+1","floor":1},{"not_picked":["Consecrate","EmptyFist"],"picked":"Conclude","floor":3},{"not_picked":["PathToVictory+1","Vengeance+1"],"picked":"Worship+1","floor":5},{"not_picked":["Consecrate","Study"],"picked":"FlurryOfBlows","floor":6},{"not_picked":["FlyingSleeves","Pray+1"],"picked":"Protect+1","floor":7},{"not_picked":["Protect+1","Meditate+1"],"picked":"Vault+1","floor":11},{"not_picked":["BowlingBash","JustLucky"],"picked":"Halt+1","floor":14},{"not_picked":["Blasphemy+1","Alpha+1"],"picked":"Omniscience+1","floor":16},{"not_picked":["FollowUp","Consecrate+1"],"picked":"Protect+1","floor":18},{"not_picked":["EmptyFist+1","Consecrate","SignatureMove"],"picked":"SKIP","floor":19},{"not_picked":["ForeignInfluence+1","BowlingBash"],"picked":"TalkToTheHand","floor":20},{"not_picked":["WindmillStrike","CutThroughFate"],"picked":"SandsOfTime","floor":21},{"not_picked":["Wireheading+1","WindmillStrike"],"picked":"SandsOfTime","floor":25},{"not_picked":["Nirvana","CrushJoints","WreathOfFlame+1"],"picked":"SKIP","floor":27},{"not_picked":["Fasting2","Wish+1"],"picked":"TalkToTheHand","floor":28},{"not_picked":["Pray+1","ClearTheMind+1"],"picked":"CarveReality","floor":30},{"not_picked":["Scrawl+1","Omniscience+1"],"picked":"ConjureBlade+1","floor":33},{"not_picked":["FlyingSleeves","ClearTheMind+1"],"picked":"Wallop","floor":35}],"player_experience":935321,"relics_obtained":[{"floor":1,"key":"LetterFromLob"},{"floor":2,"key":"Shovel"},{"floor":6,"key":"Toy Ornithopter"},{"floor":9,"key":"Pantograph"},{"floor":22,"key":"Girya"},{"floor":26,"key":"Damaru"}],"event_choices":[{"damage_healed":0,"gold_gain":0,"player_choice":"Relic","damage_taken":0,"max_hp_gain":0,"max_hp_loss":0,"event_name":"Wheel of Change","floor":2,"gold_loss":0},{"damage_healed":0,"gold_gain":0,"player_choice":"Entered Light","damage_taken":14,"max_hp_gain":0,"max_hp_loss":0,"event_name":"Shining Light","floor":4,"gold_loss":0,"cards_upgraded":["Conclude","Strike_P"]},{"damage_healed":0,"gold_gain":0,"player_choice":"Rummage","damage_taken":0,"relics_obtained":["WarpedTongs"],"max_hp_gain":0,"max_hp_loss":0,"event_name":"Accursed Blacksmith","floor":10,"gold_loss":0,"cards_obtained":["Pain"]},{"damage_healed":0,"gold_gain":0,"player_choice":"Upgraded","damage_taken":0,"max_hp_gain":0,"max_hp_loss":0,"event_name":"Upgrade Shrine","floor":24,"gold_loss":0,"cards_upgraded":["TalkToTheHand"]}],"is_beta":false,"boss_relics":[{"not_picked":["HolyWater","Empty Cage"],"picked":"Runic Pyramid"},{"not_picked":["Busted Crown","Tiny House"],"picked":"SlaversCollar"}],"items_purged_floors":[13],"is_endless":false,"potions_floor_spawned":[1,7,14,16,20,21,25,30],"killed_by":"3 Shapes","ascension_level":6}}