{"host":"h053bmw6xomhy8md","time":1614457871,"event":{"mods":["AchievementEnabler","BaseMod","Colored Map","Colored Powertips","Highlight Path","Minty Spire (QoL Compilation)"],"gold_per_floor":[110,121,132,145,156,182,182,36,36,55,5,5,5,5,5,129,129,153,146,165,165,165],"floor_reached":21,"language":"ENG","playtime":1746,"items_purged":[],"score":192,"play_id":"cac76ae8-d077-43df-ba6a-ca9b93a5d45c","local_time":"20210227153111","is_ascension_mode":true,"campfire_choices":[{"data":"Footwork","floor":7,"key":"SMITH"},{"floor":12,"key":"DIG"},{"data":"Tools of the Trade","floor":15,"key":"SMITH"}],"circlet_count":0,"master_deck":["Strike_G","Strike_G","Strike_G","Strike_G","Strike_G","Defend_G","Defend_G","Defend_G","Defend_G","Survivor","Neutralize","Slice","Footwork+1","Blur","Blur","Slice","All Out Attack","Tools of the Trade+1","Tactician","Deflect","Burst","Prepared+1","Dagger Throw","Choke"],"relics":["Ring of the Snake","Bottled Tornado","Shovel","Frozen Egg 2","Golden Idol","SlaversCollar"],"acts_visited":["Exordium","TheCity"],"potions_floor_usage":[5,16,21],"damage_taken":[{"damage":0.0,"enemies":"Jaw Worm","floor":1.0,"turns":4.0},{"damage":1.0,"enemies":"Cultist","floor":2.0,"turns":4.0},{"damage":1.0,"enemies":"2 Louse","floor":3.0,"turns":3.0},{"damage":3,"enemies":"Looter","floor":4,"turns":4},{"damage":17,"enemies":"Gremlin Gang","floor":5,"turns":6},{"damage":23,"enemies":"3 Sentries","floor":6,"turns":15},{"damage":3,"enemies":"Exordium Wildlife","floor":10,"turns":5},{"damage":23,"enemies":"Slime Boss","floor":16,"turns":13},{"damage":4,"enemies":"Shell Parasite","floor":18,"turns":20},{"damage":4,"enemies":"2 Thieves","floor":19,"turns":5},{"damage":15,"enemies":"Snake Plant","floor":20,"turns":10},{"damage":49,"enemies":"3 Cultists","floor":21,"turns":7}],"seed_played":"-4001021218720262016","potions_obtained":[{"floor":2.0,"key":"Poison Potion"},{"floor":5,"key":"CultistPotion"},{"floor":10,"key":"SmokeBomb"},{"floor":19,"key":"Ancient Potion"},{"floor":20,"key":"Block Potion"}],"is_trial":false,"path_per_floor":["M","M","M","M","M","E","R","$","T","M","?","R","?","$","R","B",null,"M","M","M","M"],"character_chosen":"THE_SILENT","items_purchased":["Tools of the Trade","Tactician"],"campfire_rested":0,"item_purchase_floors":[8,8],"current_hp_per_floor":[77,76,75,72,55,32,32,32,32,29,29,29,29,29,29,6,71,67,63,48,0,0],"gold":165,"neow_bonus":"TEN_PERCENT_HP_BONUS","is_daily":false,"chose_seed":false,"campfire_upgraded":2,"win_rate":0.0,"timestamp":1614457871,"path_taken":["M","M","M","M","M","E","R","$","T","M","?","R","?","?","R","BOSS","M","M","M","M"],"items_purchased_type":["Card","Card"],"build_version":"2020-12-22","purchased_purges":0,"victory":false,"max_hp_per_floor":[77,77,77,77,77,77,77,77,77,77,77,77,71,71,71,71,71,71,71,71,71,71],"card_choices":[{"not_picked":["Underhanded Strike","Eviscerate"],"picked":"Slice","floor":1.0},{"not_picked":["Blade Dance","Slice"],"picked":"Footwork","floor":2.0},{"not_picked":["Sucker Punch","Terror"],"picked":"Blur","floor":3.0},{"not_picked":["Poisoned Stab","Outmaneuver"],"picked":"Blur","floor":4},{"not_picked":["Finisher","Backflip"],"picked":"Slice","floor":5},{"not_picked":["Poisoned Stab","Quick Slash"],"picked":"All Out Attack","floor":6},{"not_picked":["Distraction","Poisoned Stab"],"picked":"Deflect","floor":10},{"not_picked":["Envenom+1","Bullet Time"],"picked":"Burst","floor":16},{"not_picked":["Bane","Backstab"],"picked":"Prepared+1","floor":18},{"not_picked":["Bouncing Flask","Bane+1"],"picked":"Dagger Throw","floor":19},{"not_picked":["Poisoned Stab","Backflip+1"],"picked":"Choke","floor":20}],"player_experience":37682,"relics_obtained":[{"floor":6,"key":"Bottled Tornado"},{"floor":9,"key":"Shovel"},{"floor":12,"key":"Frozen Egg 2"}],"event_choices":[{"cards_removed":["Defend_G"],"damage_healed":0,"gold_gain":0,"player_choice":"Card Removal","damage_taken":0,"max_hp_gain":0,"max_hp_loss":0,"event_name":"The Cleric","floor":11,"gold_loss":50},{"damage_healed":0,"gold_gain":0,"player_choice":"Lose Max HP","damage_taken":0,"relics_obtained":["Golden Idol"],"max_hp_gain":0,"max_hp_loss":6,"event_name":"Golden Idol","floor":13,"gold_loss":0}],"is_beta":false,"boss_relics":[{"not_picked":["Fusion Hammer","Tiny House"],"picked":"SlaversCollar"}],"items_purged_floors":[],"is_endless":false,"potions_floor_spawned":[2,5,10,19,20],"killed_by":"3 Cultists","ascension_level":1}}