{"host":"9gxprskaw0c5jpbt","time":1614460130,"event":{"mods":["AchievementEnabler","BaseMod","Colored Map","Highlight Path","KOR Keyword Fix","Keyboard Shortcuts","Minty Spire (QoL Compilation)","Rare Cards Sparkle","StSLib","SuperFastMode","everything is the same but u backflip on backflip"],"gold_per_floor":[114,389,403,423,423,423,464,464,513,532,560,67,88,97,97,202,202,235,160,169,35,66,119,86,115,115,133,133,133,166,213,213,315,315,333,361,426,435,463,463,510,510,510,534,543,5,30,70,70,70],"floor_reached":51,"language":"KOR","playtime":1424,"items_purged":["Strike_G","Shame","Doubt"],"score":1411,"play_id":"71f46b38-e0c3-4ce9-bbd8-59120477d22d","local_time":"20210228060850","is_ascension_mode":true,"campfire_choices":[{"data":"Cloak And Dagger","floor":6.0,"key":"SMITH"},{"floor":8.0,"key":"REST"},{"floor":15.0,"key":"REST"},{"floor":29,"key":"REST"},{"data":"Adrenaline","floor":32,"key":"SMITH"},{"floor":40,"key":"REST"},{"data":"Cloak And Dagger","floor":49,"key":"SMITH"}],"circlet_count":0,"master_deck":["AscendersBane","Strike_G","Strike_G","Strike_G","Defend_G","Defend_G","Defend_G","Survivor","Neutralize+1","Cloak And Dagger+1","Accuracy","Acrobatics","Blade Dance","Backstab","PiercingWail","Deflect","Cloak And Dagger+1","Slice","A Thousand Cuts","Slice+1","Accuracy","Deflect","Calculated Gamble","Flying Knee+1","Slice+1","Adrenaline+1","Venomology","Outmaneuver+1","Backflip+1","Adrenaline+1","Venomology","Slice+1","Deflect+1","Accuracy","Adrenaline+1","Blade Dance","Acrobatics+1","PiercingWail+1"],"relics":["Ring of the Snake","NeowsBlessing","CeramicFish","Vajra","Bag of Marbles","Happy Flower","Golden Idol","WristBlade","Ornamental Fan","Red Mask","Mango","Letter Opener","Enchiridion","Oddly Smooth Stone","Empty Cage","Dead Branch","Unceasing Top","The Specimen","DollysMirror","Orichalcum","Whetstone"],"acts_visited":["Exordium","TheCity","TheBeyond"],"potions_floor_usage":[16,16,33,33,33,33,35,37,37,41,44,48,50],"damage_taken":[{"damage":0.0,"enemies":"2 Louse","floor":1.0,"turns":1.0},{"damage":0.0,"enemies":"Cultist","floor":3.0,"turns":1.0},{"damage":0.0,"enemies":"Jaw Worm","floor":4.0,"turns":1.0},{"damage":34.0,"enemies":"3 Sentries","floor":7.0,"turns":12.0},{"damage":12.0,"enemies":"3 Louse","floor":10.0,"turns":3.0},{"damage":0.0,"enemies":"Blue Slaver","floor":11.0,"turns":2.0},{"damage":8.0,"enemies":"Exordium Wildlife","floor":13.0,"turns":3.0},{"damage":24,"enemies":"Slime Boss","floor":16,"turns":8},{"damage":0,"enemies":"2 Thieves","floor":18,"turns":2},{"damage":0,"enemies":"Masked Bandits","floor":22,"turns":2},{"damage":15,"enemies":"Book of Stabbing","floor":23,"turns":5},{"damage":0,"enemies":"Spheric Guardian","floor":25,"turns":1},{"damage":7,"enemies":"Centurion and Healer","floor":27,"turns":4},{"damage":2,"enemies":"3 Cultists","floor":30,"turns":3},{"damage":11,"enemies":"Slavers","floor":31,"turns":3},{"damage":37,"enemies":"Champ","floor":33,"turns":7},{"damage":16,"enemies":"3 Darklings","floor":35,"turns":4},{"damage":4,"enemies":"Orb Walker","floor":36,"turns":2},{"damage":34,"enemies":"2 Orb Walkers","floor":37,"turns":5},{"damage":0,"enemies":"Maw","floor":39,"turns":6},{"damage":10,"enemies":"Reptomancer","floor":41,"turns":4},{"damage":2,"enemies":"3 Darklings","floor":44,"turns":2},{"damage":0,"enemies":"Spire Growth","floor":47,"turns":2},{"damage":16,"enemies":"Nemesis","floor":48,"turns":5},{"damage":37,"enemies":"Awakened One","floor":50,"turns":6}],"seed_played":"-6574912343930508312","potions_obtained":[{"floor":1.0,"key":"Weak Potion"},{"floor":7.0,"key":"Ancient Potion"},{"floor":11.0,"key":"Explosive Potion"},{"floor":16,"key":"Swift Potion"},{"floor":22,"key":"EntropicBrew"},{"floor":31,"key":"PowerPotion"},{"floor":33,"key":"ColorlessPotion"},{"floor":36,"key":"ColorlessPotion"},{"floor":39,"key":"SteroidPotion"},{"floor":48,"key":"CunningPotion"}],"is_trial":false,"path_per_floor":["M","?","M","M","?","R","E","R","T","M","M","$","M","?","R","B",null,"M","?","?","$","?","E","$","M","T","M","?","R","M","E","R","B",null,"M","M","?","?","M","R","E","?","T","M","?","$","M","E","R","B",null],"character_chosen":"THE_SILENT","items_purchased":["Deflect","Cloak And Dagger","Bag of Marbles","Happy Flower","Accuracy","Calculated Gamble","Accuracy","DollysMirror","Blade Dance","Orichalcum"],"campfire_rested":4,"item_purchase_floors":[12,12,12,12,21,24,46,46,46,46],"current_hp_per_floor":[59,59,59,59,52,52,18,37,37,25,25,25,17,17,36,12,53,53,53,53,53,53,52,52,52,52,45,24,48,46,35,35,13,63,47,43,9,9,9,33,23,23,23,21,80,80,80,64,64,27],"gold":70,"neow_bonus":"THREE_ENEMY_KILL","is_daily":false,"chose_seed":false,"campfire_upgraded":3,"win_rate":0.0,"timestamp":1614460130,"path_taken":["M","?","?","M","?","R","E","R","T","M","M","$","M","?","R","BOSS","M","?","?","$","?","E","$","?","T","M","?","R","M","E","R","BOSS","M","M","?","?","?","R","E","?","T","M","?","$","M","E","R","BOSS"],"items_purchased_type":["Card","Card","Relic","Relic","Card","Card","Card","Relic","Card","Relic"],"build_version":"2020-12-22","purchased_purges":3,"victory":true,"max_hp_per_floor":[66,66,66,66,66,66,66,66,66,66,66,66,66,66,66,66,66,66,66,66,66,66,80,80,80,80,80,80,80,80,80,80,80,80,80,80,80,80,80,80,80,80,80,80,80,80,80,80,80,80],"card_choices":[{"not_picked":["Flechettes","PiercingWail"],"picked":"Cloak And Dagger","floor":1.0},{"not_picked":["Dagger Throw","Sucker Punch"],"picked":"Accuracy","floor":3.0},{"not_picked":["Outmaneuver","Flying Knee"],"picked":"Acrobatics","floor":4.0},{"not_picked":["Bane","Dagger Spray"],"picked":"Blade Dance","floor":7.0},{"not_picked":["Dagger Throw","Dagger Spray"],"picked":"Backstab","floor":10.0},{"not_picked":["Quick Slash","Cloak And Dagger"],"picked":"PiercingWail","floor":11.0},{"not_picked":["Distraction","Wraith Form v2"],"picked":"Slice","floor":13.0},{"not_picked":["Grand Finale","Tools of the Trade"],"picked":"A Thousand Cuts","floor":16},{"not_picked":["Deadly Poison","Riddle With Holes"],"picked":"Slice","floor":18},{"not_picked":["Slice","Poisoned Stab"],"picked":"Deflect","floor":23},{"not_picked":["Choke","Dagger Throw"],"picked":"Flying Knee+1","floor":25},{"not_picked":["Prepared","Choke","Slice"],"picked":"SKIP","floor":27},{"not_picked":["Quick Slash","Sucker Punch"],"picked":"Slice+1","floor":30},{"not_picked":["Dodge and Roll","Prepared"],"picked":"Adrenaline","floor":31},{"not_picked":["Night Terror","Envenom"],"picked":"Venomology","floor":33},{"not_picked":["Caltrops","Quick Slash","Dagger Throw+1"],"picked":"SKIP","floor":35},{"not_picked":["Deadly Poison","Reflex+1"],"picked":"Outmaneuver+1","floor":36},{"not_picked":["Dodge and Roll","Poisoned Stab"],"picked":"Backflip+1","floor":37},{"not_picked":["Slice","Bane"],"picked":"Venomology","floor":39},{"not_picked":["Bouncing Flask+1","Wraith Form v2"],"picked":"Slice+1","floor":41},{"not_picked":["Acrobatics","Endless Agony+1"],"picked":"Deflect+1","floor":44},{"not_picked":["Setup","Slice"],"picked":"Acrobatics+1","floor":47},{"not_picked":["Crippling Poison","Distraction"],"picked":"PiercingWail+1","floor":48}],"player_experience":1008494,"relics_obtained":[{"floor":7.0,"key":"CeramicFish"},{"floor":9.0,"key":"Vajra"},{"floor":22,"key":"Red Mask"},{"floor":23,"key":"Mango"},{"floor":26,"key":"Letter Opener"},{"floor":28,"key":"Enchiridion"},{"floor":31,"key":"Oddly Smooth Stone"},{"floor":37,"key":"Dead Branch"},{"floor":41,"key":"Unceasing Top"},{"floor":43,"key":"The Specimen"},{"floor":48,"key":"Whetstone"}],"event_choices":[{"damage_healed":0.0,"max_hp_gain":0.0,"max_hp_loss":0.0,"gold_gain":275.0,"event_name":"Golden Shrine","player_choice":"Desecrate","floor":2.0,"gold_loss":0.0,"damage_taken":0.0,"cards_obtained":["Regret"]},{"cards_removed":["Regret"],"damage_healed":0.0,"max_hp_gain":0.0,"max_hp_loss":0.0,"gold_gain":0.0,"event_name":"Golden Wing","player_choice":"Card Removal","floor":5.0,"gold_loss":0.0,"damage_taken":7.0},{"damage_healed":0.0,"max_hp_gain":0.0,"max_hp_loss":0.0,"gold_gain":0.0,"event_name":"Golden Idol","player_choice":"Take Wound","floor":14.0,"gold_loss":0.0,"damage_taken":0.0,"relics_obtained":["Golden Idol"],"cards_obtained":["Injury"]},{"cards_removed":["Defend_G"],"damage_healed":0,"gold_gain":0,"player_choice":"Gave Gold","damage_taken":0,"max_hp_gain":0,"max_hp_loss":0,"event_name":"Beggar","floor":19,"gold_loss":75},{"damage_healed":0,"gold_gain":0,"player_choice":"Stole Relic","damage_taken":0,"relics_obtained":["Ornamental Fan"],"max_hp_gain":0,"max_hp_loss":0,"event_name":"Addict","floor":20,"gold_loss":0,"cards_obtained":["Shame"]},{"damage_healed":0,"gold_gain":0,"player_choice":"Fought Bandits","damage_taken":0,"max_hp_gain":0,"max_hp_loss":0,"event_name":"Masked Bandits","floor":22,"gold_loss":0},{"damage_healed":0,"gold_gain":0,"player_choice":"Obtained Book","damage_taken":21,"max_hp_gain":0,"max_hp_loss":0,"event_name":"Cursed Tome","floor":28,"gold_loss":0},{"damage_healed":0,"gold_gain":0,"player_choice":"Fight","damage_taken":0,"max_hp_gain":0,"max_hp_loss":0,"event_name":"Mysterious Sphere","floor":37,"gold_loss":0},{"damage_healed":0,"gold_gain":0,"player_choice":"Copied","damage_taken":0,"max_hp_gain":0,"max_hp_loss":0,"event_name":"Duplicator","floor":38,"gold_loss":0,"cards_obtained":["Adrenaline"]},{"cards_removed":["Defend_G"],"damage_healed":0,"gold_gain":0,"player_choice":"Removed Skill","damage_taken":0,"max_hp_gain":0,"max_hp_loss":0,"event_name":"Falling","floor":42,"gold_loss":0},{"damage_healed":59,"gold_gain":0,"player_choice":"Heal","damage_taken":0,"max_hp_gain":0,"max_hp_loss":0,"event_name":"MindBloom","floor":45,"gold_loss":0,"cards_obtained":["Doubt"]}],"is_beta":false,"boss_relics":[{"not_picked":["Philosopher\u0027s Stone","Black Star"],"picked":"WristBlade"},{"not_picked":["Snecko Eye","Tiny House"],"picked":"Empty Cage"}],"items_purged_floors":[12,21,46],"is_endless":false,"potions_floor_spawned":[1,7,11,16,22,31,33,36,39,41,48],"ascension_level":17}}