{"host":"p2ps6s9o3p66sm0r","time":1614386549,"event":{"mods":["BaseMod","Downfall","Hermit","Minty Spire (QoL Compilation)","Replay The Spire","StSLib","The Cursed","The Servant 0.9.4"],"gold_per_floor":[99,99,99,199,199,199,199,199,215,234,254,268,278,288,308,406,456,456,473,473,492,509,509,554,571,971,971,997,1027,1038,162,175,273,273,273,285,285,285,285],"floor_reached":37,"language":"ENG","playtime":3064,"items_purged":[],"score":508,"play_id":"03f2b777-1bd9-4b8b-9d74-93db22625aae","local_time":"20210226194229","is_ascension_mode":false,"campfire_choices":[{"data":"hexamod:Sear","floor":1,"key":"SMITH"},{"data":"hexamod:Float","floor":8,"key":"SMITH"},{"floor":18,"key":"DIG"},{"floor":23,"key":"REST"},{"floor":27,"key":"REST"},{"floor":35,"key":"DIG"}],"circlet_count":0,"master_deck":["hexamod:Strike","hexamod:Strike","hexamod:Strike","hexamod:Strike","hexamod:Defend+1","hexamod:Defend","hexamod:Defend","hexamod:Defend","hexamod:Sear+1","hexamod:Float+1","hexamod:BurningTouch","hexamod:GhostOfSpireFuture","hexamod:NightmareStrike+1","hexamod:DynamicBlow+1","hexamod:ThermalTransfer+1","hexamod:SwordOfDarkness+1","hexamod:ThermalTransfer+1","hexamod:HauntingEcho+1","hexamod:HeatShield","hexamod:RadiantFlame","hexamod:SearingWound+1","hexamod:SwordOfDarkness+1","hexamod:ShieldOfDarkness","hexamod:RadiantFlame+1","hexamod:HeatShield","hexamod:DynamicBlow+1","hexamod:ThermalTransfer+1","hexamod:HeatCrush+1","hexamod:Rewind+1","hexamod:NightmareGuise+1","expansioncontent:YouAreMine","hexamod:SwordOfDarkness+1","hexamod:HeatShield","hexamod:HeatShield","hexamod:RainOfEmbers+1","Chrysalis","hexamod:ThirdSeal","hexamod:TimeOfNeed","hexamod:HeatMetal+1"],"relics":["hexamod:SpiritBrand","downfall:HeartsMalice","Molten Egg 2","Tiny House","MealTicket","Bag of Marbles","Old Coin","Replay:Bottled Snecko","Nunchaku","Potion Belt","PreservedInsect","Medical Kit","Runic Pyramid","Pet Ghost"],"acts_visited":["Exordium","TheCity","TheBeyond"],"potions_floor_usage":[15,21,21,29,33,33,33,33],"damage_taken":[{"damage":0,"enemies":"2 Louse","floor":2,"turns":1},{"damage":0,"enemies":"Jaw Worm","floor":3,"turns":1},{"damage":0,"enemies":"Cultist","floor":6,"turns":1},{"damage":7,"enemies":"2 Fungi Beasts","floor":9,"turns":3},{"damage":16,"enemies":"Exordium Thugs","floor":10,"turns":5},{"damage":1,"enemies":"Large Slime","floor":11,"turns":3},{"damage":7,"enemies":"Blue Slaver","floor":12,"turns":3},{"damage":5,"enemies":"Lots of Slimes","floor":13,"turns":5},{"damage":5,"enemies":"downfall:LooterAlt","floor":14,"turns":4},{"damage":3,"enemies":"Red Slaver","floor":15,"turns":3},{"damage":3,"enemies":"SI_SHIV_ARCHETYPE","floor":16,"turns":7},{"damage":0,"enemies":"Shell Parasite","floor":19,"turns":4},{"damage":0,"enemies":"3 Byrds","floor":21,"turns":3},{"damage":24,"enemies":"Shelled Parasite and Fungi","floor":22,"turns":6},{"damage":17,"enemies":"Cultist and Chosen","floor":25,"turns":6},{"damage":8,"enemies":"WA_ARCHETYPE_RETAIN","floor":26,"turns":7},{"damage":44,"enemies":"Slavers","floor":29,"turns":6},{"damage":2,"enemies":"Centurion and Healer","floor":30,"turns":5},{"damage":0,"enemies":"downfall:FleeingMerchant","floor":31,"turns":4},{"damage":14,"enemies":"3 Cultists","floor":32,"turns":7},{"damage":0,"enemies":"IC_MUSHROOM_ARCHETYPE","floor":33,"turns":5},{"damage":66,"enemies":"3 Shapes","floor":36,"turns":7},{"damage":16,"enemies":"3 Darklings","floor":37,"turns":1}],"seed_played":"245999020458137650","potions_obtained":[{"floor":10,"key":"hexamod:EctoCoolerPotion"},{"floor":11,"key":"sneckomod:MuddlingPotion"},{"floor":13,"key":"CultistPotion"},{"floor":15,"key":"Explosive Potion"},{"floor":17,"key":"Explosive Potion"},{"floor":22,"key":"Ancient Potion"},{"floor":25,"key":"SkillPotion"},{"floor":29,"key":"Flashbang"},{"floor":32,"key":"hexamod:SoulburnPotion"},{"floor":36,"key":"ColorlessPotion"}],"is_trial":false,"path_per_floor":["R","M","M","?","?","M","T","R","M","M","M","M","M","M","M","B",null,"R","M","?","M","M","R","T","M","?","R","T","E","M","$","M","B",null,"R","M","M"],"character_chosen":"THE_SPIRIT","items_purchased":["PreservedInsect","Medical Kit","hexamod:SoulburnPotion","BlessingOfTheForge","expansioncontent:YouAreMine","hexamod:SwordOfDarkness+1","hexamod:HeatShield","hexamod:RainOfEmbers+1","Chrysalis"],"campfire_rested":2,"item_purchase_floors":[31,31,31,31,31,31,31,31,31],"current_hp_per_floor":[70,70,70,70,70,70,70,70,63,47,46,39,34,29,26,23,75,75,75,67,67,43,65,65,48,40,62,62,18,16,31,17,17,75,75,9,0,0,0],"gold":285,"neow_bonus":"THREE_ENEMY_KILL","is_daily":false,"chose_seed":false,"campfire_upgraded":2,"win_rate":0.0,"timestamp":1614386549,"path_taken":["R","M","M","?","?","M","T","R","M","M","M","?","M","M","M","BOSS","R","M","?","M","?","R","T","M","?","R","?","E","?","$","M","BOSS","R","M","M"],"items_purchased_type":["Relic","Relic","Potion","Potion","Card","Card","Card","Card","Card"],"build_version":"2020-12-22","purchased_purges":0,"victory":false,"max_hp_per_floor":[70,70,70,70,70,70,70,70,70,70,70,70,70,70,70,70,75,75,75,75,75,75,75,75,75,75,75,75,75,75,75,75,75,75,75,75,75,75,75],"card_choices":[{"not_picked":["hexamod:Haunt","hexamod:Incineration"],"picked":"hexamod:BurningTouch","floor":2},{"not_picked":["hexamod:ShieldOfDarkness","hexamod:GhostOfSpirePast"],"picked":"hexamod:GhostOfSpireFuture","floor":3},{"not_picked":["hexamod:NightmareGuise","hexamod:SecondSeal"],"picked":"hexamod:NightmareStrike","floor":6},{"not_picked":["hexamod:BurningTouch","hexamod:ThermalTransfer+1"],"picked":"hexamod:DynamicBlow+1","floor":9},{"not_picked":["hexamod:HauntingEcho+1","hexamod:AdvancingGuard"],"picked":"hexamod:ThermalTransfer+1","floor":10},{"not_picked":["hexamod:Hexaguard","hexamod:InspiringFlames"],"picked":"hexamod:SwordOfDarkness+1","floor":11},{"not_picked":["hexamod:BacktrackSmack+1","hexamod:ParanormalForm"],"picked":"hexamod:ThermalTransfer+1","floor":12},{"not_picked":["hexamod:InspiringFlames","hexamod:Haunt"],"picked":"hexamod:HauntingEcho+1","floor":13},{"not_picked":["hexamod:GhostLash+1","hexamod:HauntingEcho+1"],"picked":"hexamod:HeatShield","floor":14},{"not_picked":["hexamod:NightmareGuise","hexamod:GhostShield"],"picked":"hexamod:RadiantFlame","floor":15},{"not_picked":["hexamod:GhostflameInferno","hexamod:HexaLevel"],"picked":"hexamod:SearingWound","floor":16},{"not_picked":["hexamod:Rewind","hexamod:Hexaguard"],"picked":"hexamod:SwordOfDarkness+1","floor":17},{"not_picked":["hexamod:EtherealExpedition","hexamod:Haunt"],"picked":"hexamod:ShieldOfDarkness","floor":19},{"not_picked":["hexamod:DynamicBlow+1","hexamod:GhostShield"],"picked":"hexamod:RadiantFlame+1","floor":21},{"not_picked":["hexamod:BurningTouch","hexamod:BacktrackSmack+1"],"picked":"hexamod:HeatShield","floor":22},{"not_picked":["hexamod:HeatShield","hexamod:FastForward"],"picked":"hexamod:DynamicBlow+1","floor":25},{"not_picked":["hexamod:EmpoweredFlame","hexamod:NecessarySacrifice+1"],"picked":"hexamod:ThermalTransfer+1","floor":26},{"not_picked":["hexamod:GhostLash+1","hexamod:BacktrackSmack+1"],"picked":"hexamod:HeatCrush+1","floor":29},{"not_picked":["hexamod:HeatCrush+1","hexamod:SwordOfDarkness+1"],"picked":"hexamod:Rewind+1","floor":30},{"not_picked":["hexamod:Again","hexamod:ExtraCrispy"],"picked":"hexamod:NightmareGuise+1","floor":31},{"not_picked":["hexamod:GhostLash+1","hexamod:ShieldOfDarkness"],"picked":"hexamod:ThirdSeal","floor":32},{"not_picked":["hexamod:UnlimitedPower","hexamod:UnleashSpirits+1"],"picked":"hexamod:TimeOfNeed","floor":33},{"not_picked":["hexamod:SwordOfDarkness+1","hexamod:AdvancingGuard"],"picked":"hexamod:HeatMetal+1","floor":36}],"player_experience":204150,"relics_obtained":[{"floor":7,"key":"Molten Egg 2"},{"floor":18,"key":"MealTicket"},{"floor":24,"key":"Bag of Marbles"},{"floor":26,"key":"Old Coin"},{"floor":26,"key":"Replay:Bottled Snecko"},{"floor":28,"key":"Nunchaku"},{"floor":29,"key":"Potion Belt"},{"floor":35,"key":"Pet Ghost"}],"event_choices":[{"damage_healed":0,"gold_gain":0,"player_choice":"Ignored","damage_taken":0,"max_hp_gain":0,"max_hp_loss":0,"event_name":"NoteForYourself","floor":5,"gold_loss":0}],"is_beta":false,"boss_relics":[{"not_picked":["Honey Jar","Calling Bell"],"picked":"Tiny House"},{"not_picked":["ReplayTheSpireMod:DimensionalGlitch","hexamod:UnbrokenSoul"],"picked":"Runic Pyramid"}],"items_purged_floors":[],"is_endless":false,"potions_floor_spawned":[10,11,13,15,16,22,25,29,32,36],"killed_by":"3 Darklings","ascension_level":0}}