{"host":"d73an99q9oevilk5","time":1614404065,"event":{"mods":["2.2 Compatiblity","AchievementEnabler","Act Like it!","Aspiration","BaseMod","Beaked The Cultist","Better Third Choice","BetterRewards","Bossed Relics","Colored Map","Colored Powertips","Conspire","Downfall","GifTheSpireLib","GungeonMod","Halation","Hubris","Infinite Spire","Marisa????????","Mimic Mod","Minty Spire (QoL Compilation)","MostiFishMod","Quick Restart","Relic Sorter","Reliquary","Replay The Spire","Shop Mod","Spikes Relics","StSLib","Stuff the Spire","The Cursed","The Jungle","The Necromancer","The Saiyan","TheHero","Waifu the Spire","egg","slay the spire mod where everything is the same but ironclad has a cowboy hat"],"gold_per_floor":[109,109,123,123,123,142,162,201,201,224,262,300,319,319,338,357,357,487,487,505,505,207,231,244,288,304,304,356,356,395,408,424,460,460,591,591,625,549,575,575,575,627,627,651,651,651,651,651,680,680,680,67,67,93],"floor_reached":55,"language":"ENG","playtime":2235,"items_purged":["Decay"],"score":1096,"play_id":"5ff050ef-e8a4-43c0-9e38-f7ce529fc990","local_time":"20210226223425","is_ascension_mode":false,"campfire_choices":[{"data":"beaked:Ceremony","floor":9.0,"key":"SMITH"},{"data":"beaked:Ceremony","floor":17.0,"key":"SMITH"},{"data":"beaked:Ceremony","floor":27.0,"key":"SMITH"},{"floor":29.0,"key":"DIG"},{"data":"beaked:Insight","floor":34.0,"key":"SMITH"},{"floor":43,"key":"DIG"},{"floor":46,"key":"DIG"},{"data":"Replay:BasicMightCard","floor":53,"key":"SMITH"}],"circlet_count":0,"master_deck":["beaked:Strike_Y","beaked:Strike_Y","beaked:Strike_Y","beaked:Strike_Y","beaked:Strike_Y","beaked:Strike_Y","beaked:Defend_Y","beaked:Defend_Y","beaked:Defend_Y","beaked:Defend_Y","beaked:Ceremony+1","beaked:Ceremony+1","beaked:Ceremony+1","beaked:Caw","beaked:WarriorSpirit","beaked:Foresight","beaked:Brace","beaked:WarriorSpirit","beaked:Evade","beaked:Hexing","beaked:AwakenedForm","beaked:Daydream","beaked:HuntressSpirit","beaked:MachineSpirit","beaked:WarriorEssence","beaked:Insight+1","beaked:WarriorEssence+1","beaked:CrazyRituals+1","beaked:MachineEssence","Jack Of All Trades","ReplayTheSpireMod:Owlgaze","Replay:BasicMightCard+1","beaked:WindBringer"],"relics":["beaked:MendingPlumage","hubris:Icosahedron","DaveBox","MostiFishMod:AdaptiveDefenses","StuffTheSpire:DarkSteelAnvil","hubris:EmptyBottle","Shovel","DemoMod:GnawedKey","SynthV:TestCard","Golden Idol","reliquary:QuartzCube","DemoMod:MeltedRock","Replay:Ringing Soul","hubris:TerracottaHorce","HandDrill","halation:SelfBoilingWater","Replay:Wax Seal","StuffTheSpire:Experiment12","Replay:Bandana","halation:SwordOfLegend","hubris:Backtick","Bottled Tornado","Vajra","reliquary:Firecrackers","ReplayTheSpireMod:Ninjato","Mercury Hourglass","hubris:Towel","ReplayTheSpireMod:Lightbulb","reliquary:TuningFork"],"acts_visited":["Exordium","TheCity","TheBeyond"],"potions_floor_usage":[42,42,49,54,54,54],"damage_taken":[{"damage":3.0,"enemies":"conspire:RoseBush","floor":1.0,"turns":4.0},{"damage":17.0,"enemies":"Small Slimes","floor":3.0,"turns":4.0},{"damage":17.0,"enemies":"Cultist","floor":6.0,"turns":5.0},{"damage":16.0,"enemies":"Blue Slaver","floor":7.0,"turns":4.0},{"damage":16.0,"enemies":"Gremlin Nob","floor":8.0,"turns":3.0},{"damage":22.0,"enemies":"Looter","floor":10.0,"turns":4.0},{"damage":17.0,"enemies":"2 Fungi Beasts","floor":11.0,"turns":8.0},{"damage":39.0,"enemies":"3 Sentries","floor":12.0,"turns":6.0},{"damage":11.0,"enemies":"2 Fungi Beasts","floor":13.0,"turns":4.0},{"damage":11.0,"enemies":"3 Louse","floor":15.0,"turns":3.0},{"damage":15.0,"enemies":"Blue Slaver","floor":16.0,"turns":5.0},{"damage":24.0,"enemies":"Fading Forest","floor":18.0,"turns":11.0},{"damage":48.0,"enemies":"2 Thieves","floor":20.0,"turns":5.0},{"damage":8.0,"enemies":"conspire:FuzzyDice","floor":23.0,"turns":6.0},{"damage":36.0,"enemies":"Shelled Parasite and Fungi","floor":24.0,"turns":5.0},{"damage":43.0,"enemies":"Replay:Snechameleon","floor":25.0,"turns":6.0},{"damage":26.0,"enemies":"Centurion and Healer","floor":26.0,"turns":6.0},{"damage":22.0,"enemies":"conspire:Head Lice","floor":30.0,"turns":5.0},{"damage":47.0,"enemies":"Chosen and Byrds","floor":31.0,"turns":7.0},{"damage":13.0,"enemies":"conspire:HollyBat","floor":32.0,"turns":6.0},{"damage":50.0,"enemies":"conspire:SneckoGhost","floor":33.0,"turns":9.0},{"damage":23.0,"enemies":"hubris:MusketHawk","floor":35.0,"turns":7.0},{"damage":32.0,"enemies":"3 Shapes","floor":37.0,"turns":5.0},{"damage":45.0,"enemies":"Orb Walker","floor":39.0,"turns":5.0},{"damage":3,"enemies":"Giant Head","floor":42,"turns":7},{"damage":38,"enemies":"Writhing Mass","floor":44,"turns":6},{"damage":9,"enemies":"Jaw Worm Horde","floor":49,"turns":2},{"damage":54,"enemies":"Donu and Deca","floor":54,"turns":5}],"seed_played":"5353018133901878403","potions_obtained":[{"floor":3.0,"key":"champ:CounterPotion"},{"floor":12.0,"key":"Dexterity Potion"},{"floor":13.0,"key":"Block Potion"},{"floor":15.0,"key":"SkillPotion"},{"floor":42,"key":"Cursed Concoction"}],"is_trial":false,"path_per_floor":["M","?","M","PTL","PTL","M","M","E","R","M","MIM","E","M","?","M","M","R","B",null,"M","?","$","M","M","E","M","R","T","R","E","M","M","E","R","B",null,"M","$","M","?","?","E","R","M","T","R","?","?","M","PTL","PTL","$","R","B",null],"character_chosen":"BEAKED_THE_CULTIST","items_purchased":["hubris:EmptyBottle","Shovel","beaked:HuntressSpirit","HandDrill","LifebloodPotion","ReplayTheSpireMod:Lightbulb","ReplayTheSpireMod:Owlgaze","Replay:BasicMightCard","beaked:WindBringer","reliquary:TuningFork"],"campfire_rested":0,"item_purchase_floors":[0,0,22,22,38,52,52,52,52,52],"current_hp_per_floor":[49,37,40,40,40,43,41,35,35,34,37,24,28,28,36,49,49,62,62,40,43,46,74,68,63,80,80,80,80,77,46,86,74,74,89,89,72,72,69,69,72,92,92,92,92,92,92,92,92,92,92,95,95,89],"gold":93,"neow_bonus":"","is_daily":false,"chose_seed":false,"campfire_upgraded":5,"win_rate":0.0,"timestamp":1614404065,"path_taken":["M","?","M","PTL","PTL","M","M","E","R","M","MIM","E","M","?","M","M","R","BOSS","M","?","$","M","?","E","M","R","T","R","E","M","M","E","R","BOSS","M","$","M","?","?","E","R","M","T","R","?","?","?","PTL","PTL","?","R","BOSS"],"items_purchased_type":["Relic","Relic","Card","Relic","Potion","Relic","Card","Card","Card","Relic"],"build_version":"2020-12-22","purchased_purges":1,"victory":true,"max_hp_per_floor":[50,50,50,50,50,50,50,50,50,50,50,53,56,56,56,59,59,62,62,65,68,71,74,74,77,80,80,80,80,80,83,86,86,86,89,89,89,89,89,89,92,92,92,92,92,92,92,92,92,92,92,95,95,95],"card_choices":[{"not_picked":["beaked:Daydream","beaked:Insight","beaked:Cower"],"picked":"SKIP","floor":1.0},{"not_picked":["beaked:Cower","beaked:Insight","beaked:FeelMyPain","beaked:Roost"],"picked":"beaked:Caw","floor":3.0},{"not_picked":["beaked:Flinch","beaked:Pecker","beaked:Struggle","beaked:StunningBlow"],"picked":"beaked:WarriorSpirit","floor":6.0},{"not_picked":["beaked:DigDeep","beaked:Roost","beaked:FeelMyPain","beaked:SurvivalInstinct"],"picked":"beaked:Foresight","floor":7.0},{"not_picked":["beaked:Flinch","beaked:Resilience","beaked:Replenish","beaked:CursingBlood"],"picked":"beaked:Brace","floor":8.0},{"not_picked":["beaked:BloodForTheGods","beaked:SurvivalInstinct","beaked:CursingBlood","beaked:Insight","beaked:Windmill"],"picked":"SKIP","floor":10.0},{"not_picked":["beaked:Negation","beaked:MimicHuntress","beaked:Tradeoff","beaked:ShadowFade"],"picked":"beaked:WarriorSpirit","floor":12.0},{"not_picked":["beaked:DigDeep","beaked:Cower","beaked:MimicWarrior","beaked:BarbedWire"],"picked":"beaked:Evade","floor":13.0},{"not_picked":["beaked:Brace","beaked:WarriorSpirit","beaked:BraceForImpact","beaked:Resilience","beaked:Roost"],"picked":"SKIP","floor":15.0},{"not_picked":["beaked:Daydream","beaked:CursingBlood","beaked:Evade","beaked:Poke"],"picked":"beaked:Hexing","floor":16.0},{"not_picked":["beaked:FakeOut","beaked:Brainwash","beaked:LiftOff","beaked:DarkTribute"],"picked":"beaked:AwakenedForm","floor":18.0},{"not_picked":["beaked:Brace+1","beaked:BraceForImpact","beaked:BounceBack","beaked:BloodForTheGods"],"picked":"beaked:Daydream","floor":20.0},{"not_picked":["beaked:Foresight","beaked:Brace+1","beaked:MachineEssence","beaked:Poke"],"picked":"beaked:MachineSpirit","floor":23.0},{"not_picked":["beaked:Tweet","beaked:Roost","beaked:MimicMachine","beaked:CursingBlood","beaked:Foresight"],"picked":"SKIP","floor":24.0},{"not_picked":["beaked:MimicMachine","beaked:StickSmack","beaked:MimicHuntress","beaked:Negation"],"picked":"beaked:WarriorEssence","floor":25.0},{"not_picked":["beaked:SacrificialAttack+1","beaked:Redirect","beaked:Evade+1","ReplayTheSpireMod:RavenHex"],"picked":"beaked:Insight","floor":26.0},{"not_picked":["beaked:DigDeep","ReplayTheSpireMod:Wings of Steel","beaked:RitualOfBody","beaked:Redirect","beaked:StickSmack+1"],"picked":"SKIP","floor":30.0},{"not_picked":["beaked:CursingBlood","beaked:Flinch","beaked:CheekyTricks","beaked:Tweet"],"picked":"beaked:WarriorEssence+1","floor":31.0},{"not_picked":["beaked:WindBringer","beaked:Poke","beaked:Evade+1","beaked:BraceForImpact+1"],"picked":"beaked:CrazyRituals+1","floor":32.0},{"not_picked":["beaked:Tradeoff","beaked:SurvivalInstinct","beaked:DigDeeper","beaked:FeelMyPain","beaked:Resilience"],"picked":"SKIP","floor":33.0},{"not_picked":["beaked:FullHouse","beaked:ShadowFade","beaked:Caw","beaked:Sacrifice"],"picked":"beaked:MachineEssence","floor":35.0},{"not_picked":["beaked:Replenish","beaked:Foresight","beaked:Flinch+1","beaked:Brace","beaked:Tradeoff"],"picked":"SKIP","floor":37.0},{"not_picked":["beaked:WarriorSpirit","beaked:Poke","beaked:Windmill","beaked:Redirect","beaked:CursingBlood+1"],"picked":"SKIP","floor":39},{"not_picked":["Forethought","Madness","PlatinumSkin","Survey Options"],"picked":"Jack Of All Trades","floor":41},{"not_picked":["beaked:Tweet+1","beaked:Poke+1","beaked:Cower","beaked:SurvivalInstinct+1","beaked:MimicHuntress"],"picked":"SKIP","floor":42},{"not_picked":["beaked:DigDeep","beaked:Recite+1","beaked:AwakenedForm","beaked:Overexert+1","beaked:Flinch"],"picked":"SKIP","floor":44},{"not_picked":["beaked:Tweet","beaked:TuckingFeathers+1","ReplayTheSpireMod:Wings of Steel+1","beaked:Daydream+1","beaked:RuinSticks"],"picked":"SKIP","floor":49}],"player_experience":2009749,"relics_obtained":[{"floor":1.0,"key":"SynthV:TestCard"},{"floor":8.0,"key":"reliquary:QuartzCube"},{"floor":11.0,"key":"DemoMod:MeltedRock"},{"floor":12.0,"key":"Replay:Ringing Soul"},{"floor":25.0,"key":"halation:SelfBoilingWater"},{"floor":28.0,"key":"Replay:Wax Seal"},{"floor":29.0,"key":"reliquary:FerryPass"},{"floor":30.0,"key":"StuffTheSpire:Experiment12"},{"floor":33.0,"key":"Replay:Bandana"},{"floor":35.0,"key":"halation:SwordOfLegend"},{"floor":42,"key":"Vajra"},{"floor":43,"key":"reliquary:Firecrackers"},{"floor":45,"key":"ReplayTheSpireMod:Ninjato"},{"floor":46,"key":"Mercury Hourglass"}],"event_choices":[{"damage_healed":0.0,"max_hp_gain":0.0,"max_hp_loss":0.0,"gold_gain":0.0,"event_name":"Golden Idol","player_choice":"Take Damage","floor":2.0,"gold_loss":0.0,"damage_taken":12.0,"relics_obtained":["Golden Idol"]},{"damage_healed":0.0,"max_hp_gain":0.0,"max_hp_loss":0.0,"gold_gain":0.0,"event_name":"Wheel of Change","player_choice":"Cursed","floor":21.0,"gold_loss":0.0,"damage_taken":0.0,"cards_obtained":["Decay"]},{"damage_healed":0,"gold_gain":0,"player_choice":"Memory 1","damage_taken":0,"max_hp_gain":0,"max_hp_loss":0,"event_name":"SensoryStone","floor":41,"gold_loss":0},{"damage_healed":0,"gold_gain":0,"player_choice":"Ignored","damage_taken":0,"max_hp_gain":0,"max_hp_loss":0,"event_name":"The Moai Head","floor":47,"gold_loss":0}],"is_beta":false,"boss_relics":[{"not_picked":["Runic Dome","hubris:GrandSneckoEye"],"picked":"hubris:TerracottaHorce"},{"not_picked":["Sozu","halation:PlatinumPhoenix"],"picked":"hubris:Backtick"}],"items_purged_floors":[22],"is_endless":false,"potions_floor_spawned":[3,12,13,15,16,24,25,32,33,42],"ascension_level":0}}