{"host":"ut3q8wc68upnfjmc","time":1614384093,"event":{"mods":["BaseMod","Colored Map","Colored Powertips","Downfall","Minty Spire (QoL Compilation)","StSLib","Unceasing Turn Reminder"],"gold_per_floor":[110,110,60,74,93,93,110,110,110,136,152,7,7,62,62,161,161,173,173,17,32,15,15,41,41,41],"floor_reached":25,"language":"ENG","playtime":1055,"items_purged":[],"score":209,"play_id":"e594b1a7-2830-4bc2-b003-eb1103dc5e36","local_time":"20210226180133","is_ascension_mode":true,"campfire_choices":[{"data":"Noxious Fumes","floor":6,"key":"SMITH"},{"data":"Neutralize","floor":8,"key":"SMITH"},{"data":"Blade Dance","floor":13,"key":"SMITH"},{"floor":15,"key":"REST"},{"data":"A Thousand Cuts","floor":23,"key":"SMITH"}],"circlet_count":0,"master_deck":["Strike_G","Strike_G+1","Strike_G","Strike_G+1","Strike_G","Defend_G","Defend_G","Defend_G","Defend_G","Survivor","Neutralize+1","Infinite Blades","Noxious Fumes+1","Grand Finale","Dagger Throw","Calculated Gamble","Blade Dance+1","A Thousand Cuts+1","Accuracy","Accuracy","Crippling Poison+1","Footwork","Catalyst"],"relics":["Ring of the Serpent","Anchor","Blue Candle","Shuriken","Membership Card","Regal Pillow","MawBank","Strange Spoon","Whetstone","Red Mask"],"acts_visited":["Exordium","TheCity"],"potions_floor_usage":[7,10,18,18],"damage_taken":[{"damage":0,"enemies":"Jaw Worm","floor":1,"turns":4},{"damage":0,"enemies":"2 Louse","floor":4,"turns":3},{"damage":0,"enemies":"Small Slimes","floor":5,"turns":4},{"damage":7,"enemies":"Exordium Thugs","floor":7,"turns":5},{"damage":15,"enemies":"Lagavulin","floor":10,"turns":6},{"damage":0,"enemies":"Large Slime","floor":11,"turns":2},{"damage":15,"enemies":"Lagavulin Event","floor":14,"turns":4},{"damage":20,"enemies":"Hexaghost","floor":16,"turns":7},{"damage":14,"enemies":"2 Thieves","floor":18,"turns":4},{"damage":5,"enemies":"3 Byrds","floor":21,"turns":4},{"damage":43,"enemies":"Masked Bandits","floor":24,"turns":4},{"damage":13,"enemies":"Slavers","floor":25,"turns":1}],"seed_played":"8526072887665582431","potions_obtained":[{"floor":1,"key":"Fire Potion"},{"floor":7,"key":"Weak Potion"},{"floor":10,"key":"Explosive Potion"},{"floor":16,"key":"Weak Potion"}],"is_trial":false,"path_per_floor":["M","?","?","M","M","R","M","R","T","E","M","$","R","?","R","B",null,"M","?","$","M","$","R","?","E"],"character_chosen":"THE_SILENT","items_purchased":["Membership Card","Strange Spoon","Whetstone","Accuracy","Footwork"],"campfire_rested":1,"item_purchase_floors":[12,20,20,20,22],"current_hp_per_floor":[70,70,70,70,70,70,63,63,63,48,48,48,48,33,69,49,70,56,56,56,51,51,51,8,0,0],"gold":41,"neow_bonus":"RANDOM_COMMON_RELIC","is_daily":false,"chose_seed":false,"campfire_upgraded":4,"win_rate":0.0,"timestamp":1614384093,"path_taken":["M","?","?","M","M","R","M","R","T","E","M","$","R","?","R","BOSS","M","?","$","M","?","R","?","E"],"items_purchased_type":["Relic","Relic","Relic","Card","Card"],"build_version":"2020-12-22","purchased_purges":0,"victory":false,"max_hp_per_floor":[70,70,70,70,70,70,70,70,70,70,70,70,70,70,70,70,70,70,70,70,70,70,70,70,70,70],"card_choices":[{"not_picked":["Prepared","Cloak And Dagger"],"picked":"Infinite Blades","floor":1},{"not_picked":["Sucker Punch","Reflex"],"picked":"Noxious Fumes","floor":4},{"not_picked":["Sucker Punch","Setup"],"picked":"Grand Finale","floor":5},{"not_picked":["Acrobatics","Endless Agony"],"picked":"Dagger Throw","floor":7},{"not_picked":["Sucker Punch","Poisoned Stab"],"picked":"Calculated Gamble","floor":10},{"not_picked":["Poisoned Stab","Predator"],"picked":"Blade Dance","floor":11},{"not_picked":["Burst","Venomology"],"picked":"A Thousand Cuts","floor":16},{"not_picked":["Dagger Spray","Quick Slash"],"picked":"Accuracy","floor":18},{"not_picked":["Deadly Poison","Outmaneuver+1"],"picked":"Crippling Poison+1","floor":21},{"not_picked":["Underhanded Strike","Endless Agony"],"picked":"Catalyst","floor":24}],"player_experience":80895,"relics_obtained":[{"floor":9,"key":"Blue Candle"},{"floor":10,"key":"Shuriken"},{"floor":14,"key":"Regal Pillow"},{"floor":19,"key":"MawBank"},{"floor":24,"key":"Red Mask"}],"event_choices":[{"damage_healed":0,"gold_gain":0,"player_choice":"Ignored","damage_taken":0,"max_hp_gain":0,"max_hp_loss":0,"event_name":"Liars Game","floor":2,"gold_loss":0},{"cards_removed":["Defend_G"],"damage_healed":0,"gold_gain":0,"player_choice":"Card Removal","damage_taken":0,"max_hp_gain":0,"max_hp_loss":0,"event_name":"The Cleric","floor":3,"gold_loss":50},{"damage_healed":0,"gold_gain":0,"player_choice":"Searched \u00271\u0027 times","damage_taken":0,"max_hp_gain":0,"max_hp_loss":0,"event_name":"Dead Adventurer","floor":14,"gold_loss":0},{"damage_healed":0,"gold_gain":0,"player_choice":"Relic","damage_taken":0,"max_hp_gain":0,"max_hp_loss":0,"event_name":"Wheel of Change","floor":19,"gold_loss":0},{"damage_healed":0,"gold_gain":0,"player_choice":"Fought Bandits","damage_taken":0,"max_hp_gain":0,"max_hp_loss":0,"event_name":"Masked Bandits","floor":24,"gold_loss":0}],"is_beta":false,"boss_relics":[{"not_picked":["Busted Crown","Sozu"],"picked":"Ring of the Serpent"}],"items_purged_floors":[],"is_endless":false,"potions_floor_spawned":[1,7,10,16],"killed_by":"Slavers","ascension_level":1}}