{"host":"fbf4ff5zs5coz2xl","time":1614456164,"event":{"mods":["BaseMod","Downfall","Minty Spire (QoL Compilation)","Permanent Neow","StSLib"],"gold_per_floor":[99,118,118,128,128,128,175,175,175,191,204,237,37,37,50,146,146,146,159,159,159,159,171,197,227,88,101,111,111,122,152,165,263,263,163,176,186,18,38,56,56,73,87,87,100,127,127,27,44,44,44,79,79,79,79,79],"floor_reached":57,"language":"ENG","playtime":6728,"items_purged":["Guardian:Defend_Guardian","Guardian:Strike_Guardian"],"score":1432,"play_id":"04420bee-2ec5-409b-8ff9-bc7ac3e52d56","local_time":"20210227130244","is_ascension_mode":true,"campfire_choices":[{"data":"Guardian:TwinSlam","floor":1,"key":"SMITH"},{"data":"Guardian:Recover","floor":6,"key":"SMITH"},{"floor":9,"key":"RECALL"},{"data":"Guardian:BronzeArmor","floor":13,"key":"SMITH"},{"data":"Guardian:ExploitGems","floor":18,"key":"SMITH"},{"data":"Guardian:Suspension","floor":29,"key":"SMITH"},{"data":"Guardian:Recover","floor":35,"key":"SMITH"},{"data":"Panache","floor":44,"key":"SMITH"},{"data":"Guardian:TimeBomb","floor":47,"key":"SMITH"},{"data":"Guardian:TimeCapacitor","floor":54,"key":"SMITH"}],"circlet_count":0,"master_deck":["Guardian:Strike_Guardian+1","Guardian:Defend_Guardian+1","Guardian:Defend_Guardian","Guardian:CurlUp+1","Guardian:TwinSlam+1","Guardian:Recover+1","Guardian:Orbwalk+1","Guardian:BronzeArmor+1","Guardian:ExploitGems+1","Guardian:TimeBomb+1","Guardian:Suspension+1","Guardian:Recover+1","Guardian:FuturePlans","Guardian:PiercingHide+1","Guardian:FloatingOrbs+1","Guardian:Incinerate+1","Panache+1","Guardian:TimeCapacitor+1","Guardian:Repulse+1"],"relics":["expansioncontent:StudyCardRelic","Pantograph","Bottled Lightning","downfall:HeartBlessingRed","downfall:HeartBlessingGreen","Empty Cage","Akabeko","Spirit Poop","Nunchaku","Art of War","Toy Ornithopter","Philosopher\u0027s Stone","downfall:HeartBlessingBlue","Guardian:BottledStasis","Lantern","Vajra","Pen Nib","sneckomod:BlankCard"],"acts_visited":["Exordium","TheCity","TheBeyond","TheEnding"],"potions_floor_usage":[12,26,33,45,55,56,56],"damage_taken":[{"damage":2,"enemies":"Small Slimes","floor":2,"turns":2},{"damage":1,"enemies":"Cultist","floor":4,"turns":3},{"damage":2,"enemies":"2 Louse","floor":10,"turns":3},{"damage":8,"enemies":"downfall:LooterAlt","floor":11,"turns":5},{"damage":10,"enemies":"3 Sentries","floor":12,"turns":5},{"damage":3,"enemies":"Exordium Thugs","floor":15,"turns":3},{"damage":18,"enemies":"SI_SHIV_ARCHETYPE","floor":16,"turns":7},{"damage":0,"enemies":"Shell Parasite","floor":19,"turns":4},{"damage":0,"enemies":"Spheric Guardian","floor":23,"turns":4},{"damage":14,"enemies":"Slavers","floor":25,"turns":4},{"damage":0,"enemies":"downfall:FleeingMerchant","floor":26,"turns":4},{"damage":2,"enemies":"Cultist and Chosen","floor":27,"turns":5},{"damage":0,"enemies":"Snecko","floor":28,"turns":3},{"damage":0,"enemies":"3 Cultists","floor":30,"turns":3},{"damage":14,"enemies":"Book of Stabbing","floor":31,"turns":4},{"damage":3,"enemies":"Chosen and Byrds","floor":32,"turns":4},{"damage":63,"enemies":"IC_MUSHROOM_ARCHETYPE","floor":33,"turns":9},{"damage":8,"enemies":"3 Shapes","floor":36,"turns":5},{"damage":0,"enemies":"Orb Walker","floor":37,"turns":3},{"damage":1,"enemies":"downfall:FleeingMerchant","floor":38,"turns":4},{"damage":14,"enemies":"Jaw Worm Horde","floor":39,"turns":4},{"damage":7,"enemies":"Transient","floor":40,"turns":5},{"damage":0,"enemies":"downfall:FleeingMerchant","floor":42,"turns":4},{"damage":0,"enemies":"4 Shapes","floor":43,"turns":3},{"damage":10,"enemies":"Spire Growth","floor":45,"turns":2},{"damage":0,"enemies":"Giant Head","floor":46,"turns":4},{"damage":13,"enemies":"Jaw Worm Horde","floor":49,"turns":2},{"damage":10,"enemies":"DF_ARCHETYPE_ORBS","floor":50,"turns":9},{"damage":16,"enemies":"downfall:CharBossMerchant","floor":52,"turns":6},{"damage":0,"enemies":"downfall:NeowBoss","floor":55,"turns":9},{"damage":75,"enemies":"downfall:NeowBossFinal","floor":56,"turns":9}],"seed_played":"-1864787948175683379","potions_obtained":[{"floor":4,"key":"Explosive Potion"},{"floor":11,"key":"SteroidPotion"},{"floor":15,"key":"Swift Potion"},{"floor":23,"key":"SkillPotion"},{"floor":27,"key":"CultistPotion"},{"floor":37,"key":"BlessingOfTheForge"},{"floor":40,"key":"Slimebound:ThreeZeroPotion"},{"floor":46,"key":"Strength Potion"},{"floor":52,"key":"Dexterity Potion"}],"is_trial":false,"path_per_floor":["R","M","?","M","?","R","T","?","R","M","M","E","R","?","M","B",null,"R","M","?","?","?","M","T","E","$","M","M","R","M","E","M","B",null,"R","M","M","$","M","M","T","$","M","R","M","E","R","$","M","B",null,"E","$","R","B","B",null],"character_chosen":"GUARDIAN","items_purchased":["Guardian:Suspension","Guardian:BottledStasis","Vajra","Panache"],"campfire_rested":0,"item_purchase_floors":[26,38,42,42],"current_hp_per_floor":[80,78,78,77,77,77,77,77,77,75,67,57,57,57,54,61,75,75,75,75,75,75,75,75,61,61,59,59,59,59,45,42,9,62,72,64,64,63,49,42,42,42,42,42,37,37,37,37,24,39,77,61,61,61,90,19],"gold":79,"neow_bonus":"BOSS_RELIC","is_daily":false,"chose_seed":false,"campfire_upgraded":9,"win_rate":0.0,"timestamp":1614456164,"path_taken":["R","M","?","?","?","R","T","?","R","M","?","E","R","?","M","BOSS","R","M","?","?","?","M","T","E","$","M","M","R","M","E","M","BOSS","R","M","M","$","M","M","T","$","M","R","M","E","R","?","M","BOSS","E","$","R","BOSS","BOSS"],"items_purchased_type":["Card","Relic","Relic","Card"],"build_version":"2020-12-22","purchased_purges":2,"victory":true,"max_hp_per_floor":[80,80,80,80,80,80,80,80,80,80,80,80,80,80,80,80,80,80,80,80,80,80,80,80,80,80,80,80,80,80,80,80,80,80,90,90,90,90,90,90,90,90,90,90,90,90,90,90,90,90,90,90,90,90,90,90],"card_choices":[{"not_picked":["Guardian:DecasProtection","Guardian:Incinerate"],"picked":"Guardian:Gem_White","floor":2},{"not_picked":["Guardian:Preprogram","Guardian:Emergency"],"picked":"Guardian:Recover","floor":4},{"not_picked":["Guardian:Recover","Guardian:FuturePlans","Guardian:RefractedBeam"],"picked":"SKIP","floor":10},{"not_picked":["Guardian:Reroute","Guardian:VentSteam"],"picked":"Guardian:Orbwalk","floor":11},{"not_picked":["Guardian:PiercingHide","Guardian:Reroute"],"picked":"Guardian:BronzeArmor","floor":12},{"not_picked":["Guardian:BronzeOrb","Guardian:Gem_Lightblue"],"picked":"Guardian:Gem_Yellow","floor":15},{"not_picked":["Guardian:StasisField","Guardian:GemFire"],"picked":"Guardian:ExploitGems","floor":16},{"not_picked":["Guardian:PrismaticBarrier","Guardian:DecasProtection","Guardian:RollAttack"],"picked":"SKIP","floor":19},{"not_picked":["Guardian:DonusPower","Guardian:PolyBeam+1"],"picked":"Guardian:Gem_Red","floor":23},{"not_picked":["Guardian:SentryBeam","Guardian:MultiBeam"],"picked":"Guardian:TimeBomb","floor":25},{"not_picked":["Guardian:BronzeArmor","Guardian:MultiBeam"],"picked":"Guardian:Gem_Blue","floor":26},{"not_picked":["Guardian:RollAttack","Guardian:Recover"],"picked":"Guardian:Gem_Red","floor":27},{"not_picked":["Guardian:Gem_Green","Guardian:TemporalShield","Guardian:WalkerClaw"],"picked":"SKIP","floor":28},{"not_picked":["Guardian:DonusPower+1","Guardian:Gem_Cyan"],"picked":"Guardian:Gem_White","floor":30},{"not_picked":["Guardian:ShieldSpikes+1","Guardian:PrimingBeam"],"picked":"Guardian:Recover","floor":31},{"not_picked":["Guardian:Planning","Guardian:TemporalShield","Guardian:Gem_Cyan"],"picked":"SKIP","floor":32},{"not_picked":["Guardian:BaubleBeam","Guardian:CompilePackage"],"picked":"Guardian:Gem_Orange","floor":33},{"not_picked":["Guardian:DecasProtection+1","Guardian:TemporalShield+1"],"picked":"Guardian:FuturePlans","floor":36},{"not_picked":["Guardian:DecasProtection","Guardian:Gem_Purple"],"picked":"Guardian:PiercingHide+1","floor":37},{"not_picked":["Guardian:DonusPower+1","Guardian:Recover"],"picked":"Guardian:FloatingOrbs+1","floor":38},{"not_picked":["Guardian:WalkerClaw+1","Guardian:Gem_Red"],"picked":"Guardian:Gem_Fragmented","floor":39},{"not_picked":["Guardian:PiercingHide+1","Guardian:GatlingBeam","Guardian:TemporalShield"],"picked":"SKIP","floor":40},{"not_picked":["Guardian:BronzeArmor+1","Guardian:PiercingHide+1"],"picked":"Guardian:Incinerate+1","floor":42},{"not_picked":["Guardian:WalkerClaw","Guardian:DonusPower+1","Guardian:CrystalBeam+1"],"picked":"SKIP","floor":43},{"not_picked":["Guardian:SpikerProtocol+1","Guardian:PiercingHide","Guardian:RefractedBeam+1"],"picked":"SKIP","floor":45},{"not_picked":["Guardian:Gem_Blue","Guardian:Incinerate","Guardian:Gem_Fragmented"],"picked":"SKIP","floor":46},{"not_picked":["Guardian:VentSteam+1","Guardian:ShieldSpikes"],"picked":"Guardian:TimeCapacitor","floor":49},{"not_picked":["Guardian:SpikerProtocol+1","Guardian:StasisField"],"picked":"Guardian:Repulse+1","floor":52}],"player_experience":596115,"relics_obtained":[{"floor":12,"key":"Bottled Lightning"},{"floor":24,"key":"Nunchaku"},{"floor":25,"key":"Art of War"},{"floor":31,"key":"Toy Ornithopter"},{"floor":41,"key":"Lantern"},{"floor":46,"key":"Pen Nib"},{"floor":52,"key":"sneckomod:BlankCard"}],"event_choices":[{"damage_healed":0,"gold_gain":0,"player_choice":"Box","damage_taken":0,"relics_obtained":["Pantograph"],"max_hp_gain":0,"max_hp_loss":0,"event_name":"Big Fish","floor":5,"gold_loss":0,"cards_obtained":["Regret"]},{"cards_removed":["Writhe"],"damage_healed":0,"gold_gain":0,"player_choice":"Offered Curse","damage_taken":0,"relics_obtained":["Spirit Poop"],"max_hp_gain":0,"max_hp_loss":0,"event_name":"Bonfire Elementals","floor":22,"gold_loss":0}],"is_beta":false,"boss_relics":[{"not_picked":["SlaversCollar","SacredBark"],"picked":"Empty Cage"},{"not_picked":["Cursed Key","Astrolabe"],"picked":"Philosopher\u0027s Stone"}],"items_purged_floors":[26,48],"is_endless":false,"potions_floor_spawned":[4,11,15,23,27,28,31,37,40,46,52],"ascension_level":5}}