{"host":"879u177vr8bnqwsn","time":1614431282,"event":{"mods":["BaseMod","Hubris","Minty Spire (QoL Compilation)","Reliquary","StSLib"],"gold_per_floor":[114,114,129,18,30,30,59,59,59,59,79,79,79,93,93,190,190,203,203,203,219,231,231,231,231],"floor_reached":24,"language":"ENG","playtime":781,"items_purged":[],"score":196,"play_id":"78134819-4405-44f0-9952-8df22f2bdb42","local_time":"20210227100802","is_ascension_mode":false,"campfire_choices":[{"data":"Flame Barrier","floor":6,"key":"SMITH"},{"data":"Spot Weakness","floor":10,"key":"SMITH"},{"data":"Flame Barrier","floor":15,"key":"SMITH"},{"floor":23,"key":"REST"}],"circlet_count":0,"master_deck":["Strike_R","Strike_R","Strike_R","Strike_R","Strike_R","Defend_R","Defend_R","Defend_R","Defend_R","Bash+1","Thunderclap","Flame Barrier+1","Spot Weakness+1","Dropkick","Warcry","Wild Strike","Flame Barrier+1","Twin Strike","Sword Boomerang","Reaper","RitualDagger","Infernal Blade","Corruption"],"relics":["Black Blood","hubris:Towel","reliquary:IridiumChain","Ginger","Nilry\u0027s Codex"],"acts_visited":["Exordium","TheCity"],"potions_floor_usage":[7,16,21,22],"damage_taken":[{"damage":3,"enemies":"2 Louse","floor":1,"turns":3},{"damage":6,"enemies":"Jaw Worm","floor":3,"turns":5},{"damage":5,"enemies":"Small Slimes","floor":5,"turns":3},{"damage":19,"enemies":"Gremlin Nob","floor":7,"turns":4},{"damage":12,"enemies":"Blue Slaver","floor":11,"turns":4},{"damage":0,"enemies":"Large Slime","floor":14,"turns":3},{"damage":38,"enemies":"Hexaghost","floor":16,"turns":9},{"damage":0,"enemies":"3 Byrds","floor":18,"turns":1},{"damage":6,"enemies":"Chosen","floor":21,"turns":6},{"damage":70,"enemies":"3 Cultists","floor":22,"turns":7},{"damage":48,"enemies":"Sentry and Sphere","floor":24,"turns":6}],"seed_played":"5144639900207155300","potions_obtained":[{"floor":1,"key":"SkillPotion"},{"floor":14,"key":"DistilledChaos"},{"floor":18,"key":"PowerPotion"},{"floor":21,"key":"SkillPotion"},{"floor":22,"key":"ElixirPotion"}],"is_trial":false,"path_per_floor":["M","?","M","$","M","R","E","?","T","R","M","?","?","M","R","B",null,"M","?","?","M","M","R","M"],"character_chosen":"IRONCLAD","items_purchased":["Spot Weakness","Dropkick"],"campfire_rested":1,"item_purchase_floors":[4,4],"current_hp_per_floor":[80,80,80,80,80,80,67,67,67,67,61,61,66,72,72,40,85,85,79,63,75,17,42,0,0],"gold":231,"neow_bonus":"UPGRADE_CARD","is_daily":false,"chose_seed":false,"campfire_upgraded":3,"win_rate":0.0,"timestamp":1614431282,"path_taken":["M","?","M","$","M","R","E","?","T","R","M","?","?","M","R","BOSS","M","?","?","M","M","R","M"],"items_purchased_type":["Card","Card"],"build_version":"2020-12-22","purchased_purges":0,"victory":false,"max_hp_per_floor":[80,80,80,80,80,80,80,80,80,80,80,80,85,85,85,85,85,85,85,85,85,85,85,85,85],"card_choices":[{"not_picked":["Blood for Blood","Dark Embrace"],"picked":"Thunderclap","floor":1},{"not_picked":["Perfected Strike","Battle Trance"],"picked":"Flame Barrier","floor":3},{"not_picked":["Anger","Havoc"],"picked":"Warcry","floor":5},{"not_picked":["Havoc","Bloodletting"],"picked":"Wild Strike","floor":7},{"not_picked":["Thunderclap","Perfected Strike"],"picked":"Twin Strike","floor":11},{"not_picked":["Wild Strike","Exhume"],"picked":"Sword Boomerang","floor":14},{"not_picked":["Fiend Fire","hubris:StunningStrike"],"picked":"Reaper","floor":16},{"not_picked":["Clothesline+1","Body Slam","Searing Blow"],"picked":"SKIP","floor":18},{"not_picked":["Flex+1","Body Slam"],"picked":"Infernal Blade","floor":21},{"not_picked":["hubris:CleavingFinish+1","Seeing Red"],"picked":"Corruption","floor":22}],"player_experience":752562,"relics_obtained":[{"floor":7,"key":"reliquary:IridiumChain"},{"floor":9,"key":"Ginger"},{"floor":20,"key":"Nilry\u0027s Codex"}],"event_choices":[{"damage_healed":0,"gold_gain":0,"player_choice":"Searched \u00271\u0027 times","damage_taken":0,"max_hp_gain":0,"max_hp_loss":0,"event_name":"Dead Adventurer","floor":12,"gold_loss":0},{"damage_healed":0,"gold_gain":0,"player_choice":"Donut","damage_taken":0,"max_hp_gain":5,"max_hp_loss":0,"event_name":"Big Fish","floor":13,"gold_loss":0},{"damage_healed":0,"gold_gain":0,"player_choice":"Joined the Cult","damage_taken":6,"max_hp_gain":0,"max_hp_loss":0,"event_name":"Nest","floor":19,"gold_loss":0,"cards_obtained":["RitualDagger"]},{"damage_healed":0,"gold_gain":0,"player_choice":"Obtained Book","damage_taken":16,"max_hp_gain":0,"max_hp_loss":0,"event_name":"Cursed Tome","floor":20,"gold_loss":0}],"is_beta":false,"boss_relics":[{"not_picked":["Tiny House","Coffee Dripper"],"picked":"Black Blood"}],"items_purged_floors":[],"is_endless":false,"potions_floor_spawned":[1,14,18,21,22],"killed_by":"Sentry and Sphere","ascension_level":0}}