{"host":"dbkc9h3etq50r1dq","time":1614454169,"event":{"mods":["100% Spire Juice","AchievementEnabler","BaseMod","Block Reminder","Colored Powertips","Curses Come First","Dark Map","Highlight Path","Keyboard Shortcuts","Minty Spire (QoL Compilation)","Permanent Neow","Potion Indicator Mod","Random Character Button","Rare Cards Sparkle","StSLib","SuperFastMode","Weighted Paths"],"gold_per_floor":[109,109,122,145,159,192,192,209,209,209,27,42,67,67,67,165,45,56,56,74,91,102,102,133,133,187,0,19,0,0,20,20,116,116,130,140,154,167,167,198,198,230,230,0,15,15,27,43,43,43],"floor_reached":51,"language":"ZHS","playtime":1825,"items_purged":["Moonworks:TreasureThief","Moonworks:Strike","Moonworks:LongDistanceShot"],"score":1084,"play_id":"6531b803-c9ca-472f-a9a2-7781f735ec91","local_time":"20210228032929","is_ascension_mode":true,"campfire_choices":[{"floor":7.0,"key":"REST"},{"floor":10.0,"key":"REST"},{"floor":15.0,"key":"REST"},{"data":"Moonworks:Ambush","floor":23.0,"key":"SMITH"},{"floor":25.0,"key":"REST"},{"floor":30.0,"key":"REST"},{"data":"Moonworks:ForcedRevival","floor":32.0,"key":"SMITH"},{"data":"Madness","floor":41.0,"key":"SMITH"},{"data":"Moonworks:SubspaceTunnel","floor":46.0,"key":"SMITH"},{"data":"Moonworks:ImOnFire","floor":49.0,"key":"SMITH"}],"circlet_count":0,"master_deck":["Moonworks:Ambush+1","Moonworks:UnpaidWork+1","Moonworks:NicePresent","Moonworks:SakisCookie","Moonworks:ImOnFire+1","Moonworks:TacticalRetreat+1","Moonworks:LuckyCharm+1","Moonworks:IndiscriminateFireSupport","Madness","Moonworks:IndiscriminateFireSupport","Moonworks:ForcedRevival+1","Moonworks:SubspaceTunnel+1","Moonworks:MiracleRedBeanIceCream","Moonworks:AwakeningOfTalent","Moonworks:SweetBattle","Moonworks:ShieldCounter","Moonworks:TacticalRetreat","Moonworks:MiracleRedBeanIceCream+1","Moonworks:ImOnFire+1","Moonworks:BigMagnum","Madness+1","Madness","Finesse","Moonworks:SakisCookie+1"],"relics":["Moonworks:BrokenBomb","Moonworks:Homemark","Orichalcum","Akabeko","Mercury Hourglass","Membership Card","Vajra","Runic Pyramid","War Paint","Bag of Marbles","Pandora\u0027s Box","Meat on the Bone","FossilizedHelix","Torii","Bag of Preparation"],"acts_visited":["Exordium","TheCity","TheBeyond"],"potions_floor_usage":[50,50,50],"damage_taken":[{"damage":0.0,"enemies":"Small Slimes","floor":1.0,"turns":3.0},{"damage":3.0,"enemies":"Jaw Worm","floor":3.0,"turns":4.0},{"damage":0.0,"enemies":"Cultist","floor":5.0,"turns":3.0},{"damage":28.0,"enemies":"Lagavulin","floor":6.0,"turns":6.0},{"damage":15.0,"enemies":"Red Slaver","floor":8.0,"turns":4.0},{"damage":5.0,"enemies":"Looter","floor":12.0,"turns":2.0},{"damage":8.0,"enemies":"3 Sentries","floor":13.0,"turns":6.0},{"damage":52.0,"enemies":"Hexaghost","floor":16.0,"turns":10.0},{"damage":0.0,"enemies":"3 Byrds","floor":18.0,"turns":4.0},{"damage":0.0,"enemies":"Spheric Guardian","floor":20.0,"turns":3.0},{"damage":0.0,"enemies":"Snake Plant","floor":21.0,"turns":2.0},{"damage":12.0,"enemies":"Cultist and Chosen","floor":22.0,"turns":2.0},{"damage":36.0,"enemies":"Gremlin Leader","floor":24.0,"turns":4.0},{"damage":0.0,"enemies":"Chosen and Byrds","floor":28.0,"turns":1.0},{"damage":0.0,"enemies":"Centurion and Healer","floor":31.0,"turns":2.0},{"damage":27.0,"enemies":"Champ","floor":33.0,"turns":3.0},{"damage":0.0,"enemies":"3 Darklings","floor":35.0,"turns":1.0},{"damage":0.0,"enemies":"Orb Walker","floor":36.0,"turns":1.0},{"damage":8.0,"enemies":"4 Shapes","floor":37.0,"turns":1.0},{"damage":0.0,"enemies":"3 Darklings","floor":38.0,"turns":2.0},{"damage":0.0,"enemies":"Nemesis","floor":40.0,"turns":1.0},{"damage":12.0,"enemies":"Giant Head","floor":42.0,"turns":5.0},{"damage":0.0,"enemies":"Sphere and 2 Shapes","floor":45.0,"turns":2.0},{"damage":0.0,"enemies":"Maw","floor":47.0,"turns":3.0},{"damage":3.0,"enemies":"4 Shapes","floor":48.0,"turns":2.0},{"damage":54,"enemies":"Time Eater","floor":50,"turns":6}],"seed_played":"-4672125998383553577","potions_obtained":[{"floor":1.0,"key":"Fire Potion"},{"floor":3.0,"key":"BlessingOfTheForge"},{"floor":13.0,"key":"Fire Potion"},{"floor":16.0,"key":"DuplicationPotion"},{"floor":21.0,"key":"AttackPotion"},{"floor":24.0,"key":"Swift Potion"},{"floor":28.0,"key":"Moonworks:OneHundredPercentOrangeJuicePotion"},{"floor":33.0,"key":"GamblersBrew"},{"floor":37.0,"key":"DistilledChaos"},{"floor":38.0,"key":"Dexterity Potion"},{"floor":40.0,"key":"Block Potion"},{"floor":48.0,"key":"Dexterity Potion"}],"is_trial":false,"path_per_floor":["M","?","M","T","M","E","R","M","T","R","$","M","E","?","R","B",null,"M","?","M","M","M","R","E","R","T","$","M","$","R","M","R","B",null,"M","M","M","M","?","E","R","E","T","$","M","R","M","M","R","B",null],"character_chosen":"THE_STARBREAKER","items_purchased":["Membership Card","Moonworks:IndiscriminateFireSupport","Madness","Moonworks:ForcedRevival","Bag of Preparation"],"campfire_rested":5,"item_purchase_floors":[11,27,27,29,44],"current_hp_per_floor":[54,59,56,56,56,28,47,32,32,51,51,46,38,38,57,5,50,50,50,52,54,42,42,6,25,25,25,25,25,44,49,49,30,56,64,64,57,65,55,55,55,58,58,58,65,65,65,63,63,28],"gold":43,"neow_bonus":"TRANSFORM_CARD","is_daily":false,"chose_seed":false,"campfire_upgraded":5,"win_rate":0.0,"timestamp":1614454169,"path_taken":["M","?","M","?","M","E","R","M","T","R","$","M","E","?","R","BOSS","M","?","M","?","M","R","E","R","T","?","M","$","R","M","R","BOSS","M","M","M","M","?","E","R","E","T","$","M","R","M","M","R","BOSS"],"items_purchased_type":["Relic","Card","Card","Card","Relic"],"build_version":"2020-12-22","purchased_purges":3,"victory":true,"max_hp_per_floor":[60,65,65,65,65,65,65,65,65,65,65,65,65,65,65,65,65,65,65,65,65,65,65,65,65,65,65,65,65,65,65,65,65,65,65,65,65,65,65,65,65,65,65,65,65,65,65,65,65,65],"card_choices":[{"not_picked":["Moonworks:FullSpeedAlicianrone","Moonworks:AwakeningOfTalent"],"picked":"Moonworks:UnpaidWork","floor":1.0},{"not_picked":["Moonworks:BigMagnum","Moonworks:TreasureThief","Moonworks:BigBangBell"],"picked":"SKIP","floor":3.0},{"not_picked":["Moonworks:CookingTime","Moonworks:RagingMadness","Moonworks:DeployBits"],"picked":"SKIP","floor":5.0},{"not_picked":["Moonworks:BigMagnum","Moonworks:EvilSpyWorkPreparation","Moonworks:Poppoformation"],"picked":"SKIP","floor":6.0},{"not_picked":["Moonworks:JonathanRush","Moonworks:ExtendedPhotonRifle","Moonworks:Poppoformation"],"picked":"SKIP","floor":8.0},{"not_picked":["Moonworks:BigMagnum","Moonworks:BigBangBell","Moonworks:LulusLuckyEgg"],"picked":"SKIP","floor":12.0},{"not_picked":["Moonworks:IntelligenceOfficer","Moonworks:ScrambledEve"],"picked":"Moonworks:NicePresent","floor":13.0},{"not_picked":["Moonworks:EvilSpyWorkPreparation","Moonworks:Heat300Percent"],"picked":"Moonworks:SakisCookie","floor":18.0},{"not_picked":["Moonworks:NicePresent","Moonworks:ScrambledEve"],"picked":"Moonworks:ImOnFire+1","floor":20.0},{"not_picked":["Moonworks:BigMagnum+1","Moonworks:LulusLuckyEgg","Moonworks:NicePresent"],"picked":"SKIP","floor":21.0},{"not_picked":["Moonworks:BeyondHell+1","Moonworks:ImOnFire"],"picked":"Moonworks:TacticalRetreat+1","floor":22.0},{"not_picked":["Moonworks:WeAreWaruda","Moonworks:LulusLuckyEgg"],"picked":"Moonworks:LuckyCharm+1","floor":24.0},{"not_picked":["Moonworks:Assault+1","Moonworks:NicePresent"],"picked":"Moonworks:IndiscriminateFireSupport","floor":28.0},{"not_picked":["Moonworks:LulusLuckyEgg+1","Moonworks:EvilSpyWorkPreparation","Moonworks:MiracleWalker"],"picked":"SKIP","floor":31.0},{"not_picked":["Moonworks:ReflectiveShell","Moonworks:PlushieMaster"],"picked":"Moonworks:SubspaceTunnel","floor":33.0},{"not_picked":["Moonworks:CloudOfSeagulls","Moonworks:Assault+1"],"picked":"Moonworks:MiracleRedBeanIceCream+1","floor":35.0},{"not_picked":["Moonworks:Assault","Moonworks:BigMagnum"],"picked":"Moonworks:ImOnFire","floor":36.0},{"not_picked":["Moonworks:CastOff","Moonworks:Assault","Moonworks:EvilSpyWorkPreparation+1"],"picked":"SKIP","floor":37.0},{"not_picked":["Moonworks:CloudOfSeagulls","Moonworks:BindingChains+1"],"picked":"Moonworks:BigMagnum","floor":38.0},{"not_picked":["Swift Strike","Jack Of All Trades"],"picked":"Madness","floor":39.0},{"not_picked":["Impatience","Metamorphosis"],"picked":"Madness","floor":39.0},{"not_picked":["Bandage Up","Good Instincts"],"picked":"Finesse","floor":39.0},{"not_picked":["Moonworks:MiracleWalker","Moonworks:IndiscriminateFireSupport","Moonworks:CastOff"],"picked":"SKIP","floor":40.0},{"not_picked":["Moonworks:Wanted","Moonworks:Assault"],"picked":"Moonworks:SakisCookie+1","floor":42.0},{"not_picked":["Moonworks:LulusLuckyEgg+1","Moonworks:NicePresent+1","Moonworks:Assault"],"picked":"SKIP","floor":45.0},{"not_picked":["Moonworks:JonathanRush","Moonworks:SelfDestruct","Moonworks:LulusLuckyEgg+1"],"picked":"SKIP","floor":47.0},{"not_picked":["Moonworks:SinkOrSwim","Moonworks:CloudOfSeagulls","Moonworks:NicePresent+1"],"picked":"SKIP","floor":48.0}],"player_experience":215199,"relics_obtained":[{"floor":4.0,"key":"Orichalcum"},{"floor":6.0,"key":"Akabeko"},{"floor":9.0,"key":"Mercury Hourglass"},{"floor":13.0,"key":"Vajra"},{"floor":24.0,"key":"War Paint"},{"floor":26.0,"key":"Bag of Marbles"},{"floor":40.0,"key":"Meat on the Bone"},{"floor":42.0,"key":"FossilizedHelix"},{"floor":43.0,"key":"Torii"}],"event_choices":[{"damage_healed":0.0,"max_hp_gain":5.0,"max_hp_loss":0.0,"gold_gain":0.0,"event_name":"Big Fish","player_choice":"Donut","floor":2.0,"gold_loss":0.0,"damage_taken":0.0},{"damage_healed":0.0,"max_hp_gain":0.0,"max_hp_loss":0.0,"gold_gain":0.0,"event_name":"Shining Light","player_choice":"Ignored","floor":14.0,"gold_loss":0.0,"damage_taken":0.0},{"cards_removed":["Moonworks:Defend"],"damage_healed":0.0,"max_hp_gain":0.0,"max_hp_loss":0.0,"gold_gain":0.0,"event_name":"Bonfire Elementals","player_choice":"Offered Basic","floor":19.0,"gold_loss":0.0,"damage_taken":0.0},{"damage_healed":0.0,"max_hp_gain":0.0,"max_hp_loss":0.0,"gold_gain":0.0,"event_name":"SensoryStone","player_choice":"Memory 3","floor":39.0,"gold_loss":0.0,"damage_taken":10.0}],"is_beta":false,"boss_relics":[{"not_picked":["Runic Dome","Snecko Eye"],"picked":"Runic Pyramid"},{"not_picked":["SlaversCollar","SacredBark"],"picked":"Pandora\u0027s Box"}],"items_purged_floors":[11,27,44],"is_endless":false,"potions_floor_spawned":[1,3,13,16,21,24,28,33,37,38,40,48],"ascension_level":7}}