{"host":"bf5upntvbdompq33","time":1614411951,"event":{"mods":["BaseMod","Bestiary","Colored Map","Colored Powertips","Curses Come First","Highlight Path","Minty Spire (QoL Compilation)","StSLib","ojb\u0027s Info Mod"],"gold_per_floor":[116,116,116,116,90,131,145,178,178,191,224,236,218,249,261,366,378,414,120,143,143,167,167,167,167,167,200,213,213,19,44,44,142,142,161,161,494,510,560,585,585,600,646,671,684,695,342,359,359,359,359,359,92,127,127],"floor_reached":56,"language":"ENG","playtime":5631,"items_purged":["Strike_R","Strike_R","Strike_R"],"score":2051,"play_id":"bf7a306f-d747-4cf2-bdee-41b4f5095d38","local_time":"20210227004551","is_ascension_mode":true,"campfire_choices":[{"data":"Entrench","floor":12,"key":"SMITH"},{"floor":15,"key":"REST"},{"data":"Brutality","floor":23,"key":"SMITH"},{"floor":25,"key":"REST"},{"data":"Dark Embrace","floor":32,"key":"SMITH"},{"data":"Impervious","floor":41,"key":"SMITH"},{"floor":49,"key":"RECALL"},{"data":"Feel No Pain","floor":52,"key":"SMITH"}],"circlet_count":0,"master_deck":["AscendersBane","Defend_R","Defend_R","Defend_R","Defend_R","Bash","The Bomb","Reckless Charge","Pommel Strike","Entrench+1","Impervious+1","Power Through","Bloodletting","Ghostly Armor","Brutality+1","Combust","Feel No Pain+1","Shrug It Off","Metallicize","Body Slam+1","Wild Strike","Disarm","Madness","Dark Embrace+1","Fiend Fire","Impervious","Feel No Pain","Apotheosis","Fire Breathing+1"],"relics":["Burning Blood","TungstenRod","Toy Ornithopter","Oddly Smooth Stone","Pear","MawBank","Mark of Pain","Medical Kit","StoneCalendar","Bag of Preparation","Bottled Tornado","Philosopher\u0027s Stone","Dead Branch","Ornamental Fan","Vajra","MealTicket","Blood Vial"],"acts_visited":["Exordium","TheCity","TheBeyond","TheEnding"],"potions_floor_usage":[8,22,27,27,33,38,42,50],"damage_taken":[{"damage":9,"enemies":"Small Slimes","floor":1,"turns":4},{"damage":17,"enemies":"3 Sentries","floor":6,"turns":3},{"damage":7,"enemies":"2 Louse","floor":7,"turns":2},{"damage":11,"enemies":"Gremlin Nob","floor":8,"turns":3},{"damage":0,"enemies":"Jaw Worm","floor":10,"turns":3},{"damage":18,"enemies":"3 Sentries","floor":11,"turns":5},{"damage":1,"enemies":"Looter","floor":13,"turns":4},{"damage":13,"enemies":"Exordium Thugs","floor":14,"turns":7},{"damage":26,"enemies":"Hexaghost","floor":16,"turns":13},{"damage":9,"enemies":"2 Thieves","floor":18,"turns":3},{"damage":11,"enemies":"Shell Parasite","floor":20,"turns":7},{"damage":15,"enemies":"Sentry and Sphere","floor":22,"turns":7},{"damage":11,"enemies":"Gremlin Leader","floor":27,"turns":7},{"damage":0,"enemies":"Snecko","floor":28,"turns":7},{"damage":12,"enemies":"Centurion and Healer","floor":31,"turns":5},{"damage":30,"enemies":"Collector","floor":33,"turns":8},{"damage":2,"enemies":"3 Shapes","floor":35,"turns":5},{"damage":18,"enemies":"3 Darklings","floor":38,"turns":4},{"damage":30,"enemies":"2 Orb Walkers","floor":39,"turns":6},{"damage":7,"enemies":"Giant Head","floor":40,"turns":7},{"damage":13,"enemies":"Maw","floor":42,"turns":6},{"damage":2,"enemies":"Spire Growth","floor":45,"turns":4},{"damage":23,"enemies":"Writhing Mass","floor":46,"turns":5},{"damage":4,"enemies":"4 Shapes","floor":48,"turns":4},{"damage":26,"enemies":"Donu and Deca","floor":50,"turns":7},{"damage":4,"enemies":"Shield and Spear","floor":54,"turns":7},{"damage":4,"enemies":"The Heart","floor":55,"turns":11}],"seed_played":"-1721355077403329609","potions_obtained":[{"floor":6,"key":"Weak Potion"},{"floor":7,"key":"Weak Potion"},{"floor":11,"key":"PowerPotion"},{"floor":16,"key":"Fire Potion"},{"floor":22,"key":"SneckoOil"},{"floor":27,"key":"PowerPotion"},{"floor":33,"key":"Weak Potion"},{"floor":40,"key":"AttackPotion"},{"floor":42,"key":"Block Potion"},{"floor":45,"key":"Ancient Potion"}],"is_trial":false,"path_per_floor":["M","?","?","?","$","E","M","E","T","M","E","R","M","M","R","B",null,"M","$","M","?","M","R","T","R","T","E","M","?","$","M","R","B",null,"M","?","?","M","?","E","R","M","T","T","M","M","$","M","R","B",null,"R","$","E","B",null],"character_chosen":"IRONCLAD","items_purchased":["Pommel Strike","Medical Kit","Feel No Pain","Madness","DuplicationPotion","MealTicket","Feel No Pain","Apotheosis"],"campfire_rested":2,"item_purchase_floors":[5,19,19,30,47,47,53,53],"current_hp_per_floor":[65,58,47,47,47,36,35,35,45,51,39,39,44,37,60,40,69,66,66,61,61,57,57,57,78,78,78,78,78,78,72,72,53,72,76,76,76,66,42,41,41,39,39,39,43,26,26,28,28,13,62,62,77,78,78],"gold":127,"neow_bonus":"RANDOM_COLORLESS_2","is_daily":false,"chose_seed":false,"campfire_upgraded":5,"win_rate":0.0,"timestamp":1614411951,"path_taken":["M","?","?","?","$","E","M","E","T","M","E","R","M","M","R","BOSS","M","$","M","?","M","R","?","R","T","E","M","?","$","M","R","BOSS","M","?","?","M","?","E","R","M","T","?","M","M","$","?","R","BOSS","R","$","E","BOSS"],"items_purchased_type":["Card","Relic","Card","Card","Potion","Relic","Card","Card"],"build_version":"2020-12-22","purchased_purges":3,"victory":true,"max_hp_per_floor":[75,75,75,68,68,68,68,68,78,78,78,78,78,78,78,78,78,78,78,78,78,78,78,78,78,78,78,78,78,78,78,78,78,78,78,78,78,78,78,78,78,78,78,78,78,78,78,78,78,78,78,78,78,78,78],"card_choices":[{"not_picked":["Violence","Secret Technique"],"picked":"The Bomb","floor":0},{"not_picked":["Infernal Blade","Cleave"],"picked":"Reckless Charge","floor":1},{"not_picked":["Body Slam","Sentinel"],"picked":"Entrench","floor":6},{"not_picked":["Evolve","Pommel Strike"],"picked":"Uppercut","floor":7},{"not_picked":["Iron Wave","Sword Boomerang"],"picked":"Impervious","floor":8},{"not_picked":["Burning Pact","Battle Trance"],"picked":"Power Through","floor":10},{"not_picked":["Sword Boomerang","Hemokinesis"],"picked":"Bloodletting","floor":11},{"not_picked":["Twin Strike","Dark Embrace"],"picked":"Ghostly Armor","floor":13},{"not_picked":["Flex","Warcry","Heavy Blade"],"picked":"SKIP","floor":14},{"not_picked":["Feed","Bludgeon"],"picked":"Brutality","floor":16},{"not_picked":["Havoc","Rage"],"picked":"Combust","floor":18},{"not_picked":["Headbutt","Flex"],"picked":"Shrug It Off","floor":20},{"not_picked":["Headbutt","Infernal Blade"],"picked":"Wild Strike","floor":22},{"not_picked":["Intimidate","Cleave"],"picked":"Disarm","floor":27},{"not_picked":["Cleave","Sword Boomerang","Body Slam"],"picked":"SKIP","floor":28},{"not_picked":["Perfected Strike","Anger"],"picked":"Dark Embrace","floor":31},{"not_picked":["Corruption","Double Tap"],"picked":"Fiend Fire","floor":33},{"not_picked":["Heavy Blade","Headbutt","Havoc+1"],"picked":"SKIP","floor":35},{"not_picked":["Headbutt","Havoc","Disarm"],"picked":"SKIP","floor":38},{"not_picked":["True Grit","Dual Wield","Anger"],"picked":"SKIP","floor":40},{"not_picked":["True Grit","Evolve","Clash"],"picked":"SKIP","floor":42},{"not_picked":["Iron Wave","Shockwave","Uppercut"],"picked":"SKIP","floor":45},{"not_picked":["Twin Strike+1","Battle Trance"],"picked":"Impervious","floor":46},{"not_picked":["Rupture","Bloodletting","Twin Strike"],"picked":"SKIP","floor":48},{"not_picked":["Shockwave","Warcry"],"picked":"Fire Breathing+1","floor":54}],"player_experience":1768030,"relics_obtained":[{"floor":6,"key":"Toy Ornithopter"},{"floor":8,"key":"Oddly Smooth Stone"},{"floor":9,"key":"Pear"},{"floor":11,"key":"MawBank"},{"floor":24,"key":"StoneCalendar"},{"floor":26,"key":"Bag of Preparation"},{"floor":27,"key":"Bottled Tornado"},{"floor":39,"key":"Dead Branch"},{"floor":40,"key":"Ornamental Fan"},{"floor":44,"key":"Vajra"},{"floor":54,"key":"Blood Vial"}],"event_choices":[{"cards_removed":["Regret"],"damage_healed":0,"gold_gain":0,"player_choice":"Card Removal","damage_taken":7,"max_hp_gain":0,"max_hp_loss":0,"event_name":"Golden Wing","floor":2,"gold_loss":0},{"damage_healed":0,"gold_gain":0,"player_choice":"Success","damage_taken":11,"relics_obtained":["TungstenRod"],"max_hp_gain":0,"max_hp_loss":0,"event_name":"Scrap Ooze","floor":3,"gold_loss":0},{"damage_healed":0,"gold_gain":0,"player_choice":"Lose Max HP","damage_taken":0,"relics_obtained":["Golden Idol"],"max_hp_gain":0,"max_hp_loss":7,"event_name":"Golden Idol","floor":4,"gold_loss":0},{"damage_healed":0,"gold_gain":0,"cards_transformed":["Strike_R","Strike_R"],"player_choice":"Became Test Subject","damage_taken":0,"max_hp_gain":0,"max_hp_loss":0,"event_name":"Drug Dealer","floor":21,"gold_loss":0,"cards_obtained":["Metallicize","Body Slam"]},{"damage_healed":0,"gold_gain":0,"player_choice":"Forge","damage_taken":0,"max_hp_gain":0,"max_hp_loss":0,"event_name":"Accursed Blacksmith","floor":29,"gold_loss":0,"cards_upgraded":["Body Slam"]},{"cards_removed":["Uppercut"],"damage_healed":0,"gold_gain":0,"player_choice":"Removed Attack","damage_taken":0,"max_hp_gain":0,"max_hp_loss":0,"event_name":"Falling","floor":36,"gold_loss":0},{"damage_healed":0,"gold_gain":333,"player_choice":"Gave Idol","damage_taken":0,"max_hp_gain":0,"max_hp_loss":0,"event_name":"The Moai Head","floor":37,"relics_lost":["Golden Idol"],"gold_loss":0},{"damage_healed":0,"gold_gain":0,"player_choice":"Fight","damage_taken":0,"max_hp_gain":0,"max_hp_loss":0,"event_name":"Mysterious Sphere","floor":39,"gold_loss":0}],"is_beta":false,"boss_relics":[{"not_picked":["Tiny House","SacredBark"],"picked":"Mark of Pain"},{"not_picked":["Velvet Choker","Busted Crown"],"picked":"Philosopher\u0027s Stone"}],"items_purged_floors":[19,30,47],"is_endless":false,"potions_floor_spawned":[6,7,11,14,16,22,27,33,40,42,45,48],"ascension_level":15}}