{"host":"irc1izoeqqttpzsx","time":1614388842,"event":{"mods":["2.2 Compatiblity","Aspiration","BaseMod","Better Note","BetterRewards","Colored Map","Colored Powertips","Conspire","DeckTracker","GifTheSpireLib","Highlight Path","Hubris","Infinite Spire","Mad Scientist","Mimic Mod","Minty Spire (QoL Compilation)","Quick Restart","Rare Cards Sparkle","Relic Sorter","Reliquary","Replay The Spire","Shop Mod","Spikes Relics","Spire Arcade","StSLib","SuperFastMode","The Marked","The Servant 0.9.4","Trackpad","Uncapped","Weighted Paths"],"gold_per_floor":[10117,10117,10136,10152,10172,9782,9808,9825,9825,9825,9840,9856,9892,9908,9908,10013,10013,10032,10019,10037,9791,9803,9803,9803,9822,9822,9822,9839,9789,9789,9789],"floor_reached":30,"language":"ENG","playtime":1149,"items_purged":["Strike_P","Strike_P"],"score":388,"play_id":"fa34e8b9-d956-4a5d-83ce-c87d69600ed2","local_time":"20210226202042","is_ascension_mode":false,"campfire_choices":[{"data":"Omniscience","floor":10,"key":"SMITH"},{"data":"WindmillStrike","floor":10,"key":"SMITH"},{"floor":15,"key":"REST"},{"floor":23,"key":"REST"},{"data":"Wallop","floor":27,"key":"SMITH"},{"data":"Wallop","floor":27,"key":"SMITH"}],"circlet_count":0,"master_deck":["Strike_P","Strike_P","Defend_P","Defend_P","Defend_P","Defend_P","Eruption","Vigilance","Wallop+1","Prepared","WindmillStrike+1","FlurryOfBlows","Omniscience+1","PathToVictory","CutThroughFate","Prostrate","Wallop+1","Prostrate","TalkToTheHand","Vault","PathToVictory","FlurryOfBlows","CrushJoints+1","Omniscience+1","Worship+1"],"relics":["m_SnakeCloak","NeowsBlessing","infinitespire:Cubic Diamond","BargainBundle","MerchantsRug","Replay:Arrowhead","Replay:Baseball","Black Star","trackpad:SappingStone","aspiration:StickyExplosives_weak"],"acts_visited":["Exordium","TheCity"],"potions_floor_usage":[14,16,16,20,30],"damage_taken":[{"damage":0,"enemies":"Cultist","floor":1,"turns":1},{"damage":0,"enemies":"Jaw Worm","floor":3,"turns":1},{"damage":0,"enemies":"Small Slimes","floor":4,"turns":1},{"damage":11,"enemies":"Looter","floor":5,"turns":5},{"damage":14,"enemies":"3 Sentries","floor":7,"turns":11},{"damage":0,"enemies":"3 Louse","floor":8,"turns":4},{"damage":8,"enemies":"Exordium Thugs","floor":11,"turns":4},{"damage":2,"enemies":"Blue Slaver","floor":12,"turns":3},{"damage":0,"enemies":"Gremlin Gang","floor":13,"turns":5},{"damage":33,"enemies":"Gremlin Gang","floor":14,"turns":6},{"damage":0,"enemies":"Hexaghost","floor":16,"turns":5},{"damage":4,"enemies":"Shell Parasite","floor":18,"turns":7},{"damage":27,"enemies":"2 Thieves","floor":19,"turns":4},{"damage":26,"enemies":"Centurion and Healer","floor":20,"turns":7},{"damage":14,"enemies":"Snecko","floor":22,"turns":7},{"damage":0,"enemies":"Snake Plant","floor":25,"turns":3},{"damage":7,"enemies":"Centurion and Healer","floor":28,"turns":6},{"damage":19,"enemies":"Replay:Snechameleon","floor":30,"turns":4}],"seed_played":"-2663038975031839182","potions_obtained":[{"floor":4,"key":"Swift Potion"},{"floor":8,"key":"Strength Potion"},{"floor":12,"key":"PowerPotion"},{"floor":14,"key":"ColorlessPotion"},{"floor":20,"key":"Venom Potion"},{"floor":28,"key":"PowerPotion"}],"is_trial":false,"path_per_floor":["M","?","M","M","M","$","E","M","T","R","M","M","MIM","M","R","B",null,"M","M","M","$","M","R","?","M","T","R","M","?","E"],"character_chosen":"WATCHER","items_purchased":["BargainBundle","MerchantsRug","Omniscience","PathToVictory","trackpad:SappingStone"],"campfire_rested":2,"item_purchase_floors":[6,6,6,6,21],"current_hp_per_floor":[72,72,72,72,61,61,47,47,47,47,39,37,37,4,25,25,72,68,41,15,15,1,22,22,22,22,22,15,15,0,0],"gold":9789,"neow_bonus":"THREE_ENEMY_KILL","is_daily":false,"chose_seed":false,"campfire_upgraded":4,"win_rate":0.0,"timestamp":1614388842,"path_taken":["M","?","M","M","M","$","E","M","T","R","M","M","?","M","R","BOSS","M","M","M","$","M","R","?","M","T","R","M","?","E"],"items_purchased_type":["Relic","Relic","Card","Card","Relic"],"build_version":"2020-12-22","purchased_purges":2,"victory":false,"max_hp_per_floor":[72,72,72,72,72,72,72,72,72,72,72,72,72,72,72,72,72,72,72,72,72,72,72,72,72,72,72,72,72,72,72],"card_choices":[{"not_picked":["Crescendo","Protect"],"picked":"Wallop","floor":1},{"not_picked":["EmptyBody","Acrobatics"],"picked":"Prepared","floor":3},{"not_picked":["Crescendo","Indignation"],"picked":"WindmillStrike","floor":4},{"not_picked":["Prepared","EmptyBody"],"picked":"FlurryOfBlows","floor":5},{"not_picked":["Indignation","JustLucky"],"picked":"CutThroughFate","floor":7},{"not_picked":["JustLucky","LessonLearned"],"picked":"Prostrate","floor":8},{"not_picked":["Prepared","DeceiveReality","FollowUp"],"picked":"SKIP","floor":11},{"not_picked":["Halt","InnerPeace"],"picked":"Wallop","floor":12},{"not_picked":["FollowUp","MentalFortress"],"picked":"Prostrate","floor":13},{"not_picked":["InnerPeace","Calculated Gamble"],"picked":"TalkToTheHand","floor":14},{"not_picked":["Unload","Blasphemy"],"picked":"Vault","floor":16},{"not_picked":["EmptyFist+1","Replay:BluntJabs"],"picked":"PathToVictory","floor":18},{"not_picked":["Replay:AtTheReady","FlyingSleeves+1","LikeWater+1"],"picked":"SKIP","floor":19},{"not_picked":["Protect","Sanctity"],"picked":"FlurryOfBlows","floor":20},{"not_picked":["CutThroughFate","BattleHymn"],"picked":"CrushJoints+1","floor":22},{"not_picked":["ThirdEye","Weave+1"],"picked":"Worship+1","floor":25},{"not_picked":["Halt","Swivel","FollowUp"],"picked":"SKIP","floor":28}],"player_experience":510558,"relics_obtained":[{"floor":7,"key":"Replay:Arrowhead"},{"floor":13,"key":"Replay:Baseball"},{"floor":26,"key":"aspiration:StickyExplosives_weak"}],"event_choices":[{"damage_healed":0,"gold_gain":0,"player_choice":"Copied","damage_taken":0,"max_hp_gain":0,"max_hp_loss":0,"event_name":"Duplicator","floor":24,"gold_loss":0,"cards_obtained":["Omniscience"]},{"damage_healed":0,"gold_gain":0,"player_choice":"Bet on Owner","damage_taken":0,"max_hp_gain":0,"max_hp_loss":0,"event_name":"The Joust","floor":29,"gold_loss":50}],"is_beta":false,"boss_relics":[{"not_picked":["ReplayTheSpireMod:DimensionalGlitch","Replay:Ancient Bell"],"picked":"Black Star"}],"items_purged_floors":[6,21],"is_endless":false,"potions_floor_spawned":[4,8,12,14,20,28],"killed_by":"Replay:Snechameleon","ascension_level":0}}