{"host":"xg4r5pv6chpuampg","time":1614442237,"event":{"mods":["AchievementEnabler","BaseMod","Googly Eyes","Minty Spire (QoL Compilation)","StSLib","Together in Spire"],"gold_per_floor":[109,123,134,148,3,35,35,69,69,69,128,144,177,193,193,298,298,313,328,427,441,441,441,454,379,379,379,396,396,17,27,27,27,27],"floor_reached":33,"language":"ENG","playtime":19270,"items_purged":[],"score":332,"play_id":"d38d6aa8-a928-4271-be39-92602f8ed94d","local_time":"20210227191037","is_ascension_mode":true,"campfire_choices":[{"floor":7,"key":"REST"},{"floor":10,"key":"REST"},{"floor":15,"key":"REST"},{"data":"Eruption","floor":23,"key":"SMITH"},{"floor":32,"key":"REST"}],"circlet_count":0,"master_deck":["Strike_P","Strike_P","Strike_P","Strike_P","Defend_P","Defend_P","Defend_P","Defend_P","Eruption+1","Vigilance","Evaluate","Collect","WheelKick","WaveOfTheHand","DeceiveReality","FollowUp","SashWhip","BattleHymn","EmptyMind","CutThroughFate","Wish","CurseOfTheBell","Evaluate+1","SandsOfTime","Wallop","FlurryOfBlows","Normality","LessonLearned","Ghostly","Ghostly","Ghostly","Ghostly","Ghostly","TalkToTheHand","SignatureMove","EmptyBody+1"],"relics":["Cursed Key","Blood Vial","Regal Pillow","Dream Catcher","Happy Flower","Darkstone Periapt","Calling Bell","Ancient Tea Set","HornCleat","Thread and Needle","Oddly Smooth Stone","Ginger","Nunchaku","MealTicket"],"acts_visited":["Exordium","TheCity"],"potions_floor_usage":[18,28,33,33],"damage_taken":[{"damage":2,"enemies":"Cultist","floor":1,"turns":3},{"damage":0,"enemies":"Small Slimes","floor":2,"turns":3},{"damage":1,"enemies":"Jaw Worm","floor":3,"turns":3},{"damage":5,"enemies":"Looter","floor":4,"turns":3},{"damage":24,"enemies":"Gremlin Nob","floor":6,"turns":5},{"damage":14,"enemies":"3 Sentries","floor":8,"turns":11},{"damage":8,"enemies":"Large Slime","floor":12,"turns":4},{"damage":24,"enemies":"Lagavulin","floor":13,"turns":6},{"damage":3,"enemies":"3 Louse","floor":14,"turns":3},{"damage":32,"enemies":"The Guardian","floor":16,"turns":11},{"damage":16,"enemies":"2 Thieves","floor":18,"turns":3},{"damage":0,"enemies":"3 Byrds","floor":19,"turns":6},{"damage":16,"enemies":"Snake Plant","floor":21,"turns":7},{"damage":28,"enemies":"Centurion and Healer","floor":24,"turns":5},{"damage":29,"enemies":"Cultist and Chosen","floor":28,"turns":6},{"damage":0,"enemies":"Snecko","floor":31,"turns":6},{"damage":55,"enemies":"Automaton","floor":33,"turns":12}],"seed_played":"9202626455025355131","potions_obtained":[{"floor":2,"key":"ColorlessPotion"},{"floor":4,"key":"Swift Potion"},{"floor":13,"key":"Strength Potion"},{"floor":14,"key":"DuplicationPotion"},{"floor":18,"key":"DuplicationPotion"}],"is_trial":false,"path_per_floor":["M","M","M","M","$","E","R","E","T","R","?","M","E","M","R","B",null,"M","M","?","M","?","R","M","?","T","?","M","?","$","M","R","B"],"character_chosen":"WATCHER","items_purchased":["Blood Vial","Nunchaku","TalkToTheHand","MealTicket"],"campfire_rested":4,"item_purchase_floors":[5,30,30,30],"current_hp_per_floor":[70,70,69,64,64,42,72,58,58,72,72,64,42,41,72,40,78,62,64,64,50,50,50,24,24,30,30,3,3,3,5,32,0,0],"gold":27,"neow_bonus":"BOSS_RELIC","is_daily":false,"chose_seed":false,"campfire_upgraded":1,"win_rate":0.0,"timestamp":1614442237,"path_taken":["M","?","M","M","$","E","R","E","T","R","?","M","E","M","R","BOSS","M","M","?","M","?","R","M","?","T","?","?","?","?","M","R","BOSS"],"items_purchased_type":["Relic","Relic","Card","Relic"],"build_version":"2020-12-22","purchased_purges":0,"victory":false,"max_hp_per_floor":[72,72,72,72,72,72,72,72,72,72,72,72,72,72,72,72,78,78,78,78,78,78,78,78,75,81,81,81,40,40,40,40,40,40],"card_choices":[{"not_picked":["JustLucky","FlyingSleeves"],"picked":"Evaluate","floor":1},{"not_picked":["ClearTheMind","Worship"],"picked":"Collect","floor":2},{"not_picked":["Weave","Pray"],"picked":"WheelKick","floor":3},{"not_picked":["EmptyFist","Wireheading"],"picked":"WaveOfTheHand","floor":4},{"not_picked":["MentalFortress","Alpha","ForeignInfluence"],"picked":"SKIP","floor":6},{"not_picked":["ClearTheMind","ThirdEye"],"picked":"DeceiveReality","floor":8},{"not_picked":["ThirdEye","FlurryOfBlows"],"picked":"FollowUp","floor":10},{"not_picked":["FlyingSleeves","Conclude"],"picked":"SashWhip","floor":12},{"not_picked":["Protect","JustLucky"],"picked":"BattleHymn","floor":13},{"not_picked":["CarveReality","Perseverance"],"picked":"EmptyMind","floor":14},{"not_picked":["BowlingBash","Swivel"],"picked":"CutThroughFate","floor":15},{"not_picked":["Devotion","Alpha"],"picked":"Wish","floor":16},{"not_picked":["FlurryOfBlows+1","ClearTheMind+1"],"picked":"Evaluate+1","floor":18},{"not_picked":["ClearTheMind","Protect"],"picked":"SandsOfTime","floor":19},{"not_picked":["CrushJoints","CarveReality+1"],"picked":"Wallop","floor":21},{"not_picked":["Protect","Nirvana"],"picked":"FlurryOfBlows","floor":24},{"not_picked":["WindmillStrike+1","CrushJoints+1","Study"],"picked":"SKIP","floor":28},{"not_picked":["CutThroughFate","Protect"],"picked":"SignatureMove","floor":31},{"not_picked":["CrushJoints","Sanctity+1"],"picked":"EmptyBody+1","floor":32}],"player_experience":178904,"relics_obtained":[{"floor":6,"key":"Regal Pillow"},{"floor":8,"key":"Dream Catcher"},{"floor":9,"key":"Happy Flower"},{"floor":13,"key":"Darkstone Periapt"},{"floor":17,"key":"Ancient Tea Set"},{"floor":17,"key":"HornCleat"},{"floor":17,"key":"Thread and Needle"},{"floor":26,"key":"Ginger"}],"event_choices":[{"damage_healed":0,"gold_gain":59,"player_choice":"Gained Gold","damage_taken":0,"max_hp_gain":0,"max_hp_loss":0,"event_name":"Golden Wing","floor":11,"gold_loss":0},{"damage_healed":0,"gold_gain":99,"player_choice":"Stole From Cult","damage_taken":0,"max_hp_gain":0,"max_hp_loss":0,"event_name":"Nest","floor":20,"gold_loss":0},{"damage_healed":0,"gold_gain":0,"player_choice":"Opened","damage_taken":0,"relics_obtained":["Oddly Smooth Stone"],"max_hp_gain":0,"max_hp_loss":0,"event_name":"The Mausoleum","floor":22,"gold_loss":0},{"cards_removed":["Parasite"],"damage_healed":0,"gold_gain":0,"player_choice":"Gave Gold","damage_taken":0,"max_hp_gain":0,"max_hp_loss":0,"event_name":"Beggar","floor":25,"gold_loss":75},{"damage_healed":0,"gold_gain":0,"player_choice":"1 cards matched","damage_taken":0,"max_hp_gain":0,"max_hp_loss":0,"event_name":"Match and Keep!","floor":27,"gold_loss":0,"cards_obtained":["LessonLearned"]},{"damage_healed":0,"gold_gain":0,"player_choice":"Became a Ghost","damage_taken":0,"max_hp_gain":0,"max_hp_loss":41,"event_name":"Ghosts","floor":29,"gold_loss":0,"cards_obtained":["Ghostly","Ghostly","Ghostly","Ghostly","Ghostly"]}],"is_beta":false,"boss_relics":[{"not_picked":["Pandora\u0027s Box","Sozu"],"picked":"Calling Bell"}],"items_purged_floors":[],"is_endless":false,"potions_floor_spawned":[2,4,13,14,16,18],"killed_by":"Automaton","ascension_level":1}}