{"host":"7qoz5gmva6til3yp","time":1614436778,"event":{"mods":["2.2 Compatiblity","AchievementEnabler","BaseMod","Minty Spire (QoL Compilation)","StSLib","SuperFastMode"],"gold_per_floor":[110,185,202,202,202,242,10,10,10,34,57,82,242,262,262,388,388,407,407,432,179,179,179,179,179,179,223,243,243,268,292,292,416,416,429,449,512,530,530,530,530,530,607,382,403,403,403,426,426,426],"floor_reached":51,"language":"KOR","playtime":1338,"items_purged":["Strike_R","Strike_R","Ghostly Armor","Dropkick"],"score":742,"play_id":"95adb59d-7f90-4cda-a50b-73436c744ce0","local_time":"20210227233938","is_ascension_mode":false,"campfire_choices":[{"data":"Twin Strike","floor":15.0,"key":"SMITH"},{"data":"Limit Break","floor":23.0,"key":"SMITH"},{"data":"Trip","floor":25.0,"key":"SMITH"},{"data":"1","floor":29.0,"key":"LIFT"},{"data":"2","floor":32.0,"key":"LIFT"},{"data":"Heavy Blade","floor":40,"key":"SMITH"},{"data":"3","floor":46,"key":"LIFT"},{"data":"Rupture","floor":49,"key":"SMITH"}],"circlet_count":0,"master_deck":["Carnage","Pommel Strike","Hemokinesis","Twin Strike+1","Rupture+1","Trip+1","Shrug It Off","Limit Break+1","Battle Trance","Pummel","Feed","Second Wind","Heavy Blade+1","Master of Strategy","Secret Technique","Rupture","Power Through","Shrug It Off","Evolve","Brutality","Rupture+1"],"relics":["Coffee Dripper"],"acts_visited":["Exordium","TheCity","TheBeyond"],"potions_floor_usage":[50,50,50],"damage_taken":[{"damage":10.0,"enemies":"Jaw Worm","floor":1.0,"turns":4.0},{"damage":0.0,"enemies":"Small Slimes","floor":3.0,"turns":3.0},{"damage":44.0,"enemies":"Lagavulin","floor":6.0,"turns":6.0},{"damage":0.0,"enemies":"Cultist","floor":10.0,"turns":2.0},{"damage":9.0,"enemies":"Blue Slaver","floor":11.0,"turns":3.0},{"damage":1.0,"enemies":"3 Louse","floor":12.0,"turns":2.0},{"damage":0.0,"enemies":"Exordium Thugs","floor":14.0,"turns":2.0},{"damage":12.0,"enemies":"Hexaghost","floor":16.0,"turns":7.0},{"damage":2.0,"enemies":"2 Thieves","floor":18.0,"turns":3.0},{"damage":0.0,"enemies":"3 Byrds","floor":20.0,"turns":1.0},{"damage":16.0,"enemies":"Slavers","floor":27.0,"turns":4.0},{"damage":8.0,"enemies":"Shelled Parasite and Fungi","floor":28.0,"turns":2.0},{"damage":6.0,"enemies":"Centurion and Healer","floor":30.0,"turns":3.0},{"damage":19.0,"enemies":"Snecko","floor":31.0,"turns":3.0},{"damage":27.0,"enemies":"Champ","floor":33.0,"turns":4.0},{"damage":31.0,"enemies":"3 Darklings","floor":35.0,"turns":3.0},{"damage":24.0,"enemies":"3 Shapes","floor":36.0,"turns":3.0},{"damage":35,"enemies":"Mind Bloom Boss Battle","floor":37,"turns":4},{"damage":24,"enemies":"3 Darklings","floor":38,"turns":3},{"damage":2,"enemies":"Writhing Mass","floor":45,"turns":2},{"damage":2,"enemies":"Jaw Worm Horde","floor":48,"turns":2},{"damage":62,"enemies":"Awakened One","floor":50,"turns":5}],"seed_played":"5725772045491621645","potions_obtained":[{"floor":1.0,"key":"Fire Potion"},{"floor":3.0,"key":"SmokeBomb"},{"floor":14.0,"key":"Regen Potion"},{"floor":33.0,"key":"Strength Potion"},{"floor":36,"key":"BloodPotion"}],"is_trial":false,"path_per_floor":["M","?","M","?","?","E","$","?","T","M","M","M","$","M","R","B",null,"M","?","M","$","?","R","?","R","T","E","M","R","M","M","R","B",null,"M","M","?","M","?","R","?","T","T","$","M","R","?","M","R","B",null],"character_chosen":"IRONCLAD","items_purchased":["Membership Card","Pommel Strike","Ghostly Armor","Twin Strike","Rupture","Trip","Combust","Meat on the Bone","Dropkick","Rupture","Power Through","Orrery"],"campfire_rested":0,"item_purchase_floors":[7,7,7,13,13,13,21,21,21,44,44,44],"current_hp_per_floor":[84,73,79,57,57,19,19,19,19,25,22,27,27,33,33,27,88,88,88,88,88,88,88,88,88,88,78,76,76,76,63,63,51,88,66,63,49,43,33,33,33,33,33,33,49,49,49,68,68,29],"gold":426,"neow_bonus":"TEN_PERCENT_HP_BONUS","is_daily":false,"chose_seed":false,"campfire_upgraded":5,"win_rate":0.0,"timestamp":1614436778,"path_taken":["M","?","M","?","?","E","$","?","T","M","M","?","$","M","R","BOSS","M","?","M","$","?","R","?","R","T","E","M","R","?","M","R","BOSS","M","M","?","M","?","R","?","?","T","$","M","R","?","M","R","BOSS"],"items_purchased_type":["Relic","Card","Card","Card","Card","Card","Card","Relic","Card","Card","Card","Relic"],"build_version":"2020-12-22","purchased_purges":4,"victory":true,"max_hp_per_floor":[88,88,88,88,88,88,88,88,88,88,88,88,88,88,88,88,88,88,88,88,88,88,88,88,88,88,88,88,88,88,88,88,88,88,91,94,97,97,97,97,97,97,97,97,97,97,97,100,100,103],"card_choices":[{"not_picked":["Warcry","Sword Boomerang"],"picked":"Uppercut","floor":1.0},{"not_picked":["Ghostly Armor","Sword Boomerang"],"picked":"Carnage","floor":3.0},{"not_picked":["Sword Boomerang","Heavy Blade","Iron Wave"],"picked":"SKIP","floor":6.0},{"not_picked":["Sword Boomerang","Iron Wave","Warcry"],"picked":"SKIP","floor":10.0},{"not_picked":["Reckless Charge","Flex"],"picked":"Hemokinesis","floor":11.0},{"not_picked":["Sever Soul","Anger","Disarm"],"picked":"SKIP","floor":12.0},{"not_picked":["Fire Breathing","Anger"],"picked":"Shrug It Off","floor":14.0},{"not_picked":["Berserk","Exhume"],"picked":"Limit Break","floor":16.0},{"not_picked":["Anger","Bloodletting"],"picked":"Battle Trance","floor":18.0},{"not_picked":["Dropkick","Pommel Strike","Headbutt"],"picked":"SKIP","floor":20.0},{"not_picked":["Battle Trance","Reckless Charge","Sentinel"],"picked":"SKIP","floor":27.0},{"not_picked":["True Grit+1","Clothesline","Headbutt"],"picked":"SKIP","floor":28.0},{"not_picked":["Warcry","Anger","Sentinel"],"picked":"SKIP","floor":30.0},{"not_picked":["Entrench","Juggernaut"],"picked":"Pummel","floor":31.0},{"not_picked":["Exhume","Corruption"],"picked":"Feed","floor":33.0},{"not_picked":["Headbutt+1","Flex","Havoc+1"],"picked":"SKIP","floor":35.0},{"not_picked":["Shockwave","Wild Strike"],"picked":"Second Wind","floor":36},{"not_picked":["Feel No Pain+1","Headbutt+1"],"picked":"Heavy Blade","floor":37},{"not_picked":["Clash+1","Dark Embrace","Pommel Strike+1"],"picked":"SKIP","floor":38},{"not_picked":["Mind Blast","Chrysalis"],"picked":"Master of Strategy","floor":39},{"not_picked":["Swift Strike","Purity"],"picked":"Secret Technique","floor":39},{"not_picked":["Pummel+1","Anger"],"picked":"Shrug It Off","floor":44},{"not_picked":["Wild Strike+1","Clash+1"],"picked":"Evolve","floor":44},{"not_picked":["Power Through+1","Headbutt"],"picked":"Brutality","floor":44},{"not_picked":["Cleave","Armaments+1","Pommel Strike+1"],"picked":"SKIP","floor":45},{"not_picked":["Power Through+1","Rampage+1"],"picked":"Rupture+1","floor":48}],"player_experience":508131,"relics_obtained":[{"floor":6.0,"key":"Lantern"},{"floor":9.0,"key":"Mummified Hand"},{"floor":26.0,"key":"Girya"},{"floor":27.0,"key":"Matryoshka"},{"floor":37,"key":"Torii"},{"floor":42,"key":"Peace Pipe"},{"floor":43,"key":"Art of War"},{"floor":43,"key":"Kunai"}],"event_choices":[{"damage_healed":0.0,"max_hp_gain":0.0,"max_hp_loss":0.0,"gold_gain":75.0,"event_name":"World of Goop","player_choice":"Gather Gold","floor":2.0,"gold_loss":0.0,"damage_taken":11.0},{"damage_healed":0.0,"max_hp_gain":0.0,"max_hp_loss":0.0,"gold_gain":0.0,"event_name":"Golden Idol","player_choice":"Take Damage","floor":4.0,"gold_loss":0.0,"damage_taken":22.0,"relics_obtained":["Golden Idol"]},{"damage_healed":0.0,"max_hp_gain":0.0,"max_hp_loss":0.0,"gold_gain":0.0,"event_name":"Scrap Ooze","player_choice":"Fled","floor":5.0,"gold_loss":0.0,"damage_taken":0.0},{"cards_removed":["Defend_R"],"damage_healed":0.0,"max_hp_gain":0.0,"max_hp_loss":0.0,"gold_gain":0.0,"event_name":"Bonfire Elementals","player_choice":"Offered Basic","floor":8.0,"gold_loss":0.0,"damage_taken":0.0},{"damage_healed":0.0,"max_hp_gain":0.0,"max_hp_loss":0.0,"gold_gain":0.0,"event_name":"The Mausoleum","player_choice":"Ignored","floor":19.0,"gold_loss":0.0,"damage_taken":0.0},{"damage_healed":0.0,"max_hp_gain":0.0,"max_hp_loss":0.0,"gold_gain":0.0,"event_name":"Ghosts","player_choice":"Ignored","floor":22.0,"gold_loss":0.0,"damage_taken":0.0},{"damage_healed":0.0,"max_hp_gain":0.0,"max_hp_loss":0.0,"gold_gain":0.0,"event_name":"N\u0027loth","player_choice":"Ignored","floor":24.0,"gold_loss":0.0,"damage_taken":0.0},{"damage_healed":0,"gold_gain":0,"player_choice":"Fight","damage_taken":0,"max_hp_gain":0,"max_hp_loss":0,"event_name":"MindBloom","floor":37,"gold_loss":0},{"damage_healed":0,"gold_gain":0,"player_choice":"Memory 3","damage_taken":10,"max_hp_gain":0,"max_hp_loss":0,"event_name":"SensoryStone","floor":39,"gold_loss":0},{"cards_removed":["Combust"],"damage_healed":0,"gold_gain":0,"player_choice":"Removed Power","damage_taken":0,"max_hp_gain":0,"max_hp_loss":0,"event_name":"Falling","floor":41,"gold_loss":0},{"damage_healed":0,"gold_gain":0,"player_choice":"Ignored","damage_taken":0,"max_hp_gain":0,"max_hp_loss":0,"event_name":"Tomb of Lord Red Mask","floor":47,"gold_loss":0}],"is_beta":false,"boss_relics":[{"not_picked":["Fusion Hammer","SlaversCollar"],"picked":"Coffee Dripper"},{"not_picked":["Runic Pyramid","Runic Dome"],"picked":"Runic Cube"}],"items_purged_floors":[7,13,21,44],"is_endless":false,"potions_floor_spawned":[1,3,14,16,28,30,31,33,36,37,38],"ascension_level":0}}