{"host":"ebeqek106y9nustn","time":1614436308,"event":{"mods":["BaseMod","Downfall","Hermit","Hubris","Infinite Spire","Marisa????????","Minty Spire (QoL Compilation)","Replay The Spire","StSLib","The Cursed","The Necromancer","The Servant 0.9.4"],"gold_per_floor":[114,114,114,114,114,114,144,244,244,254,254,219,230,263,263,361,361,372,372,383,383,394,394,23,23,23,57,57,57,83,83,83,83,83],"floor_reached":33,"language":"ENG","playtime":1085,"items_purged":["downfall:Haunted","Shame"],"score":337,"play_id":"425ae0f5-2dee-4bd1-a951-676b4039888f","local_time":"20210227143148","daily_mods":["Heirloom","Time Dilation"],"is_ascension_mode":false,"campfire_choices":[{"floor":6,"key":"REST"},{"data":"hubris:DuctTapeCard","floor":11,"key":"SMITH"},{"floor":15,"key":"REST"},{"floor":23,"key":"REST"},{"data":"Languid","floor":25,"key":"PURGE"},{"floor":29,"key":"REST"},{"floor":32,"key":"REST"}],"circlet_count":0,"master_deck":["Strike_S+1","Strike_S+1","Strike_S+1","Strike_S+1","Defend_S","Defend_S","Defend_S","Defend_S","Exchange","ReplayTheSpireMod:Book of Names","hubris:DuctTapeCard+2","downfall:Haunted","LightFlow","hubris:Envy","Starlight","Snipe","LightFlow","Rearm"],"relics":["Uniform","Ginger","hubris:Towel","hubris:ToyBattleship","hubris:DuctTape","Darkstone Periapt","infinitespire:FocusingShard","Replay:Bottled Eggs","StoneMask","PrismaticShard","Peace Pipe","Mirror","Anchor","infinitespire:Broken Mirror"],"acts_visited":["Exordium","TheCity"],"potions_floor_usage":[22,22,27,27],"damage_taken":[{"damage":2,"enemies":"Small Slimes","floor":1,"turns":4},{"damage":16,"enemies":"Lagavulin","floor":7,"turns":5},{"damage":4,"enemies":"2 Louse","floor":10,"turns":2},{"damage":0,"enemies":"Cultist","floor":13,"turns":2},{"damage":31,"enemies":"3 Sentries","floor":14,"turns":5},{"damage":43,"enemies":"Slime Boss","floor":16,"turns":9},{"damage":17,"enemies":"2 Thieves","floor":18,"turns":2},{"damage":10,"enemies":"3 Byrds","floor":20,"turns":4},{"damage":56,"enemies":"Centurion and Healer","floor":22,"turns":4},{"damage":39,"enemies":"Book of Stabbing","floor":27,"turns":4},{"damage":42,"enemies":"Replay:Snechameleon","floor":30,"turns":8},{"damage":41,"enemies":"Collector","floor":33,"turns":3}],"seed_played":"-8209504870497117941","potions_obtained":[{"floor":7,"key":"ColorlessPotion"},{"floor":13,"key":"Block Potion"},{"floor":20,"key":"Death Potion"},{"floor":22,"key":"SteroidPotion"}],"is_trial":true,"path_per_floor":["M","?","?","$","?","R","E","?","T","M","R","?","M","E","R","B",null,"M","?","M","AVR","M","R","$","R","T","E","$","R","E","?","R","B"],"character_chosen":"THE_SERVANT","items_purchased":["Peace Pipe"],"campfire_rested":5,"item_purchase_floors":[24],"current_hp_per_floor":[63,63,51,51,36,55,39,74,74,70,70,95,95,64,94,51,100,89,68,67,67,17,50,50,50,50,14,14,47,8,8,42,1,1],"gold":83,"neow_bonus":"","is_daily":false,"chose_seed":false,"campfire_upgraded":1,"win_rate":0.0,"timestamp":1614436308,"path_taken":["M","?","?","$","?","R","E","?","T","M","R","?","M","E","R","BOSS","M","?","M","AVR","M","R","$","R","T","E","$","R","E","?","R","BOSS"],"items_purchased_type":["Relic"],"build_version":"2020-12-22","purchased_purges":2,"victory":false,"max_hp_per_floor":[65,65,65,65,65,65,65,100,100,100,100,100,100,100,100,100,100,102,107,110,110,112,112,112,112,112,113,113,113,114,114,114,114,114],"card_choices":[{"not_picked":["ReturningBlade","Misdirection"],"picked":"Ricochet","floor":1},{"not_picked":["infinitespire:Gouge","infinitespire:UltimateForm"],"picked":"ReplayTheSpireMod:Book of Names","floor":5},{"not_picked":["Alleviate","Desolation","Reset"],"picked":"SKIP","floor":7},{"not_picked":["Revamp","Ricochet"],"picked":"Starlight","floor":10},{"not_picked":["Unruled","ShatteredReality"],"picked":"Snipe","floor":13},{"not_picked":["Advance","Potential","BottledTime"],"picked":"SKIP","floor":14},{"not_picked":["ForgedInTime","Duplication"],"picked":"LightFlow","floor":16},{"not_picked":["Alleviate","Shuttle","FastForward"],"picked":"SKIP","floor":18},{"not_picked":["Revamp","FloweringNight"],"picked":"Rearm","floor":20},{"not_picked":["hexamod:NightmareStrike","MilkyWay","Shrug It Off"],"picked":"SKIP","floor":22},{"not_picked":["Consume_Illness","TheWorld","hexamod:InspiringFlames"],"picked":"SKIP","floor":27},{"not_picked":["Guardian:Suspension+1","TheCursedMod:RapidMovement","Consume_Illness+1"],"picked":"SKIP","floor":30}],"player_experience":33378,"relics_obtained":[{"floor":7,"key":"hubris:DuctTape"},{"floor":9,"key":"infinitespire:FocusingShard"},{"floor":14,"key":"Replay:Bottled Eggs"},{"floor":26,"key":"Mirror"},{"floor":27,"key":"Anchor"},{"floor":30,"key":"infinitespire:Broken Mirror"}],"event_choices":[{"damage_healed":0,"gold_gain":0,"player_choice":"Success","damage_taken":12,"relics_obtained":["hubris:ToyBattleship"],"max_hp_gain":0,"max_hp_loss":0,"event_name":"Scrap Ooze","floor":3,"gold_loss":0},{"damage_healed":25,"gold_gain":0,"player_choice":"Healed","damage_taken":0,"max_hp_gain":0,"max_hp_loss":0,"event_name":"The Cleric","floor":12,"gold_loss":35},{"damage_healed":0,"gold_gain":0,"player_choice":"Shed Blood","damage_taken":26,"max_hp_gain":5,"max_hp_loss":0,"event_name":"Forgotten Altar","floor":19,"gold_loss":0},{"damage_healed":0,"gold_gain":0,"player_choice":"Ignored","damage_taken":0,"max_hp_gain":0,"max_hp_loss":0,"event_name":"Cursed Tome","floor":31,"gold_loss":0}],"is_beta":false,"boss_relics":[{"not_picked":["SplendidAttire","hubris:HollowSoul"],"picked":"StoneMask"}],"items_purged_floors":[21,24],"is_endless":false,"potions_floor_spawned":[7,13,20,22],"killed_by":"Collector","ascension_level":0}}