{"host":"zxd2l8an9de7z7b9","time":1614401709,"event":{"mods":["100% Spire Juice","2.2 Compatiblity","AchievementEnabler","BaseMod","CapriCore","Colored Map","Colored Powertips","Marisa£¨Ùöéë¡¡Øª×âÞÞ£©","Minty Spire (QoL Compilation)","Rare Cards Sparkle","StSLib","SuperFastMode","Td1madao Mod","everything is the same but u backflip on backflip"],"gold_per_floor":[118,118,138,149,48,48,48,48,48,60,60,78,78,97,97,97,97],"floor_reached":16,"language":"KOR","playtime":399,"items_purged":["Defend_B"],"score":92,"play_id":"bbc328c0-52a0-42cb-882e-0b4016d7db03","local_time":"20210227135509","is_ascension_mode":false,"campfire_choices":[{"data":"Go for the Eyes","floor":6.0,"key":"SMITH"},{"data":"Dualcast","floor":8,"key":"SMITH"},{"data":"Hologram","floor":11,"key":"SMITH"},{"data":"Conserve Battery","floor":13,"key":"SMITH"},{"floor":15,"key":"REST"}],"circlet_count":0,"master_deck":["Strike_B","Strike_B","Strike_B","Defend_B","Defend_B","Defend_B","Zap","Dualcast+1","Conserve Battery+1","Skim","Skim","Go for the Eyes+1","Hologram+1"],"relics":["Cracked Core","Frozen Egg 2"],"acts_visited":["Exordium"],"potions_floor_usage":[16],"damage_taken":[{"damage":5.0,"enemies":"Cultist","floor":1.0,"turns":4.0},{"damage":3.0,"enemies":"Small Slimes","floor":3.0,"turns":4.0},{"damage":11.0,"enemies":"Jaw Worm","floor":4.0,"turns":3.0},{"damage":10,"enemies":"Lots of Slimes","floor":10,"turns":4},{"damage":0,"enemies":"2 Fungi Beasts","floor":12,"turns":3},{"damage":13,"enemies":"Exordium Thugs","floor":14,"turns":4},{"damage":48,"enemies":"Slime Boss","floor":16,"turns":8}],"seed_played":"-3929284727877220253","potions_obtained":[{"floor":1.0,"key":"AttackPotion"},{"floor":4.0,"key":"DuplicationPotion"}],"is_trial":false,"path_per_floor":["M","$","M","M","$","R","?","R","T","M","R","M","R","M","R","B"],"character_chosen":"DEFECT","items_purchased":["Go for the Eyes"],"campfire_rested":1,"item_purchase_floors":[5],"current_hp_per_floor":[70,70,67,56,56,56,49,49,49,39,39,39,39,26,48,0,0],"gold":97,"neow_bonus":"REMOVE_CARD","is_daily":false,"chose_seed":false,"campfire_upgraded":4,"win_rate":0.0,"timestamp":1614401709,"path_taken":["M","?","?","M","$","R","?","R","T","M","R","M","R","M","R","BOSS"],"items_purchased_type":["Card"],"build_version":"2020-12-22","purchased_purges":1,"victory":false,"max_hp_per_floor":[75,75,75,75,75,75,75,75,75,75,75,75,75,75,75,75,75],"card_choices":[{"not_picked":["Self Repair","Capacitor"],"picked":"Conserve Battery","floor":1.0},{"not_picked":["Sweeping Beam","Reinforced Body"],"picked":"Skim","floor":3.0},{"not_picked":["Redo","Beam Cell"],"picked":"Skim","floor":4.0},{"not_picked":["Streamline","Steam Power"],"picked":"Hologram","floor":10},{"not_picked":["Sweeping Beam","Ball Lightning","Leap"],"picked":"SKIP","floor":12},{"not_picked":["Steam Power","Consume","Doom and Gloom"],"picked":"SKIP","floor":14}],"player_experience":481566,"relics_obtained":[{"floor":9,"key":"Frozen Egg 2"}],"event_choices":[{"damage_healed":0,"gold_gain":0,"player_choice":"Damaged","damage_taken":7,"max_hp_gain":0,"max_hp_loss":0,"event_name":"Wheel of Change","floor":7,"gold_loss":0}],"is_beta":false,"boss_relics":[],"items_purged_floors":[5],"is_endless":false,"potions_floor_spawned":[1,4],"killed_by":"Slime Boss","ascension_level":0}}