{"host":"92108ef2q9tm8rod","time":1614386512,"event":{"mods":["BaseMod","Defuse TimeMaze Blight","Minty Spire (QoL Compilation)","StSLib","The Jungle"],"gold_per_floor":[112,112,130,149,211,211,224,253,278,278,289,289,318,243,243,338,338,358,358,358,375,392,423,423,278,302,332,343,372,125,138,138,240,240,251,297,141,141,141,141,159,159,183,234,251,251,104,114,114,114],"floor_reached":51,"language":"ENG","playtime":1704,"items_purged":["BowlingBash","Flying Knee"],"score":1063,"play_id":"7063dcc5-89fc-4a16-867f-eb1a56e14b2d","local_time":"20210227004152","daily_mods":["SealedDeck","Purple Cards","Heirloom","Flight"],"is_ascension_mode":false,"campfire_choices":[{"data":"Terror","floor":6,"key":"SMITH"},{"data":"Prostrate","floor":10,"key":"SMITH"},{"data":"Prostrate","floor":12,"key":"SMITH"},{"data":"Finisher","floor":15,"key":"SMITH"},{"data":"Adrenaline","floor":24,"key":"SMITH"},{"floor":32,"key":"REST"},{"data":"Accuracy","floor":40,"key":"SMITH"},{"data":"Alpha","floor":42,"key":"SMITH"},{"data":"Blade Dance","floor":46,"key":"SMITH"},{"data":"Perseverance","floor":49,"key":"SMITH"}],"circlet_count":0,"master_deck":["Slice+1","Terror+1","Backflip","Blade Dance+1","Backflip","Prostrate+1","Prostrate+1","Finisher+1","Alpha+1","Adrenaline+1","Accuracy+1","Finesse","Perseverance+1"],"relics":["Ring of the Snake","Prayer Wheel","Potion Belt","Lantern","Pen Nib","SlaversCollar","TungstenRod","TwistedFunnel","Snake Skull","Darkstone Periapt","Mango","Medical Kit","SacredBark","Tingsha","ClockworkSouvenir","Nunchaku","Whetstone","Omamori"],"acts_visited":["Exordium","Exordium","TheBeyond"],"potions_floor_usage":[18,31,33,33,48,50,50,50,50],"damage_taken":[{"damage":0,"enemies":"Jaw Worm","floor":1,"turns":2},{"damage":0,"enemies":"Small Slimes","floor":3,"turns":2},{"damage":0,"enemies":"Cultist","floor":4,"turns":2},{"damage":0,"enemies":"Lots of Slimes","floor":7,"turns":2},{"damage":0,"enemies":"Lagavulin","floor":8,"turns":3},{"damage":0,"enemies":"2 Fungi Beasts","floor":11,"turns":2},{"damage":0,"enemies":"Gremlin Nob","floor":13,"turns":2},{"damage":0,"enemies":"Slime Boss","floor":16,"turns":2},{"damage":0,"enemies":"theJungle:Flameango_and_Byrd","floor":18,"turns":3},{"damage":8,"enemies":"theJungle:GiantWrat","floor":21,"turns":3},{"damage":0,"enemies":"theJungle:JungleHuntersEncounter","floor":22,"turns":2},{"damage":0,"enemies":"theJungle:MamaSnecko","floor":23,"turns":2},{"damage":0,"enemies":"theJungle:2_Phrogs","floor":27,"turns":2},{"damage":0,"enemies":"theJungle:2_Snecko_Cultists","floor":28,"turns":2},{"damage":0,"enemies":"theJungle:Cassacara","floor":29,"turns":2},{"damage":0,"enemies":"Snake Plant","floor":31,"turns":1},{"damage":0,"enemies":"theJungle:QueenSpyder","floor":33,"turns":2},{"damage":1,"enemies":"3 Darklings","floor":35,"turns":2},{"damage":0,"enemies":"2 Orb Walkers","floor":36,"turns":2},{"damage":0,"enemies":"Orb Walker","floor":41,"turns":1},{"damage":0,"enemies":"Spire Growth","floor":45,"turns":3},{"damage":0,"enemies":"Sphere and 2 Shapes","floor":48,"turns":2},{"damage":0,"enemies":"Donu and Deca","floor":50,"turns":1}],"seed_played":"8813884783205567969","potions_obtained":[{"floor":3,"key":"ColorlessPotion"},{"floor":7,"key":"Explosive Potion"},{"floor":8,"key":"Ancient Potion"},{"floor":13,"key":"Energy Potion"},{"floor":27,"key":"Strength Potion"},{"floor":29,"key":"Strength Potion"},{"floor":31,"key":"SpeedPotion"},{"floor":35,"key":"Energy Potion"},{"floor":41,"key":"DistilledChaos"}],"is_trial":true,"path_per_floor":["M","$","M","M","?","R","M","E","T","R","M","R","E","$","R","B",null,"M","?","$","M","M","E","R","$","T","E","M","E","$","M","R","B",null,"M","?","$","?","$","R","M","R","T","T","M","R","$","M","R","B",null],"character_chosen":"THE_SILENT","items_purchased":["TwistedFunnel","Medical Kit","ClockworkSouvenir","Omamori"],"campfire_rested":1,"item_purchase_floors":[25,30,37,47],"current_hp_per_floor":[70,70,70,70,70,70,70,70,70,70,70,70,70,70,70,70,70,70,70,70,62,62,62,62,62,62,62,62,76,76,76,84,84,84,83,83,83,83,83,83,83,83,83,83,83,83,83,83,83,83],"gold":114,"neow_bonus":"","is_daily":false,"chose_seed":false,"campfire_upgraded":9,"win_rate":0.0,"timestamp":1614386512,"path_taken":["M","$","M","M","?","R","M","E","T","R","M","R","E","$","R","BOSS","M","?","$","M","M","E","R","$","T","E","?","E","?","?","R","BOSS","M","?","$","?","$","R","M","R","T","?","?","R","?","M","R","BOSS"],"items_purchased_type":["Relic","Relic","Relic","Relic"],"build_version":"2020-12-22","purchased_purges":2,"victory":true,"max_hp_per_floor":[70,70,70,70,70,70,70,70,70,70,70,70,70,70,70,70,70,70,70,70,70,70,70,70,70,70,70,70,84,84,84,84,84,84,84,84,84,84,84,84,84,84,84,84,84,84,84,84,84,84],"card_choices":[{"not_picked":["EmptyBody","Deflect","Consecrate"],"picked":"SKIP","floor":1},{"not_picked":["All Out Attack","Dodge and Roll","Protect"],"picked":"SKIP","floor":1},{"not_picked":["FlyingSleeves","ThirdEye","Crescendo"],"picked":"SKIP","floor":3},{"not_picked":["Wish","CrushJoints","Dagger Throw"],"picked":"SKIP","floor":3},{"not_picked":["Dagger Spray","Indignation","Poisoned Stab"],"picked":"SKIP","floor":4},{"not_picked":["WheelKick","FollowUp","Swivel"],"picked":"SKIP","floor":4},{"not_picked":["BowlingBash","Bane","ForeignInfluence"],"picked":"SKIP","floor":7},{"not_picked":["Collect","LessonLearned","Deflect"],"picked":"SKIP","floor":7},{"not_picked":["BowlingBash","Cloak And Dagger","Heel Hook"],"picked":"SKIP","floor":8},{"not_picked":["Sucker Punch","LikeWater","Deflect"],"picked":"SKIP","floor":11},{"not_picked":["Prepared","Dagger Spray","Consecrate"],"picked":"SKIP","floor":11},{"not_picked":["Die Die Die","Swivel"],"picked":"Finisher","floor":13},{"not_picked":["Omniscience","Unload"],"picked":"Alpha","floor":16},{"not_picked":["Fasting2","Underhanded Strike","ThirdEye"],"picked":"SKIP","floor":18},{"not_picked":["ForeignInfluence+1","Finisher+1","Pray"],"picked":"SKIP","floor":18},{"not_picked":["Skewer","Well Laid Plans","PiercingWail"],"picked":"SKIP","floor":21},{"not_picked":["FlurryOfBlows","Evaluate","CutThroughFate+1"],"picked":"SKIP","floor":21},{"not_picked":["PiercingWail","Underhanded Strike"],"picked":"Adrenaline","floor":22},{"not_picked":["Deadly Poison","BowlingBash+1","Cloak And Dagger"],"picked":"SKIP","floor":22},{"not_picked":["Calculated Gamble+1","Dagger Spray","EmptyFist+1"],"picked":"SKIP","floor":23},{"not_picked":["LessonLearned","Finisher","CrushJoints"],"picked":"SKIP","floor":27},{"not_picked":["Blade Dance","Flying Knee"],"picked":"Accuracy","floor":28},{"not_picked":["Weave","TalkToTheHand+1","FollowUp+1"],"picked":"SKIP","floor":28},{"not_picked":["FollowUp","TalkToTheHand","Quick Slash"],"picked":"SKIP","floor":29},{"not_picked":["A Thousand Cuts","Poisoned Stab","Consecrate"],"picked":"SKIP","floor":31},{"not_picked":["Nirvana","SashWhip+1","FollowUp+1"],"picked":"SKIP","floor":31},{"not_picked":["ThirdEye","FollowUp+1","Indignation"],"picked":"SKIP","floor":35},{"not_picked":["Adaptation","Vengeance","LikeWater+1"],"picked":"SKIP","floor":35},{"not_picked":["Impatience","Purity"],"picked":"Finesse","floor":38},{"not_picked":["Protect","BowlingBash","Study+1"],"picked":"SKIP","floor":41},{"not_picked":["Dodge and Roll+1","Deadly Poison+1","Prepared"],"picked":"SKIP","floor":41},{"not_picked":["BowlingBash+1","Weave+1","Dagger Throw"],"picked":"SKIP","floor":45},{"not_picked":["Meditate+1","Dodge and Roll","Riddle With Holes+1"],"picked":"SKIP","floor":45},{"not_picked":["BowlingBash+1","Weave+1","Dagger Throw"],"picked":"SKIP","floor":45},{"not_picked":["Meditate+1","Dodge and Roll","Riddle With Holes+1"],"picked":"SKIP","floor":45},{"not_picked":["Tantrum","Poisoned Stab+1"],"picked":"Perseverance","floor":48},{"not_picked":["Wallop","FollowUp+1","Backflip"],"picked":"SKIP","floor":48}],"player_experience":3476509,"relics_obtained":[{"floor":8,"key":"Potion Belt"},{"floor":9,"key":"Lantern"},{"floor":13,"key":"Pen Nib"},{"floor":23,"key":"TungstenRod"},{"floor":26,"key":"Snake Skull"},{"floor":27,"key":"Darkstone Periapt"},{"floor":29,"key":"Mango"},{"floor":36,"key":"Tingsha"},{"floor":43,"key":"Nunchaku"},{"floor":44,"key":"Whetstone"}],"event_choices":[{"damage_healed":0,"gold_gain":62,"player_choice":"Gained Gold","damage_taken":0,"max_hp_gain":0,"max_hp_loss":0,"event_name":"Golden Wing","floor":5,"gold_loss":0},{"cards_removed":["SandsOfTime"],"damage_healed":0,"gold_gain":0,"player_choice":"Purged","damage_taken":0,"max_hp_gain":0,"max_hp_loss":0,"event_name":"Purifier","floor":19,"gold_loss":0},{"damage_healed":0,"gold_gain":0,"player_choice":"Fight","damage_taken":0,"max_hp_gain":0,"max_hp_loss":0,"event_name":"Mysterious Sphere","floor":36,"gold_loss":0},{"damage_healed":0,"gold_gain":0,"player_choice":"Memory 1","damage_taken":0,"max_hp_gain":0,"max_hp_loss":0,"event_name":"SensoryStone","floor":38,"gold_loss":0}],"is_beta":false,"boss_relics":[{"not_picked":["Black Star","Ectoplasm"],"picked":"SlaversCollar"},{"not_picked":["Velvet Choker","Runic Pyramid"],"picked":"SacredBark"}],"items_purged_floors":[14,30],"is_endless":false,"potions_floor_spawned":[3,7,8,13,27,29,31,35,41,45],"ascension_level":0}}