{"host":"liu","time":1614418590,"event":{"mods":["100% Spire Juice","ATMod(°¢èªMod)","Act Like it!","Arknights","BaseMod","KinomotoSakuraMod(Ä¾Ö®±¾Ó£)","Lobotomy","Marisa£¨ìFÓê¡¡Ä§ÀíÉ³£©","Minty Spire (QoL Compilation)","Reimu£¨²©ÀöÁéÃÎ£©","Remilia£¨ÀÙÃ×ÀòÑÇ£©","StSLib","TestMod","The Construct","The Senshi","Youmu£¨»êÆÇÑýÃÎ£©","¡¾ÒÅÎï¿¨ÅÆ¡¿REMEMod"],"gold_per_floor":[217,217,237,253,58,84,84,84,109,17,17,44,60,85,85,183,183,209,229,229,243,243,243,280,280,327,344,365,366,366],"floor_reached":29,"language":"ZHS","playtime":939,"items_purged":[],"score":414,"play_id":"925c727e-9367-450b-801a-2c5baa8409a1","local_time":"20210227173630","is_ascension_mode":true,"campfire_choices":[{"data":"Searing Blow","floor":8.0,"key":"SMITH"},{"data":"Searing Blow+1","floor":11.0,"key":"SMITH"},{"data":"Searing Blow+2","floor":15.0,"key":"SMITH"},{"data":"Searing Blow+3","floor":23,"key":"SMITH"},{"data":"Searing Blow+4","floor":25,"key":"SMITH"}],"circlet_count":0,"master_deck":["Strike_R+1","Strike_R","Strike_R","Strike_R","Strike_R","Defend_R","Defend_R","Defend_R","Defend_R","Bash+1","Pinks","AT_MachinaRedman+1","Searing Blow+5","AT_ShrugMaster","AT_CaressingTears","AT_PowerWithin","Sword Boomerang","AT_IchimonjiDouble+1","REME_Cut","Burning Pact+1","Corruption","Bludgeon"],"relics":["Burning Blood","AT_ATBox","testmod-TestBox","REME_ComplimentaryCards","testmod-Prudence","PreservedInsect","Mastiff:ReiMu","Whetstone","testmod-OneHitWonder","Potion Belt","testmod-DeterminationOfClimber","Dream Catcher"],"acts_visited":["Exordium","TheCity"],"potions_floor_usage":[24],"damage_taken":[{"damage":0.0,"enemies":"Small Slimes","floor":1.0,"turns":3.0},{"damage":1.0,"enemies":"Cultist","floor":3.0,"turns":3.0},{"damage":0.0,"enemies":"Jaw Worm","floor":4.0,"turns":2.0},{"damage":0.0,"enemies":"Gremlin Nob","floor":6.0,"turns":2.0},{"damage":20.0,"enemies":"Lagavulin","floor":12.0,"turns":3.0},{"damage":13.0,"enemies":"Blue Slaver","floor":13.0,"turns":2.0},{"damage":4.0,"enemies":"Gremlin Nob","floor":14.0,"turns":3.0},{"damage":47.0,"enemies":"Hexaghost","floor":16.0,"turns":3.0},{"damage":6,"enemies":"Shell Parasite","floor":18,"turns":2},{"damage":0,"enemies":"Spheric Guardian","floor":19,"turns":3},{"damage":43,"enemies":"Centurion and Healer","floor":21,"turns":4},{"damage":10,"enemies":"Gremlin Leader","floor":24,"turns":2},{"damage":34,"enemies":"Shelled Parasite and Fungi","floor":27,"turns":3},{"damage":0,"enemies":"3 Cultists","floor":28,"turns":4},{"damage":0,"enemies":"Centurion and Healer","floor":29,"turns":1}],"seed_played":"1385662253003583155","potions_obtained":[{"floor":1.0,"key":"ZuzhouPotion:ReiMu"},{"floor":4.0,"key":"ZuzhouPotion:ReiMu"},{"floor":12.0,"key":"Block Potion"},{"floor":16.0,"key":"ElixirPotion"},{"floor":18,"key":"Fire Potion"},{"floor":24,"key":"BloodPotion"},{"floor":28,"key":"BlessingOfTheForge"}],"is_trial":false,"path_per_floor":["M","?","M","M","$","E","?","R","T","$","R","E","M","E","R","B",null,"M","M","?","M","?","R","E","R","T","M","M","M"],"character_chosen":"IRONCLAD","items_purchased":["AT_ShrugMaster","PreservedInsect","AT_PowerWithin"],"campfire_rested":0,"item_purchase_floors":[5,5,10],"current_hp_per_floor":[78,78,80,80,80,80,80,80,80,80,80,66,59,61,61,20,65,71,80,90,59,41,41,39,39,39,16,32,33,33],"gold":366,"neow_bonus":"HUNDRED_GOLD","is_daily":false,"chose_seed":false,"campfire_upgraded":5,"win_rate":0.0,"timestamp":1614418590,"path_taken":["M","?","M","M","$","E","?","R","T","$","R","E","M","E","R","BOSS","M","M","?","?","?","R","E","R","T","M","M","M"],"items_purchased_type":["Card","Relic","Card"],"build_version":"2020-12-18","purchased_purges":0,"victory":false,"max_hp_per_floor":[80,80,80,80,80,80,80,80,80,80,80,80,80,80,80,80,80,80,80,90,90,95,95,95,95,95,95,95,95,95],"card_choices":[{"not_picked":["AT_DiedThrough","Body Slam","AT_BodySlamDance"],"picked":"SKIP","floor":1.0},{"not_picked":["Twin Strike","Heavy Blade","AT_IchimonjiDouble"],"picked":"SKIP","floor":3.0},{"not_picked":["Rupture","Clothesline"],"picked":"Searing Blow","floor":4.0},{"not_picked":["Uppercut","Perfected Strike"],"picked":"AT_CaressingTears","floor":6.0},{"not_picked":["Armaments","Searing Blow"],"picked":"Sword Boomerang","floor":12.0},{"not_picked":["Juggernaut","Body Slam","Flame Barrier"],"picked":"SKIP","floor":13.0},{"not_picked":["Cleave","Headbutt","AT_CaressingTears"],"picked":"SKIP","floor":14.0},{"not_picked":["Juggernaut","Brutality"],"picked":"Limit Break","floor":16.0},{"not_picked":["AT_BodySlamDance","Body Slam"],"picked":"AT_IchimonjiDouble+1","floor":18},{"not_picked":["Anger","Twin Strike"],"picked":"REME_Cut","floor":19},{"not_picked":["Rupture","Clash"],"picked":"Burning Pact+1","floor":21},{"not_picked":["Pommel Strike","Blood for Blood"],"picked":"Corruption","floor":24},{"not_picked":["Iron Wave","Clash","Havoc"],"picked":"SKIP","floor":27},{"not_picked":["Fire Breathing","Perfected Strike"],"picked":"Bludgeon","floor":28}],"player_experience":428226,"relics_obtained":[{"floor":6.0,"key":"Mastiff:ReiMu"},{"floor":9.0,"key":"Whetstone"},{"floor":12.0,"key":"testmod-OneHitWonder"},{"floor":14.0,"key":"Potion Belt"},{"floor":24,"key":"Dream Catcher"}],"event_choices":[{"damage_healed":0.0,"max_hp_gain":0.0,"max_hp_loss":0.0,"gold_gain":0.0,"event_name":"Living Wall","player_choice":"Grow","floor":2.0,"gold_loss":0.0,"damage_taken":0.0,"cards_upgraded":["AT_MachinaRedman"]},{"damage_healed":0.0,"max_hp_gain":0.0,"max_hp_loss":0.0,"gold_gain":0.0,"event_name":"¸ø×Ô¼ºµÄºÐ×Ó","player_choice":"Ignored","floor":7.0,"gold_loss":0.0,"damage_taken":0.0},{"cards_removed":["Limit Break"],"damage_healed":0,"gold_gain":0,"player_choice":"Offered Rare","damage_taken":0,"max_hp_gain":10,"max_hp_loss":0,"event_name":"Bonfire Elementals","floor":20,"gold_loss":0},{"damage_healed":0,"gold_gain":0,"player_choice":"Shed Blood","damage_taken":23,"max_hp_gain":5,"max_hp_loss":0,"event_name":"Forgotten Altar","floor":22,"gold_loss":0}],"is_beta":true,"boss_relics":[{"not_picked":["Cursed Key","testmod-KeyOfTheVoid"],"picked":"testmod-DeterminationOfClimber"}],"items_purged_floors":[],"is_endless":false,"potions_floor_spawned":[1,4,12,16,18,24,28],"killed_by":"Centurion and Healer","ascension_level":7}}