{"host":"3l94tha3a4jgu0q4","time":1614402946,"event":{"mods":["2.2 Compatiblity","AchievementEnabler","Aspiration","BaseMod","Better Altar","Better Match","Better Note","Better Sensory Stone","Better Skull","Better Third Choice","Colored Map","Colored Powertips","Fox Events","Hermit","Highlight Path","Hubris","Humility","Minty Spire (QoL Compilation)","Monster B Gone","Permanent Neow","Relic Stats","Replay The Spire","StSLib","SuperFastMode","The IronCluck","Wandering Minibosses","slay the spire mod where everything is the same but ironclad has a cowboy hat"],"gold_per_floor":[110,110,123,137,153,143,143],"floor_reached":6,"language":"ENG","playtime":211,"items_purged":[],"score":76,"play_id":"f3c3afa7-ef3c-431e-9e6d-782eac1261c8","local_time":"20210226211546","is_ascension_mode":true,"campfire_choices":[],"circlet_count":0,"master_deck":["AscendersBane","Strike_G","Strike_G","Strike_G","Strike_G","Strike_G","Defend_G","Defend_G","Defend_G","Defend_G","Defend_G","Survivor","Neutralize","Toxin Wave+1","Cold Snap","Self Repair","Cloak And Dagger"],"relics":["aspiration:DefectSkillbook"],"acts_visited":["Exordium"],"potions_floor_usage":[5],"damage_taken":[{"damage":3,"enemies":"Small Slimes","floor":1,"turns":7},{"damage":0,"enemies":"2 Louse","floor":3,"turns":4},{"damage":15,"enemies":"Jaw Worm","floor":4,"turns":5},{"damage":0,"enemies":"Blue Slaver","floor":5,"turns":3},{"damage":57,"enemies":"Gremlin Nob","floor":6,"turns":3}],"seed_played":"1741404410647480914","potions_obtained":[{"floor":3,"key":"Dexterity Potion"},{"floor":4,"key":"Poison Potion"}],"is_trial":false,"path_per_floor":["M","?","M","M","M","E"],"character_chosen":"THE_SILENT","items_purchased":[],"campfire_rested":0,"item_purchase_floors":[],"current_hp_per_floor":[56,56,56,41,48,0,0],"gold":143,"neow_bonus":"BOSS_RELIC","is_daily":false,"chose_seed":false,"campfire_upgraded":0,"win_rate":0.0,"timestamp":1614402946,"path_taken":["M","?","M","M","M","E"],"items_purchased_type":[],"build_version":"2020-12-22","purchased_purges":0,"victory":false,"max_hp_per_floor":[66,66,66,66,66,66,66],"relic_stats":{"counters":[5,22],"obtain_stats":[{"aspiration:DefectSkillbook":0,"Ring of the Snake":0},{"aspiration:DefectSkillbook":0,"Ring of the Snake":0},{"aspiration:DefectSkillbook":0,"Ring of the Snake":0}]},"card_choices":[{"not_picked":["Beam Cell","Deflect","Tactician"],"picked":"Toxin Wave","floor":1},{"not_picked":["Ball Lightning","Self Repair","Fusion"],"picked":"Cold Snap","floor":3},{"not_picked":["Cloak And Dagger","Acrobatics","BasicCrystalCard"],"picked":"Self Repair","floor":4},{"not_picked":["Steam","Storm of Steel","hubris:TrickCloak"],"picked":"Cloak And Dagger","floor":5}],"player_experience":1999584,"relics_obtained":[],"event_choices":[],"is_beta":false,"boss_relics":[],"items_purged_floors":[],"is_endless":false,"potions_floor_spawned":[3,4],"killed_by":"Gremlin Nob","ascension_level":20,"is_humility":true}}