{"host":"7jk52sb5gkc5h2sj","time":1614403705,"event":{"mods":["Aspiration","BaseMod","Beaked The Cultist","Conspire","Downfall","Halation","Hubris","Infinite Spire","Minty Spire (QoL Compilation)","Replay The Spire","StSLib","SuperFastMode","The Blackbeard","The Cursed","The Jungle","The Necromancer"],"gold_per_floor":[114,134,409,282,308,342,342,231,254,4,4,4,57,90,90,192,192,211,223,236,250,250,250,281,281,281,281,281,281,306,330,330,430,430,446,460,460,480,429,459,459,459,459,459,459,545,579,479,479,479,479,479,479,479,188,215,319],"floor_reached":58,"language":"ENG","playtime":1563,"items_purged":[],"score":1633,"play_id":"91ddedd7-fe22-4cfe-b78d-e828e36be141","local_time":"20210226212825","is_ascension_mode":true,"campfire_choices":[{"floor":7,"key":"REST"},{"floor":11,"key":"REST"},{"data":"Replay:Dark Deal","floor":15,"key":"SMITH"},{"floor":23,"key":"REST"},{"data":"TheCursedMod:VoidForm","floor":25,"key":"SMITH"},{"floor":28,"key":"RECALL"},{"floor":32,"key":"REST"},{"floor":41,"key":"REST"},{"floor":44,"key":"REST"},{"floor":49,"key":"REST"},{"floor":51,"key":"REST"},{"data":"ReplayTheSpireMod:Necrogeddon","floor":54,"key":"SMITH"}],"circlet_count":0,"master_deck":["TheCursedMod:Strike_TheCursed","TheCursedMod:Strike_TheCursed","TheCursedMod:Strike_TheCursed","TheCursedMod:Strike_TheCursed","TheCursedMod:Defend_TheCursed","TheCursedMod:Defend_TheCursed","TheCursedMod:Defend_TheCursed","TheCursedMod:Defend_TheCursed","TheCursedMod:CursedWand","TheCursedMod:CleanUpWorkshop","TheCursedMod:Dregs","hubris:Strike_Merchant","Strike_G","Replay:Dark Deal+1","TheCursedMod:CursedBlade","TheCursedMod:WearCloak","Regret","TheCursedMod:CircleOfFlame","TheCursedMod:ManaBullet","TheCursedMod:Wield","TheCursedMod:SpitefulPlan","TheCursedMod:CursedSpellbook","ReplayTheSpireMod:Necrogeddon+1","TheCursedMod:CursedArmor","Voices","Decay","infinitespire:Punishment","TheCursedMod:VoidForm+1","TheCursedMod:CircleOfCorruption","TheCursedMod:CircleOfFlame","TheCursedMod:CursedBlade","TheCursedMod:ManaCirculation","Looming Evil","infinitespire:Gouge+1","infinitespire:Oblivion","TheCursedMod:WearCloak","TheCursedMod:OutForBlood","TheCursedMod:CircleOfFlame+1","TheCursedMod:Evocation","TheCursedMod:CursedMace","TheCursedMod:HellfireBreathing","TheCursedMod:HellfireBreathing","TheCursedMod:RavingStaff","ReplayTheSpireMod:Splinters","hubris:Fate","TheCursedMod:HellfireBreathing","TheCursedMod:CircleOfCorruption","ReplayTheSpireMod:Private Reserves","TheCursedMod:CursedShiv+1","TheCursedMod:NeowsMight"],"relics":["TheCursedMod:BlackMagic101","halation:LettersToHer","hubris:OldNail","Centennial Puzzle","PreservedInsect","halation:PromiseList","aspiration:FutureDiary","Ring of Hypnosis","conspire:Flyswatter","Anchor","halation:PinkSoulGem","Cauldron","Guardian:PocketSentry","Bronze Scales","hubris:ScarierMask","Whetstone","infinitespire:ShieldingShard","Toy Ornithopter","Mirror","ReplayTheSpireMod:TigerMarble","ReplayFunnel"],"acts_visited":["Exordium","theJungle:Jungle","TheBeyond","TheEnding"],"potions_floor_usage":[52,52],"damage_taken":[{"damage":0,"enemies":"2 Louse","floor":1,"turns":3},{"damage":0,"enemies":"Cultist","floor":2,"turns":2},{"damage":44,"enemies":"3 Sentries","floor":6,"turns":13},{"damage":2,"enemies":"Gremlin Nob","floor":14,"turns":2},{"damage":17,"enemies":"The Guardian","floor":16,"turns":5},{"damage":3,"enemies":"theJungle:Flameango_and_Byrd","floor":18,"turns":2},{"damage":23,"enemies":"theJungle:MUSHROOMGANG","floor":19,"turns":3},{"damage":0,"enemies":"theJungle:Snecko_Cultist_And_Trap","floor":20,"turns":1},{"damage":0,"enemies":"theJungle:Lyon","floor":21,"turns":2},{"damage":3,"enemies":"theJungle:Cassacara","floor":24,"turns":3},{"damage":15,"enemies":"Nightmare","floor":30,"turns":3},{"damage":0,"enemies":"theJungle:QueenSpyder","floor":33,"turns":1},{"damage":0,"enemies":"Orb Walker","floor":35,"turns":1},{"damage":3,"enemies":"3 Darklings","floor":36,"turns":2},{"damage":0,"enemies":"Spire Growth","floor":38,"turns":2},{"damage":59,"enemies":"Nemesis","floor":40,"turns":5},{"damage":16,"enemies":"Nightmare","floor":47,"turns":5},{"damage":0,"enemies":"hubris:GrandSnecko","floor":52,"turns":2},{"damage":0,"enemies":"Shield and Spear","floor":56,"turns":2},{"damage":59,"enemies":"The Heart","floor":57,"turns":4}],"seed_played":"-5951560501216212109","potions_obtained":[{"floor":2,"key":"ColorlessPotion"},{"floor":6,"key":"Dexterity Potion"},{"floor":20,"key":"Block Potion"},{"floor":29,"key":"EntropicBrew"},{"floor":29,"key":"FearPotion"},{"floor":29,"key":"Block Potion"},{"floor":35,"key":"TheCursedMod:DregsPotion"},{"floor":57,"key":"Energy Potion"}],"is_trial":false,"path_per_floor":["M","M","?","$","T","E","R","$","T","$","R","?","T","E","R","B",null,"M","M","M","M","?","R","E","R","T","?","R","AVR","NM","T","R","B",null,"M","M","T","M","$","E","R","PTL","PTL","R","T","?","NM","NS","R","?","R","B",null,"R","$","E","B",null],"character_chosen":"THE_CURSED","items_purchased":["TheCursedMod:CircleOfFlame","TheCursedMod:ManaBullet","TheCursedMod:SpitefulPlan","TheCursedMod:CursedSpellbook","ReplayTheSpireMod:Necrogeddon","TheCursedMod:CursedArmor","TheCursedMod:HellfireBreathing","ReplayTheSpireMod:TigerMarble","TheCursedMod:CircleOfCorruption","ReplayTheSpireMod:Private Reserves"],"campfire_rested":8,"item_purchase_floors":[4,4,8,8,10,10,39,55,55,55],"current_hp_per_floor":[75,75,75,75,75,31,53,53,53,53,75,75,75,73,73,56,75,72,49,49,49,49,71,68,68,68,68,68,68,53,53,75,75,75,75,72,72,72,72,13,35,35,35,57,57,57,41,41,63,63,75,75,75,75,75,77,18],"gold":319,"neow_bonus":"RANDOM_COLORLESS_2","is_daily":false,"chose_seed":false,"campfire_upgraded":3,"win_rate":0.0,"timestamp":1614403705,"path_taken":["M","M","?","$","?","E","R","$","T","$","R","?","?","E","R","BOSS","M","M","M","M","?","R","E","R","T","?","R","AVR","NM","?","R","BOSS","M","?","?","M","$","E","R","PTL","PTL","R","T","?","NM","NS","R","?","R","BOSS","R","$","E","BOSS"],"items_purchased_type":["Card","Card","Card","Card","Card","Card","Card","Relic","Card","Card"],"build_version":"2020-12-22","purchased_purges":0,"victory":true,"max_hp_per_floor":[75,75,75,75,75,75,75,75,75,75,75,75,75,75,75,75,75,75,75,75,75,75,75,75,75,75,75,75,75,75,75,75,75,75,75,75,75,75,75,75,75,75,75,75,75,75,75,75,75,75,75,75,75,75,75,77,77],"card_choices":[{"not_picked":["Poisoned Strike","Secret Weapon"],"picked":"Replay:Dark Deal","floor":0},{"not_picked":["TheCursedMod:CircleOfFocus","TheCursedMod:WearCloak"],"picked":"TheCursedMod:CursedBlade","floor":1},{"not_picked":["TheCursedMod:SoulReap","TheCursedMod:CursedAmulet"],"picked":"TheCursedMod:WearCloak","floor":2},{"not_picked":["TheCursedMod:RavingStaff","TheCursedMod:Torture"],"picked":"TheCursedMod:Wield","floor":6},{"not_picked":["ReplayTheSpireMod:??????????????????????","infinitespire:TheBestDefense"],"picked":"infinitespire:Punishment","floor":12},{"not_picked":["TheCursedMod:Mangle","TheCursedMod:FuryStrike"],"picked":"TheCursedMod:CursedStaff","floor":14},{"not_picked":["TheCursedMod:DarkBarrier","TheCursedMod:CursedRelics"],"picked":"TheCursedMod:VoidForm","floor":16},{"not_picked":["TheCursedMod:WearCloak","TheCursedMod:CircleOfWindfury"],"picked":"TheCursedMod:CircleOfCorruption","floor":18},{"not_picked":["TheCursedMod:ManaBullet","TheCursedMod:CursedBlade"],"picked":"TheCursedMod:CircleOfFlame","floor":19},{"not_picked":["TheCursedMod:RapidMovement+1","TheCursedMod:Stretching"],"picked":"TheCursedMod:CursedBlade","floor":20},{"not_picked":["TheCursedMod:Stretching","TheCursedMod:WearCloak"],"picked":"TheCursedMod:ManaCirculation","floor":21},{"not_picked":["TheCursedMod:VitalStrike","TheCursedMod:CircleOfFlame"],"picked":"TheCursedMod:CircleOfFocus+1","floor":24},{"not_picked":["ReplayTheSpireMod:Echoes of Time","infinitespire:NeuralNetwork"],"picked":"infinitespire:Oblivion","floor":30},{"not_picked":["TheCursedMod:DarkBarrier","TheCursedMod:BlessingInDisguise"],"picked":"TheCursedMod:WearCloak","floor":30},{"not_picked":["TheCursedMod:AntiAging","TheCursedMod:UltimatePain"],"picked":"TheCursedMod:OutForBlood","floor":33},{"not_picked":["TheCursedMod:CircleOfCorruption","TheCursedMod:Torture"],"picked":"TheCursedMod:CircleOfFlame+1","floor":35},{"not_picked":["TheCursedMod:AshesToAshes+1","TheCursedMod:CircleOfFlame"],"picked":"TheCursedMod:Evocation","floor":36},{"not_picked":["TheCursedMod:Obscuration","TheCursedMod:Wield+1"],"picked":"TheCursedMod:CursedMace","floor":38},{"not_picked":["TheCursedMod:Mangle+1","TheCursedMod:CursedAmulet"],"picked":"TheCursedMod:RavingStaff","floor":40},{"not_picked":["infinitespire:Oblivion","infinitespire:Starlight"],"picked":"hubris:Fate","floor":47},{"not_picked":["TheCursedMod:UltimatePain","TheCursedMod:AshesToAshes"],"picked":"TheCursedMod:HellfireBreathing","floor":47},{"not_picked":["TheCursedMod:SurpriseAttack","TheCursedMod:Stretching+1"],"picked":"TheCursedMod:CursedShiv+1","floor":56},{"not_picked":["TheCursedMod:CollectTribute","TheCursedMod:ManaCirculation"],"picked":"TheCursedMod:NeowsMight","floor":57}],"player_experience":692093,"relics_obtained":[{"floor":5,"key":"halation:LettersToHer"},{"floor":6,"key":"hubris:OldNail"},{"floor":9,"key":"halation:LettersToHer"},{"floor":9,"key":"Centennial Puzzle"},{"floor":13,"key":"halation:LettersToHer"},{"floor":13,"key":"PreservedInsect"},{"floor":14,"key":"halation:PromiseList"},{"floor":22,"key":"Ring of Hypnosis"},{"floor":24,"key":"conspire:Flyswatter"},{"floor":26,"key":"halation:LettersToHer"},{"floor":26,"key":"Anchor"},{"floor":30,"key":"Guardian:PocketSentry"},{"floor":31,"key":"halation:LettersToHer"},{"floor":31,"key":"Bronze Scales"},{"floor":37,"key":"halation:LettersToHer"},{"floor":40,"key":"Whetstone"},{"floor":45,"key":"halation:LettersToHer"},{"floor":45,"key":"infinitespire:ShieldingShard"},{"floor":46,"key":"Toy Ornithopter"},{"floor":47,"key":"Mirror"},{"floor":56,"key":"ReplayFunnel"}],"event_choices":[{"damage_healed":0,"gold_gain":275,"player_choice":"Desecrate","damage_taken":0,"max_hp_gain":0,"max_hp_loss":0,"event_name":"Golden Shrine","floor":3,"gold_loss":0,"cards_obtained":["Regret"]},{"damage_healed":0,"gold_gain":0,"player_choice":"Ignored","damage_taken":0,"max_hp_gain":0,"max_hp_loss":0,"event_name":"Purifier","floor":50,"gold_loss":0}],"is_beta":false,"boss_relics":[{"not_picked":["aspiration:RunicSpoon","SlaversCollar"],"picked":"aspiration:FutureDiary"},{"not_picked":["halation:Prosthetics","hubris:GrandSneckoEye"],"picked":"hubris:ScarierMask"}],"items_purged_floors":[],"is_endless":true,"potions_floor_spawned":[2,6,20,21,24,35,57],"ascension_level":1}}