{"host":"2ty4h143nj8vwezc","time":1614454286,"event":{"mods":["BaseMod","Colored Map","Googly Eyes","Highlight Path","Minty Spire (QoL Compilation)","Quick Restart","StSLib"],"gold_per_floor":[119,269,280,280,43,69,69,85,156,156,173,173,208,208,208,281,281,294,313,313,212,227,260,260,274,274,304,304,28,41,41,41,115,115,133,83,96,96,96],"floor_reached":38,"language":"ENG","playtime":1592,"items_purged":["Regret"],"score":827,"play_id":"c02d525a-61ea-4953-9dfd-5ace9b83285b","local_time":"20210227143126","is_ascension_mode":true,"campfire_choices":[{"data":"Zap","floor":7,"key":"SMITH"},{"data":"Dualcast","floor":12,"key":"SMITH"},{"data":"Scrape","floor":15,"key":"SMITH"},{"floor":24,"key":"REST"},{"data":"Reboot","floor":28,"key":"SMITH"},{"floor":32,"key":"REST"}],"circlet_count":0,"master_deck":["AscendersBane","Strike_B","Strike_B","Strike_B","Strike_B","Defend_B","Defend_B","Defend_B","Defend_B","Zap+1","Dualcast+1","Beam Cell","Auto Shields","All For One","Reboot+1","Gash","Steam","Scrape+1","All For One","Go for the Eyes","Beam Cell","Steam","BootSequence","Melter","Coolheaded","Apotheosis","Scrape","Go for the Eyes+1","Rebound"],"relics":["Cracked Core","NeowsBlessing","Ancient Tea Set","DataDisk","Ornamental Fan","Nunchaku","Busted Crown","Oddly Smooth Stone","Torii","Art of War","Nuclear Battery"],"acts_visited":["Exordium","TheCity","TheBeyond"],"potions_floor_usage":[16,22,22,33,38],"damage_taken":[{"damage":0,"enemies":"Jaw Worm","floor":1,"turns":1},{"damage":0,"enemies":"2 Louse","floor":3,"turns":1},{"damage":0,"enemies":"Lagavulin","floor":6,"turns":1},{"damage":1,"enemies":"Cultist","floor":8,"turns":3},{"damage":6,"enemies":"3 Louse","floor":11,"turns":3},{"damage":12,"enemies":"Gremlin Nob","floor":13,"turns":3},{"damage":14,"enemies":"Hexaghost","floor":16,"turns":7},{"damage":3,"enemies":"Shell Parasite","floor":18,"turns":3},{"damage":3,"enemies":"Chosen","floor":19,"turns":4},{"damage":18,"enemies":"Centurion and Healer","floor":22,"turns":5},{"damage":12,"enemies":"Slavers","floor":23,"turns":4},{"damage":0,"enemies":"Cultist and Chosen","floor":25,"turns":5},{"damage":14,"enemies":"Book of Stabbing","floor":27,"turns":5},{"damage":2,"enemies":"Snecko","floor":30,"turns":5},{"damage":50,"enemies":"Collector","floor":33,"turns":7},{"damage":7,"enemies":"Orb Walker","floor":35,"turns":3},{"damage":33,"enemies":"3 Darklings","floor":37,"turns":4},{"damage":31,"enemies":"Spire Growth","floor":38,"turns":3}],"seed_played":"1776884753525472238","potions_obtained":[{"floor":3,"key":"DistilledChaos"},{"floor":11,"key":"CultistPotion"},{"floor":16,"key":"Fruit Juice"},{"floor":25,"key":"SpeedPotion"},{"floor":27,"key":"ColorlessPotion"},{"floor":35,"key":"Dexterity Potion"}],"is_trial":false,"path_per_floor":["M","?","M","?","$","E","R","M","T","?","M","R","E","?","R","B",null,"M","M","?","$","M","E","R","M","T","E","R","$","M","$","R","B",null,"M","?","M","M"],"character_chosen":"DEFECT","items_purchased":["All For One","Beam Cell","Steam","Apotheosis","Scrape"],"campfire_rested":2,"item_purchase_floors":[5,21,21,29,29],"current_hp_per_floor":[64,64,64,64,64,64,64,63,63,63,57,57,45,45,45,31,61,58,55,55,55,42,30,52,52,52,38,38,38,36,36,58,8,59,52,52,19,0,0],"gold":96,"neow_bonus":"THREE_ENEMY_KILL","is_daily":false,"chose_seed":false,"campfire_upgraded":4,"win_rate":0.0,"timestamp":1614454286,"path_taken":["M","?","M","?","$","E","R","M","T","?","M","R","E","?","R","BOSS","M","?","?","$","M","E","R","M","T","E","R","$","M","$","R","BOSS","M","?","M","?"],"items_purchased_type":["Card","Card","Card","Card","Card"],"build_version":"2020-12-22","purchased_purges":1,"victory":false,"max_hp_per_floor":[71,71,71,71,71,71,71,71,71,71,71,71,71,71,71,71,71,71,71,71,71,76,76,76,76,76,76,76,76,76,76,76,76,76,76,76,76,76,76],"card_choices":[{"not_picked":["Coolheaded","Leap"],"picked":"Beam Cell","floor":1},{"not_picked":["Recycle","Heatsinks"],"picked":"Auto Shields","floor":3},{"not_picked":["Barrage","Rip and Tear"],"picked":"Reboot","floor":6},{"not_picked":["Capacitor","Undo"],"picked":"Gash","floor":8},{"not_picked":["Stack","Cold Snap"],"picked":"Steam","floor":11},{"not_picked":["Undo","Hologram"],"picked":"Scrape","floor":13},{"not_picked":["Electrodynamics","Buffer"],"picked":"All For One","floor":16},{"not_picked":[],"picked":"Go for the Eyes","floor":18},{"not_picked":["Barrage"],"picked":"SKIP","floor":19},{"not_picked":["Force Field"],"picked":"SKIP","floor":22},{"not_picked":[],"picked":"BootSequence","floor":23},{"not_picked":[],"picked":"Melter","floor":25},{"not_picked":[],"picked":"Coolheaded","floor":27},{"not_picked":["Blizzard"],"picked":"SKIP","floor":30},{"not_picked":[],"picked":"Go for the Eyes","floor":35},{"not_picked":[],"picked":"Rebound","floor":37}],"player_experience":490707,"relics_obtained":[{"floor":6,"key":"DataDisk"},{"floor":9,"key":"Ornamental Fan"},{"floor":13,"key":"Nunchaku"},{"floor":23,"key":"Oddly Smooth Stone"},{"floor":26,"key":"Torii"},{"floor":27,"key":"Art of War"}],"event_choices":[{"damage_healed":0,"gold_gain":150,"player_choice":"AGREE","damage_taken":0,"max_hp_gain":0,"max_hp_loss":0,"event_name":"Liars Game","floor":2,"gold_loss":0,"cards_obtained":["Doubt"]},{"damage_healed":0,"gold_gain":0,"player_choice":"Box","damage_taken":0,"relics_obtained":["Ancient Tea Set"],"max_hp_gain":0,"max_hp_loss":0,"event_name":"Big Fish","floor":4,"gold_loss":0,"cards_obtained":["Regret"]},{"damage_healed":0,"gold_gain":0,"player_choice":"Ignored","damage_taken":0,"max_hp_gain":0,"max_hp_loss":0,"event_name":"Shining Light","floor":10,"gold_loss":0},{"cards_removed":["Doubt"],"damage_healed":0,"gold_gain":0,"player_choice":"Purged","damage_taken":0,"max_hp_gain":0,"max_hp_loss":0,"event_name":"Purifier","floor":14,"gold_loss":0},{"damage_healed":0,"gold_gain":0,"player_choice":"Got Potions","damage_taken":0,"max_hp_gain":0,"max_hp_loss":0,"event_name":"Lab","floor":20,"gold_loss":0},{"damage_healed":0,"gold_gain":0,"player_choice":"Upgrade","damage_taken":0,"max_hp_gain":0,"max_hp_loss":0,"event_name":"Designer","floor":36,"gold_loss":50,"cards_upgraded":["Go for the Eyes"]}],"is_beta":false,"boss_relics":[{"not_picked":["Runic Dome","Inserter"],"picked":"Busted Crown"},{"not_picked":["Sozu","Velvet Choker"],"picked":"Nuclear Battery"}],"items_purged_floors":[5],"is_endless":false,"potions_floor_spawned":[3,11,16,19,25,27,30,35],"killed_by":"Spire Growth","ascension_level":17}}