{"host":"ul3z8ex5o8l5j7mh","time":1614438699,"event":{"mods":["2.2 Compatiblity","AchievementEnabler","BaseMod","Bestiary","Colored Map","Colored Powertips","Curses Come First","DeckTracker","Highlight Path","Keyboard Shortcuts","Minty Spire (QoL Compilation)","Relic Sorter","Relic Stats","StSLib","SuperFastMode"],"gold_per_floor":[15,15,31,306,320,320,346,346,346,346,46,58,58,89,89,184,184,204,10,23,23,35,35,52,52,52,52,52,52,52],"floor_reached":29,"language":"ENG","playtime":985,"items_purged":[],"score":312,"play_id":"abacf397-1a50-4f17-bae0-e5acbede11de","local_time":"20210227161139","is_ascension_mode":true,"campfire_choices":[{"data":"Seeing Red","floor":6,"key":"SMITH"},{"floor":8,"key":"REST"},{"floor":13,"key":"REST"},{"data":"Fire Breathing","floor":15,"key":"SMITH"},{"data":"Mayhem","floor":23,"key":"SMITH"},{"floor":25,"key":"REST"}],"circlet_count":0,"master_deck":["Strike_R","Strike_R","Strike_R","Strike_R","Defend_R","Bash","Warcry","Seeing Red+1","Whirlwind+1","Double Tap","Fire Breathing+1","Cleave","Corruption","Shockwave","Mayhem+1","Intimidate+1","Mayhem","Feel No Pain+1","Armaments","Uppercut","Blood for Blood"],"relics":["Burning Blood","HornCleat","Pantograph","Charon\u0027s Ashes","Mercury Hourglass","Black Star","Blue Candle"],"acts_visited":["Exordium","TheCity"],"potions_floor_usage":[12,14,18,22,22,22,22,22],"damage_taken":[{"damage":6,"enemies":"Cultist","floor":1,"turns":4},{"damage":0,"enemies":"2 Louse","floor":3,"turns":1},{"damage":18,"enemies":"Jaw Worm","floor":5,"turns":4},{"damage":63,"enemies":"Lagavulin","floor":7,"turns":6},{"damage":0,"enemies":"Lots of Slimes","floor":12,"turns":2},{"damage":16,"enemies":"3 Sentries","floor":14,"turns":4},{"damage":45,"enemies":"Slime Boss","floor":16,"turns":7},{"damage":27,"enemies":"Spheric Guardian","floor":18,"turns":5},{"damage":14,"enemies":"3 Byrds","floor":20,"turns":3},{"damage":0,"enemies":"Snake Plant","floor":22,"turns":3},{"damage":37,"enemies":"Shelled Parasite and Fungi","floor":24,"turns":5},{"damage":39,"enemies":"Colosseum Slavers","floor":28,"turns":4},{"damage":14,"enemies":"Centurion and Healer","floor":29,"turns":1}],"seed_played":"-8480796462513583985","potions_obtained":[{"floor":5,"key":"SpeedPotion"},{"floor":12,"key":"Regen Potion"},{"floor":16,"key":"SkillPotion"},{"floor":18,"key":"Ancient Potion"},{"floor":20,"key":"EntropicBrew"}],"is_trial":false,"path_per_floor":["M","?","M","?","M","R","E","R","T","?","$","M","R","E","R","B",null,"M","$","M","?","M","R","M","R","T","?","?","M"],"character_chosen":"IRONCLAD","items_purchased":["Charon\u0027s Ashes","Mayhem"],"campfire_rested":3,"item_purchase_floors":[11,19],"current_hp_per_floor":[72,72,78,78,66,66,9,33,33,33,33,39,63,67,67,41,70,49,49,41,41,47,47,16,40,40,40,7,0,0],"gold":52,"neow_bonus":"TRANSFORM_TWO_CARDS","is_daily":false,"chose_seed":false,"campfire_upgraded":3,"win_rate":0.0,"timestamp":1614438699,"path_taken":["M","?","M","?","?","R","E","R","T","?","$","M","R","E","R","BOSS","M","$","?","?","?","R","M","R","T","?","?","M"],"items_purchased_type":["Relic","Card"],"build_version":"2020-12-22","purchased_purges":0,"victory":false,"max_hp_per_floor":[80,80,80,80,80,80,80,80,80,80,80,80,80,80,80,80,80,80,80,80,80,80,80,80,80,80,80,80,80,80],"relic_stats":{"counters":[13,49],"Pantograph":13,"Blue Candle":[0],"Charon\u0027s Ashes":[139],"Black Star":0,"obtain_stats":[{"HornCleat":7,"Pantograph":9,"Blue Candle":26,"Charon\u0027s Ashes":11,"Black Star":17,"Burning Blood":0,"Mercury Hourglass":14},{"HornCleat":4,"Pantograph":4,"Blue Candle":11,"Charon\u0027s Ashes":4,"Black Star":7,"Burning Blood":0,"Mercury Hourglass":6},{"HornCleat":15,"Pantograph":15,"Blue Candle":44,"Charon\u0027s Ashes":15,"Black Star":28,"Burning Blood":0,"Mercury Hourglass":21}],"Burning Blood":72,"Mercury Hourglass":[114]},"card_choices":[{"not_picked":["Shrug It Off","Havoc"],"picked":"Whirlwind","floor":1},{"not_picked":["Twin Strike","Headbutt","Clothesline"],"picked":"SKIP","floor":3},{"not_picked":["Battle Trance","Thunderclap","Ghostly Armor"],"picked":"SKIP","floor":5},{"not_picked":["Feel No Pain","Ghostly Armor"],"picked":"Double Tap","floor":7},{"not_picked":["Headbutt","Spot Weakness"],"picked":"Fire Breathing","floor":12},{"not_picked":["Armaments","Sword Boomerang"],"picked":"Cleave","floor":14},{"not_picked":["Impervious","Brutality"],"picked":"Corruption","floor":16},{"not_picked":["Body Slam+1","Clothesline"],"picked":"Shockwave","floor":18},{"not_picked":["Perfected Strike","Searing Blow"],"picked":"Intimidate+1","floor":20},{"not_picked":["Dropkick","Havoc"],"picked":"Feel No Pain+1","floor":22},{"not_picked":["Sword Boomerang","Clothesline"],"picked":"Armaments","floor":24}],"player_experience":452372,"relics_obtained":[{"floor":7,"key":"HornCleat"},{"floor":9,"key":"Pantograph"},{"floor":14,"key":"Mercury Hourglass"},{"floor":26,"key":"Blue Candle"}],"event_choices":[{"damage_healed":0,"gold_gain":0,"player_choice":"Grow","damage_taken":0,"max_hp_gain":0,"max_hp_loss":0,"event_name":"Living Wall","floor":2,"gold_loss":0,"cards_upgraded":["Whirlwind"]},{"damage_healed":0,"gold_gain":275,"player_choice":"Desecrate","damage_taken":0,"max_hp_gain":0,"max_hp_loss":0,"event_name":"Golden Shrine","floor":4,"gold_loss":0,"cards_obtained":["Regret"]},{"cards_removed":["Regret"],"damage_healed":0,"gold_gain":0,"player_choice":"Purged","damage_taken":0,"max_hp_gain":0,"max_hp_loss":0,"event_name":"Purifier","floor":10,"gold_loss":0},{"damage_healed":0,"gold_gain":0,"player_choice":"Copied","damage_taken":0,"max_hp_gain":0,"max_hp_loss":0,"event_name":"Duplicator","floor":21,"gold_loss":0,"cards_obtained":["Mayhem"]},{"damage_healed":0,"gold_gain":0,"cards_transformed":["Defend_R","Defend_R"],"player_choice":"Became Test Subject","damage_taken":0,"max_hp_gain":0,"max_hp_loss":0,"event_name":"Drug Dealer","floor":27,"gold_loss":0,"cards_obtained":["Uppercut","Blood for Blood"]},{"damage_healed":0,"gold_gain":0,"player_choice":"Fight","damage_taken":0,"max_hp_gain":0,"max_hp_loss":0,"event_name":"Colosseum","floor":28,"gold_loss":0},{"damage_healed":0,"gold_gain":0,"player_choice":"Fled From Nobs","damage_taken":0,"max_hp_gain":0,"max_hp_loss":0,"event_name":"Colosseum","floor":28,"gold_loss":0}],"is_beta":false,"boss_relics":[{"not_picked":["Runic Dome","Pandora\u0027s Box"],"picked":"Black Star"}],"items_purged_floors":[],"is_endless":false,"potions_floor_spawned":[5,12,16,18,20,28],"killed_by":"Centurion and Healer","ascension_level":7}}