{"host":"Lucas","time":1614440738,"event":{"mods":["BaseMod","Downfall","Minty Spire (QoL Compilation)","READ ME - Guardian Mod","StSLib","The Cursed","The Disciple","The Necromancer","The Servant 0.9.4"],"gold_per_floor":[99,99,274,274,319,364,389,434,479,524,424,469,176,221,266,566,566,566,416,416,616,151,151,151,196,96,141,141,186,276,321,366,666,666,566,290,335,335,335,425,425,725,425,470,515,515,515,65,110,110,110,200,0,0,0,0],"floor_reached":57,"language":"ENG","playtime":2926,"items_purged":["Normality"],"score":1569,"play_id":"75c76468-3772-4d9f-a3ae-9c5c4da3467d","local_time":"20210227154538","daily_mods":["Cursed Run","downfall:Jewelcrafting","Midas"],"is_ascension_mode":false,"campfire_choices":[{"floor":18,"key":"RECALL"},{"floor":28,"key":"REST"},{"floor":35,"key":"REST"},{"floor":47,"key":"REST"},{"floor":54,"key":"REST"}],"circlet_count":0,"master_deck":["champ:Strike","champ:Strike","champ:Strike","champ:Strike","champ:Defend","champ:Defend","champ:Defend","champ:Defend","champ:Execute","champ:Taunt","Guardian:ExploitGems","Guardian:ExploitGems","Doubt","champ:Taunt","champ:EnragedBash","champ:FlashCut","champ:Shatter","TheCursedMod:Dregs","champ:PerfectedStrike","champ:BladeFlurry","champ:FaceSlap","Guardian:Gem_Synthetic","champ:RageSigil","champ:BerserkersShout","champ:PerfectedStrike","champ:FanOfKnives","champ:FlashCut","Clumsy","champ:Devastate","Ghostly","downfall:Haunted","champ:AdrenalArmor","downfall:Bewildered","Decay","champ:RapidStrikes","Guardian:Gem_Green","champ:SkillfulDodge+1","champ:Backstep+1","champ:SetATrap","champ:BladeFlurry+1","champ:EnchantCrown","Clumsy","champ:HoldFirm","champ:ArenaPreparation+1","Apotheosis","champ:PerfectedStrike","champ:RisingSlash","champ:TornadoPunch+1","expansioncontent:PrepareCrush","champ:Shatter+1","downfall:Haunted","champ:FaceSlap+1","champ:PerfectedStrike","champ:FlashCut+1","champ:FancyFootwork+1","Doubt","champ:ViciousMockery","Writhe","Normality"],"relics":["Cursed Key","Darkstone Periapt","Du-Vu Doll","Guardian:PickAxe","Kunai","downfall:HeartBlessingBlue","Juzu Bracelet","champ:PowerArmor","champ:DeflectingBracers","bronze:DonusWashers","sneckomod:BabySnecko","Question Card","downfall:HeartBlessingRed","Guardian:PocketSentry","SacredBark","downfall:HeartBlessingGreen","champ:DefensiveTrainingManual","Anchor","Mummified Hand","Letter Opener","Potion Belt","Mango","champ:SignatureFinisher","Lantern","Dead Branch","Vajra"],"acts_visited":["Exordium","TheCity","TheBeyond","TheEnding"],"potions_floor_usage":[16,30,33,50,50,50,52,55],"damage_taken":[{"damage":20,"enemies":"Small Slimes","floor":5,"turns":3},{"damage":15,"enemies":"Cultist","floor":6,"turns":3},{"damage":15,"enemies":"2 Louse","floor":8,"turns":2},{"damage":26,"enemies":"Large Slime","floor":9,"turns":4},{"damage":6,"enemies":"Exordium Thugs","floor":10,"turns":3},{"damage":1,"enemies":"Looter","floor":12,"turns":3},{"damage":30,"enemies":"downfall:FleeingMerchant","floor":13,"turns":4},{"damage":11,"enemies":"2 Fungi Beasts","floor":14,"turns":3},{"damage":27,"enemies":"Lots of Slimes","floor":15,"turns":3},{"damage":33,"enemies":"IC_STATUS_ARCHETYPE","floor":16,"turns":5},{"damage":8,"enemies":"downfall:FleeingMerchant","floor":22,"turns":4},{"damage":0,"enemies":"Spheric Guardian","floor":25,"turns":1},{"damage":0,"enemies":"Shell Parasite","floor":27,"turns":2},{"damage":5,"enemies":"Centurion and Healer","floor":29,"turns":4},{"damage":18,"enemies":"Book of Stabbing","floor":30,"turns":4},{"damage":5,"enemies":"3 Cultists","floor":31,"turns":4},{"damage":5,"enemies":"Shelled Parasite and Fungi","floor":32,"turns":2},{"damage":51,"enemies":"DF_ARCHETYPE_CLAW","floor":33,"turns":6},{"damage":13,"enemies":"downfall:FleeingMerchant","floor":36,"turns":2},{"damage":16,"enemies":"3 Darklings","floor":37,"turns":4},{"damage":20,"enemies":"Reptomancer","floor":40,"turns":4},{"damage":20,"enemies":"downfall:LadyInBlue","floor":42,"turns":4},{"damage":15,"enemies":"3 Shapes","floor":44,"turns":4},{"damage":0,"enemies":"3 Darklings","floor":45,"turns":3},{"damage":3,"enemies":"Sphere and 2 Shapes","floor":49,"turns":2},{"damage":31,"enemies":"SI_POISON_ARCHETYPE","floor":50,"turns":7},{"damage":40,"enemies":"downfall:CharBossMerchant","floor":52,"turns":5},{"damage":90,"enemies":"downfall:NeowBoss","floor":55,"turns":14},{"damage":69,"enemies":"downfall:NeowBossFinal","floor":56,"turns":7}],"seed_played":"-2463471341485849212","potions_obtained":[{"floor":5,"key":"champ:CounterPotion"},{"floor":8,"key":"Ancient Potion"},{"floor":14,"key":"Fire Potion"},{"floor":16,"key":"Block Potion"},{"floor":30,"key":"ColorlessPotion"},{"floor":33,"key":"sneckomod:MuddlingPotion"},{"floor":42,"key":"Fire Potion"},{"floor":42,"key":"FairyPotion"},{"floor":42,"key":"Fire Potion"},{"floor":52,"key":"AttackPotion"}],"is_trial":false,"path_per_floor":["R","?","?","?","M","M","T","M","M","M","R","M","$","M","M","B",null,"R","?","?","?","$","?","T","M","R","M","R","M","E","M","M","B",null,"R","$","M","?","?","E","T","?","$","M","M","?","R","$","M","B",null,"E","$","R","B","B",null],"character_chosen":"THE_CHAMP","items_purchased":["Juzu Bracelet","champ:PerfectedStrike","champ:DeflectingBracers","bronze:DonusWashers","Apotheosis","champ:DefensiveTrainingManual","Anchor","champ:PerfectedStrike","champ:RisingSlash","Mango","champ:SignatureFinisher","Lantern","Vajra","SkillPotion"],"campfire_rested":4,"item_purchase_floors":[13,13,22,22,36,36,36,36,36,43,48,48,53,53],"current_hp_per_floor":[90,83,89,95,85,85,91,91,80,79,89,88,78,72,65,48,124,124,124,124,130,127,133,139,139,139,139,142,142,134,134,134,104,148,148,145,139,139,139,139,145,145,159,159,159,154,168,168,165,155,174,134,134,174,102,69],"gold":0,"neow_bonus":"","is_daily":true,"chose_seed":false,"campfire_upgraded":0,"win_rate":0.0,"timestamp":1614440738,"path_taken":["R","?","?","?","M","M","T","M","M","M","R","?","?","M","M","BOSS","R","?","?","?","$","?","T","M","R","M","R","M","E","M","M","BOSS","R","$","M","?","?","E","T","?","?","M","M","?","R","$","M","BOSS","E","$","R","BOSS","BOSS"],"items_purchased_type":["Relic","Card","Relic","Relic","Card","Relic","Relic","Card","Card","Relic","Relic","Relic","Relic","Potion"],"build_version":"2020-12-18","purchased_purges":1,"victory":true,"max_hp_per_floor":[90,90,96,102,102,102,108,108,108,108,118,118,118,118,118,124,124,124,124,124,130,130,136,142,142,142,142,142,142,142,142,142,148,148,148,148,148,148,148,148,154,154,168,168,168,168,168,168,168,174,174,174,174,174,180,186],"card_choices":[{"not_picked":["champ:CrownThrow","champ:Shatter"],"picked":"champ:FlashCut","floor":5},{"not_picked":["champ:FanOfKnives","champ:IronFortress"],"picked":"champ:Shatter","floor":6},{"not_picked":["champ:ShieldSigil","champ:Lariat"],"picked":"champ:PerfectedStrike","floor":8},{"not_picked":["champ:EndlessRage","champ:Circumvent"],"picked":"champ:BladeFlurry","floor":9},{"not_picked":["champ:SwordSigil","champ:RapidStrikes"],"picked":"champ:FaceSlap","floor":10},{"not_picked":["champ:FaceSlap","champ:FlashCut"],"picked":"champ:RageSigil","floor":12},{"not_picked":["champ:SwordThrow","champ:CrownThrow"],"picked":"champ:BerserkersShout","floor":13},{"not_picked":["champ:StanceDance","champ:BringItOn"],"picked":"champ:FanOfKnives","floor":14},{"not_picked":["champ:GladiatorStyle","champ:Circumvent"],"picked":"champ:FlashCut","floor":15},{"not_picked":["champ:EnchantShield","champ:MurderStrike"],"picked":"champ:Devastate","floor":16},{"not_picked":["champ:PreciseThrust+1","champ:FalseCounter"],"picked":"champ:AdrenalArmor","floor":22},{"not_picked":["champ:PreciseThrust","champ:Backstep","champ:DeathBlow"],"picked":"champ:RapidStrikes","floor":25},{"not_picked":["champ:CrownThrow+1","champ:BladeFlurry","champ:GutPunch"],"picked":"champ:SkillfulDodge+1","floor":27},{"not_picked":["champ:Duel","champ:BringItOn","champ:DefensiveShout"],"picked":"champ:Backstep+1","floor":29},{"not_picked":["champ:CalledShot","champ:IronFortress","champ:BerserkerStyle"],"picked":"champ:SetATrap","floor":30},{"not_picked":["champ:BringItOn","champ:DefensiveShout","champ:FanOfKnives"],"picked":"champ:BladeFlurry+1","floor":31},{"not_picked":["champ:DefensiveShout","champ:EndlessRage","champ:BerserkersShout"],"picked":"champ:EnchantCrown","floor":32},{"not_picked":["champ:SwordThrow","champ:DancingMaster","champ:EnchantShield"],"picked":"champ:HoldFirm","floor":33},{"not_picked":["champ:FaceSlap","champ:CalledShot","champ:Improvising"],"picked":"champ:ArenaPreparation+1","floor":36},{"not_picked":["champ:RageSigil+1","champ:CrownThrow","champ:FanOfKnives+1"],"picked":"champ:TornadoPunch+1","floor":37},{"not_picked":["expansioncontent:Chronoboost","expansioncontent:YouAreMine"],"picked":"expansioncontent:PrepareCrush","floor":38},{"not_picked":["champ:EnragedBash","champ:CrownThrow+1","champ:Haymaker"],"picked":"champ:Shatter+1","floor":40},{"not_picked":["champ:BerserkersShout","champ:Parry","champ:EnGarde"],"picked":"champ:FaceSlap+1","floor":42},{"not_picked":["champ:StanceDance","champ:AdrenalArmor","champ:Encircle"],"picked":"champ:PerfectedStrike","floor":44},{"not_picked":["champ:ShieldWall+1","champ:FaceSlap+1","champ:Endure+1"],"picked":"champ:FlashCut+1","floor":45},{"not_picked":["champ:SkillfulDodge","champ:AdrenalArmor","champ:BringItOn"],"picked":"champ:FancyFootwork+1","floor":49},{"not_picked":["champ:FocusedBerserking+1","champ:FaceSlap","champ:SwordThrow"],"picked":"champ:ViciousMockery","floor":52}],"player_experience":1351903,"relics_obtained":[{"floor":24,"key":"Question Card"},{"floor":30,"key":"Guardian:PocketSentry"},{"floor":40,"key":"Mummified Hand"},{"floor":41,"key":"Letter Opener"},{"floor":42,"key":"Potion Belt"},{"floor":52,"key":"Dead Branch"}],"event_choices":[{"damage_healed":0,"gold_gain":0,"player_choice":"Success","damage_taken":7,"relics_obtained":["Kunai"],"max_hp_gain":0,"max_hp_loss":0,"event_name":"Scrap Ooze","floor":2,"gold_loss":0},{"damage_healed":0,"gold_gain":175,"player_choice":"AGREE","damage_taken":0,"max_hp_gain":0,"max_hp_loss":0,"event_name":"Liars Game","floor":3,"gold_loss":0,"cards_obtained":["Doubt"]},{"damage_healed":0,"gold_gain":0,"player_choice":"3 cards matched","damage_taken":0,"max_hp_gain":0,"max_hp_loss":0,"event_name":"Match and Keep!","floor":4,"gold_loss":0,"cards_obtained":["Normality","champ:Taunt","champ:EnragedBash"]},{"damage_healed":0,"gold_gain":0,"player_choice":"Ignored","damage_taken":0,"max_hp_gain":0,"max_hp_loss":0,"event_name":"Vampires","floor":20,"gold_loss":0}],"is_beta":true,"boss_relics":[{"not_picked":["Tiny House","Runic Dome"],"picked":"champ:PowerArmor"},{"not_picked":["Astrolabe","Empty Cage"],"picked":"SacredBark"}],"items_purged_floors":[13],"is_endless":false,"potions_floor_spawned":[5,8,14,16,25,30,31,32,33,40,42,44,45,52],"ascension_level":0}}