{"host":"338bkdl2yirdp2ct","time":1614456901,"event":{"mods":["AchievementEnabler","BaseMod","Challenge The Spire","Colored Powertips","Custom Start","Dark Map","DeckTracker","Highlight Path","Minty Spire (QoL Compilation)","Quick Restart","Random Character Button","Relic Sorter","Relic Stats","Uncapped","Unceasing Turn Reminder","slay the spire mod where everything is the same but ironclad has a cowboy hat"],"gold_per_floor":[111,111,21,21,21,21,44,58,81,6,6,30,43,43,43,138,138,157,57,107,150,150,150,150,150,150,150,150,150,194,194,194,287,287,301,176,176,189,189,189,233,233,233,233,455,264,302,335,335,335],"floor_reached":51,"language":"ENG","playtime":1100,"items_purged":["Pain","Shame","Pain"],"score":2039,"play_id":"1b8f8dcb-7182-4a2f-b900-5a61f28e5ecf","local_time":"20210227121501","daily_mods":["Heirloom","Time Dilation","Flight","Cursed Run"],"is_ascension_mode":true,"campfire_choices":[{"floor":6,"key":"REST"},{"data":"Gash","floor":15,"key":"SMITH"},{"data":"Gash","floor":23,"key":"SMITH"},{"data":"Gash","floor":24,"key":"SMITH"},{"data":"Gash","floor":25,"key":"SMITH"},{"data":"Gash","floor":27,"key":"SMITH"},{"data":"Gash","floor":32,"key":"SMITH"},{"data":"Gash","floor":40,"key":"SMITH"},{"data":"Gash","floor":42,"key":"SMITH"},{"data":"Gash","floor":44,"key":"SMITH"},{"data":"Gash","floor":49,"key":"SMITH"}],"circlet_count":0,"master_deck":["Gash+1","Gash+1","Gash+1","Gash+1","Gash+1","Gash+1","Gash+1","Gash+1","Gash+1","Gash+1","Gash+1","Gash","Gash","Gash","Gash","Gash","Gash","Gash","Gash","Gash","Gash","Gash","Gash","Gash","Gash","Gash","Gash","Gash","Gash","Gash","Gash","Gash","Gash","Gash","Gash","Beam Cell","Flash of Steel","Anger","Anger","Flex","Clumsy"],"relics":["Cursed Key","Darkstone Periapt","Du-Vu Doll","Unceasing Top","Golden Idol","Art of War","Lizard Tail","Black Star","Red Mask","CaptainsWheel","Lantern","SacredBark","Potion Belt","MealTicket","Orichalcum","Oddly Smooth Stone","Vajra","Self Forming Clay"],"acts_visited":["Exordium","TheCity","TheBeyond"],"potions_floor_usage":[38],"damage_taken":[{"damage":0,"enemies":"Jaw Worm","floor":1,"turns":1},{"damage":0,"enemies":"Cultist","floor":7,"turns":1},{"damage":0,"enemies":"Small Slimes","floor":8,"turns":1},{"damage":0,"enemies":"Blue Slaver","floor":12,"turns":1},{"damage":0,"enemies":"3 Louse","floor":13,"turns":1},{"damage":0,"enemies":"Slime Boss","floor":16,"turns":1},{"damage":0,"enemies":"Shell Parasite","floor":18,"turns":1},{"damage":0,"enemies":"Masked Bandits","floor":21,"turns":1},{"damage":0,"enemies":"Book of Stabbing","floor":30,"turns":1},{"damage":0,"enemies":"Automaton","floor":33,"turns":2},{"damage":0,"enemies":"Orb Walker","floor":35,"turns":1},{"damage":0,"enemies":"3 Shapes","floor":38,"turns":1},{"damage":0,"enemies":"Reptomancer","floor":41,"turns":1},{"damage":0,"enemies":"Giant Head","floor":47,"turns":1},{"damage":0,"enemies":"Nemesis","floor":48,"turns":1},{"damage":0,"enemies":"Awakened One","floor":50,"turns":2}],"seed_played":"-1371642045744814728","potions_obtained":[{"floor":1,"key":"HeartOfIron"},{"floor":8,"key":"GamblersBrew"},{"floor":11,"key":"Block Potion"},{"floor":38,"key":"BlessingOfTheForge"}],"is_trial":true,"path_per_floor":["M","?","$","?","$","R","M","M","T","$","?","M","M","?","R","B",null,"M","$","?","?","$","R","R","R","T","R","$","?","E","?","R","B",null,"M","$","?","M","?","R","E","R","T","R","?","$","E","E","R","B",null],"character_chosen":"IRONCLAD","items_purchased":["Flash of Steel","DistilledChaos","EntropicBrew"],"campfire_rested":1,"item_purchase_floors":[3,46,46],"current_hp_per_floor":[68,42,42,42,42,64,64,64,70,70,70,70,70,65,65,71,83,83,83,83,83,83,83,83,83,83,83,83,83,83,83,83,89,92,92,92,92,92,88,88,88,88,88,88,88,88,88,88,88,94],"gold":335,"neow_bonus":"","is_daily":false,"chose_seed":false,"campfire_upgraded":10,"win_rate":0.0,"timestamp":1614456901,"path_taken":["M","?","$","?","?","R","M","?","T","$","?","M","?","?","R","BOSS","M","$","?","?","$","R","R","R","T","R","$","?","E","?","R","BOSS","M","$","?","?","?","R","E","R","T","R","?","$","E","E","R","BOSS"],"items_purchased_type":["Card","Potion","Potion"],"build_version":"2020-12-22","purchased_purges":3,"victory":true,"max_hp_per_floor":[75,75,75,75,75,75,75,75,81,81,81,81,81,81,81,87,87,87,87,87,87,87,87,87,87,87,87,87,87,87,87,87,93,93,93,93,93,93,88,88,88,88,88,88,88,88,88,88,88,94],"relic_stats":{"Darkstone Periapt":24,"Lizard Tail":0,"counters":[16,18],"Golden Idol":126,"Self Forming Clay":[0],"MealTicket":0,"Art of War":[0],"Black Star":4,"Orichalcum":[6],"Cursed Key":1,"obtain_stats":[{"Darkstone Periapt":0,"Potion Belt":41,"Lantern":30,"Golden Idol":2,"Self Forming Clay":48,"SacredBark":34,"Oddly Smooth Stone":47,"Vajra":48,"Orichalcum":47,"Cursed Key":0,"Du-Vu Doll":0,"Lizard Tail":14,"CaptainsWheel":30,"MealTicket":41,"Art of War":9,"Black Star":17,"Red Mask":21,"Unceasing Top":0},{"Darkstone Periapt":0,"Potion Belt":13,"Lantern":9,"Golden Idol":1,"Self Forming Clay":15,"SacredBark":10,"Oddly Smooth Stone":14,"Vajra":15,"Orichalcum":14,"Cursed Key":0,"Du-Vu Doll":0,"Lizard Tail":5,"CaptainsWheel":9,"MealTicket":13,"Art of War":3,"Black Star":6,"Red Mask":8,"Unceasing Top":0},{"Darkstone Periapt":0,"Potion Belt":14,"Lantern":9,"Golden Idol":1,"Self Forming Clay":16,"SacredBark":11,"Oddly Smooth Stone":15,"Vajra":16,"Orichalcum":15,"Cursed Key":0,"Du-Vu Doll":0,"Lizard Tail":5,"CaptainsWheel":9,"MealTicket":14,"Art of War":3,"Black Star":6,"Red Mask":8,"Unceasing Top":0}],"Unceasing Top":[76]},"card_choices":[{"not_picked":["Spot Weakness","Body Slam","Rupture"],"picked":"SKIP","floor":1},{"not_picked":["Cleave","Infernal Blade","True Grit"],"picked":"SKIP","floor":7},{"not_picked":["Heavy Blade","Thunderclap"],"picked":"Anger","floor":8},{"not_picked":["Wild Strike","Burning Pact","Iron Wave"],"picked":"SKIP","floor":12},{"not_picked":["Sword Boomerang","Cleave","Iron Wave"],"picked":"SKIP","floor":13},{"not_picked":["Iron Wave","Hemokinesis"],"picked":"Anger","floor":18},{"not_picked":["True Grit","Body Slam","Heavy Blade"],"picked":"SKIP","floor":30},{"not_picked":["Sword Boomerang","Anger","Havoc"],"picked":"SKIP","floor":35},{"not_picked":["Pommel Strike","Whirlwind","Dark Embrace+1"],"picked":"SKIP","floor":38},{"not_picked":["Reckless Charge","Reaper","Impervious"],"picked":"SKIP","floor":41},{"not_picked":["Thunderclap","Fire Breathing"],"picked":"Flex","floor":47},{"not_picked":["Pommel Strike","Dark Embrace","Spot Weakness"],"picked":"SKIP","floor":48}],"player_experience":1188080,"relics_obtained":[{"floor":9,"key":"Art of War"},{"floor":21,"key":"Red Mask"},{"floor":30,"key":"CaptainsWheel"},{"floor":30,"key":"Lantern"},{"floor":41,"key":"Potion Belt"},{"floor":41,"key":"MealTicket"},{"floor":47,"key":"Orichalcum"},{"floor":47,"key":"Oddly Smooth Stone"},{"floor":48,"key":"Vajra"},{"floor":48,"key":"Self Forming Clay"}],"event_choices":[{"damage_healed":0,"gold_gain":0,"player_choice":"Take Damage","damage_taken":26,"relics_obtained":["Golden Idol"],"max_hp_gain":0,"max_hp_loss":0,"event_name":"Golden Idol","floor":2,"gold_loss":0},{"damage_healed":0,"gold_gain":0,"player_choice":"Grow","damage_taken":0,"max_hp_gain":0,"max_hp_loss":0,"event_name":"Living Wall","floor":4,"gold_loss":0,"cards_upgraded":["Gash"]},{"damage_healed":0,"gold_gain":0,"player_choice":"Got Potions","damage_taken":0,"max_hp_gain":0,"max_hp_loss":0,"event_name":"Lab","floor":11,"gold_loss":0},{"damage_healed":0,"gold_gain":0,"player_choice":"Success","damage_taken":5,"relics_obtained":["Lizard Tail"],"max_hp_gain":0,"max_hp_loss":0,"event_name":"Scrap Ooze","floor":14,"gold_loss":0},{"damage_healed":0,"gold_gain":50,"player_choice":"Stole From Cult","damage_taken":0,"max_hp_gain":0,"max_hp_loss":0,"event_name":"Nest","floor":20,"gold_loss":0},{"damage_healed":0,"gold_gain":0,"player_choice":"Fought Bandits","damage_taken":0,"max_hp_gain":0,"max_hp_loss":0,"event_name":"Masked Bandits","floor":21,"gold_loss":0},{"damage_healed":0,"gold_gain":0,"player_choice":"Ignored","damage_taken":0,"max_hp_gain":0,"max_hp_loss":0,"event_name":"Vampires","floor":29,"gold_loss":0},{"damage_healed":0,"gold_gain":0,"player_choice":"Ignored","damage_taken":0,"max_hp_gain":0,"max_hp_loss":0,"event_name":"Ghosts","floor":31,"gold_loss":0},{"damage_healed":0,"gold_gain":0,"player_choice":"0 cards matched","damage_taken":0,"max_hp_gain":0,"max_hp_loss":0,"event_name":"Match and Keep!","floor":37,"gold_loss":0,"cards_obtained":[]},{"damage_healed":0,"gold_gain":0,"player_choice":"Max HP","damage_taken":0,"max_hp_gain":0,"max_hp_loss":5,"event_name":"Winding Halls","floor":39,"gold_loss":0},{"damage_healed":0,"gold_gain":222,"player_choice":"Wore Mask","damage_taken":0,"max_hp_gain":0,"max_hp_loss":0,"event_name":"Tomb of Lord Red Mask","floor":45,"gold_loss":0}],"is_beta":false,"boss_relics":[{"not_picked":["SlaversCollar","Runic Cube"],"picked":"Black Star"},{"not_picked":["Empty Cage","Pandora\u0027s Box"],"picked":"SacredBark"}],"items_purged_floors":[10,19,36],"is_endless":false,"potions_floor_spawned":[1,8,13,33,38],"ascension_level":18}}