{"host":"8juwo4eokezucgda","time":1614419928,"event":{"mods":["AchievementEnabler","Aspiration","BaseMod","BetterRewards","Colored Map","Colored Powertips","Conspire","Downfall","Hermit","Hubris","Marisa????????","Minty Spire (QoL Compilation)","Rare Cards Sparkle","Relic Stats","Replay The Spire","StSLib","SuperFastMode","The Construct","The Cursed","The Disciple","The Hierophant","The Mystic","The Necromancer","The Runesmith","The Servant 0.9.4"],"gold_per_floor":[109,124,3954,3969,3969,4001,4001,4017,4017,4036,4067,3260,3270,3295,3295,3400,3400,3418,3435,3435,2409,2427,2459,2459,2477,2502,2522,1954,1969,1986,1996,1996,2092,2092,2105,2116,2136,984,1007,1056,1056,1117,1117,273,273,327,356,2,2,26,26,26,357,411,419],"floor_reached":56,"language":"ENG","playtime":6751,"items_purged":["Strike_P","Defend_P","Strike_P","Defend_P","Strike_P","Defend_P+1","Eruption","Replay:Battleflow+1"],"score":1325,"play_id":"4c1a8708-f0dc-4a97-b012-2413b7831cd0","local_time":"20210227175848","is_ascension_mode":false,"campfire_choices":[{"floor":7,"key":"RECALL"},{"data":"MasterReality","floor":15,"key":"SMITH"},{"data":"Omniscience","floor":24,"key":"SMITH"},{"data":"Vault","floor":32,"key":"SMITH"},{"data":"Apotheosis","floor":41,"key":"SMITH"},{"data":"Prostrate","floor":49,"key":"SMITH"},{"data":"Secret Technique","floor":52,"key":"SMITH"}],"circlet_count":0,"master_deck":["Vigilance+1","Dagger Throw","FlurryOfBlows","Metamorphosis+1","DeusExMachina+1","Dramatic Entrance","Prostrate","BowlingBash","PathToVictory","MasterReality+1","Replay:AtTheReady","Vengeance","DeceiveReality","Omniscience+1","Secret Technique+1","Tantrum","JustLucky","Ragnarok","Vault+1","BattleHymn+1","PathToVictory","Master of Strategy","Wallop","Replay:DivineShield+1","Dark Shackles","Halt","Halt","Weave+1","CarveReality+1","PathToVictory","Scrawl","Consecrate+1","Adaptation+1","Apotheosis+1","Replay:Anticipation","Brilliance","Replay:LoomingThreat","Replay:Parry","Perseverance","Prostrate+1","DeusExMachina+1","Panache","Enlightenment","Mind Blast"],"relics":["PureWater","aspiration:Nostalgia","m_SnakeCloak","Replay:Accelerometer","Guide Book","War Paint","Replay:Wax Seal","hubris:SlimyHat","conspire:GiftBox","Garlic","TheAbacus","Bag of Marbles","Empty Cage","Nilry\u0027s Codex","Lantern","Tingsha","HandDrill","Dream Catcher","Centennial Puzzle","Omamori","Sozu","conspire:Dentures","Replay:Bandana","hubris:HerbalPaste","aspiration:Lifesprig","Mango","Thread and Needle","Question Card","Tough Bandages","Replay:Baseball","hubris:MedicalManual","DollysMirror","Gremlin Food","ReplayTheSpireMod:TigerMarble","ReplayTheSpireMod:ShopPack","Pet Ghost"],"acts_visited":["Exordium","TheCity","TheBeyond","TheEnding"],"potions_floor_usage":[4],"damage_taken":[{"damage":5,"enemies":"Jaw Worm","floor":1,"turns":8},{"damage":0,"enemies":"Cultist","floor":2,"turns":2},{"damage":0,"enemies":"Small Slimes","floor":4,"turns":1},{"damage":19,"enemies":"Gremlin Nob","floor":6,"turns":3},{"damage":0,"enemies":"Exordium Wildlife","floor":8,"turns":1},{"damage":7,"enemies":"Blue Slaver","floor":10,"turns":3},{"damage":18,"enemies":"Lagavulin","floor":11,"turns":6},{"damage":0,"enemies":"Gremlin Gang","floor":13,"turns":1},{"damage":14,"enemies":"Gremlin Nob","floor":14,"turns":4},{"damage":51,"enemies":"Hexaghost","floor":16,"turns":5},{"damage":23,"enemies":"Shell Parasite","floor":18,"turns":3},{"damage":0,"enemies":"3 Byrds","floor":19,"turns":4},{"damage":18,"enemies":"Snake Plant","floor":22,"turns":3},{"damage":1,"enemies":"Gremlin Leader","floor":23,"turns":4},{"damage":2,"enemies":"Centurion and Healer","floor":25,"turns":2},{"damage":0,"enemies":"Snecko","floor":27,"turns":4},{"damage":0,"enemies":"Cultist and Chosen","floor":29,"turns":3},{"damage":4,"enemies":"Sentry and Sphere","floor":30,"turns":3},{"damage":6,"enemies":"Snecko","floor":31,"turns":3},{"damage":34,"enemies":"hubris:MusketHawk","floor":33,"turns":5},{"damage":4,"enemies":"3 Darklings","floor":35,"turns":3},{"damage":9,"enemies":"3 Shapes","floor":36,"turns":1},{"damage":7,"enemies":"Maw","floor":37,"turns":6},{"damage":9,"enemies":"3 Darklings","floor":39,"turns":4},{"damage":0,"enemies":"Giant Head","floor":40,"turns":4},{"damage":58,"enemies":"conspire:MimicChest","floor":42,"turns":5},{"damage":1,"enemies":"Transient","floor":46,"turns":5},{"damage":3,"enemies":"Sphere and 2 Shapes","floor":47,"turns":1},{"damage":160,"enemies":"conspire:OrnateMirror","floor":50,"turns":8},{"damage":53,"enemies":"Shield and Spear","floor":54,"turns":5},{"damage":172,"enemies":"The Heart","floor":55,"turns":7}],"seed_played":"4153441799262359293","potions_obtained":[{"floor":4,"key":"Weak Potion"},{"floor":6,"key":"SkillPotion"},{"floor":19,"key":"DuplicationPotion"}],"is_trial":false,"path_per_floor":["M","M","$","M","?","E","R","M","T","M","E","$","M","E","R","B",null,"M","M","?","$","M","E","R","M","T","M","$","M","M","M","R","B",null,"M","M","M","$","M","E","R","?","T","$","?","M","M","$","R","B",null,"R","$","E","B",null],"character_chosen":"WATCHER","items_purchased":["Adrenaline Potion","Replay:Accelerometer","Metamorphosis","DeusExMachina","Dramatic Entrance","Prostrate","BowlingBash","Guide Book","Death Potion","Fire Potion","Garlic","TheAbacus","Secret Technique","Tantrum","AttackPotion","Lantern","Tingsha","HandDrill","Energy Potion","Master of Strategy","Wallop","Centennial Puzzle","Omamori","Dark Shackles","Halt","conspire:Dentures","Replay:Bandana","hubris:HerbalPaste","Apotheosis","Replay:Anticipation","Brilliance","Question Card","Tough Bandages","Replay:Parry","Prostrate","Replay:Baseball","hubris:MedicalManual","DollysMirror","Gremlin Food","ReplayTheSpireMod:TigerMarble","ReplayTheSpireMod:ShopPack"],"campfire_rested":0,"item_purchase_floors":[3,3,3,3,3,3,3,3,3,3,12,12,12,12,12,21,21,21,21,21,21,28,28,28,28,38,38,38,38,38,38,44,44,44,48,48,48,48,53,53,53],"current_hp_per_floor":[67,67,67,67,67,48,48,48,48,41,23,23,23,59,59,57,72,49,49,33,33,65,64,64,62,62,62,62,62,58,52,52,68,72,68,59,52,52,49,55,55,78,78,78,78,83,80,80,80,15,86,86,86,86,65],"gold":419,"neow_bonus":"NOSTALGIA","is_daily":false,"chose_seed":false,"campfire_upgraded":6,"win_rate":0.0,"timestamp":1614419928,"path_taken":["M","M","$","M","?","E","R","M","T","?","E","$","M","E","R","BOSS","M","M","?","$","M","E","R","M","T","M","$","M","M","M","R","BOSS","M","M","M","$","M","E","R","?","T","$","?","M","?","$","R","BOSS","R","$","E","BOSS"],"items_purchased_type":["Potion","Relic","Card","Card","Card","Card","Card","Relic","Potion","Potion","Relic","Relic","Card","Card","Potion","Relic","Relic","Relic","Potion","Card","Card","Relic","Relic","Card","Card","Relic","Relic","Relic","Card","Card","Card","Relic","Relic","Card","Card","Relic","Relic","Relic","Relic","Relic","Relic"],"build_version":"2020-12-22","purchased_purges":8,"victory":true,"max_hp_per_floor":[72,72,72,72,72,72,72,72,72,72,72,72,72,72,72,72,72,72,72,72,72,72,72,72,72,72,72,72,72,72,72,72,72,72,72,72,72,72,72,72,72,86,86,86,86,86,86,86,86,86,86,86,86,86,86],"relic_stats":{"Sozu":2,"Dream Catcher":0,"Centennial Puzzle":[43],"Tough Bandages":[6],"TheAbacus":[0],"counters":[31,117],"Tingsha":[18],"HandDrill":[28],"War Paint":["Defend_P","Vigilance"],"Question Card":7,"obtain_stats":[{"Replay:Accelerometer":3,"Lantern":21,"aspiration:Lifesprig":40,"Nilry\u0027s Codex":20,"Mango":42,"hubris:SlimyHat":9,"Empty Cage":17,"Pet Ghost":54,"Sozu":34,"Dream Catcher":23,"Centennial Puzzle":28,"Replay:Bandana":38,"Tough Bandages":44,"TheAbacus":12,"hubris:HerbalPaste":38,"DollysMirror":48,"HandDrill":21,"Replay:Wax Seal":6,"m_SnakeCloak":0,"conspire:Dentures":38,"Gremlin Food":53,"aspiration:Nostalgia":0,"Guide Book":3,"Tingsha":21,"Thread and Needle":43,"hubris:MedicalManual":48,"Omamori":28,"War Paint":5,"Question Card":44,"conspire:GiftBox":11,"Replay:Baseball":48,"Garlic":12,"Bag of Marbles":14,"ReplayTheSpireMod:TigerMarble":53,"PureWater":0,"ReplayTheSpireMod:ShopPack":53},{"Replay:Accelerometer":2,"Lantern":12,"aspiration:Lifesprig":25,"Nilry\u0027s Codex":12,"Mango":26,"hubris:SlimyHat":5,"Empty Cage":10,"Pet Ghost":30,"Sozu":20,"Dream Catcher":14,"Centennial Puzzle":16,"Replay:Bandana":23,"Tough Bandages":26,"TheAbacus":7,"hubris:HerbalPaste":23,"DollysMirror":28,"HandDrill":12,"Replay:Wax Seal":4,"m_SnakeCloak":0,"conspire:Dentures":23,"Gremlin Food":29,"aspiration:Nostalgia":0,"Guide Book":2,"Tingsha":12,"Thread and Needle":26,"hubris:MedicalManual":28,"Omamori":16,"War Paint":3,"Question Card":26,"conspire:GiftBox":7,"Replay:Baseball":28,"Garlic":7,"Bag of Marbles":9,"ReplayTheSpireMod:TigerMarble":29,"PureWater":0,"ReplayTheSpireMod:ShopPack":29},{"Replay:Accelerometer":10,"Lantern":41,"aspiration:Lifesprig":86,"Nilry\u0027s Codex":41,"Mango":91,"hubris:SlimyHat":15,"Empty Cage":34,"Pet Ghost":110,"Sozu":68,"Dream Catcher":48,"Centennial Puzzle":54,"Replay:Bandana":78,"Tough Bandages":91,"TheAbacus":24,"hubris:HerbalPaste":78,"DollysMirror":97,"HandDrill":41,"Replay:Wax Seal":14,"m_SnakeCloak":0,"conspire:Dentures":78,"Gremlin Food":105,"aspiration:Nostalgia":0,"Guide Book":10,"Tingsha":41,"Thread and Needle":91,"hubris:MedicalManual":97,"Omamori":54,"War Paint":11,"Question Card":91,"conspire:GiftBox":24,"Replay:Baseball":97,"Garlic":24,"Bag of Marbles":29,"ReplayTheSpireMod:TigerMarble":105,"PureWater":0,"ReplayTheSpireMod:ShopPack":105}]},"card_choices":[{"not_picked":["FollowUp","Meditate"],"picked":"Dagger Throw","floor":1},{"not_picked":["Tactician","FearNoEvil"],"picked":"FlurryOfBlows","floor":2},{"not_picked":["Dagger Throw","Replay:Cycle"],"picked":"PathToVictory","floor":4},{"not_picked":["Ragnarok","Calculated Gamble"],"picked":"MasterReality","floor":6},{"not_picked":["Collect","WaveOfTheHand"],"picked":"Replay:AtTheReady","floor":8},{"not_picked":["ReachHeaven","Consecrate"],"picked":"Vengeance","floor":10},{"not_picked":["Study","BowlingBash"],"picked":"DeceiveReality","floor":11},{"not_picked":["Tools of the Trade","Unload"],"picked":"Omniscience","floor":11},{"not_picked":["FollowUp","BowlingBash"],"picked":"JustLucky","floor":13},{"not_picked":["SignatureMove","EmptyFist"],"picked":"Ragnarok","floor":14},{"not_picked":["ConjureBlade","MasterReality"],"picked":"Vault","floor":16},{"not_picked":["EmptyFist","Protect"],"picked":"BattleHymn","floor":18},{"not_picked":["Replay:Cycle","Halt"],"picked":"PathToVictory","floor":19},{"not_picked":["Replay:BluntJabs","SashWhip","EmptyBody"],"picked":"SKIP","floor":22},{"not_picked":["Alpha","CutThroughFate"],"picked":"Replay:DivineShield+1","floor":23},{"not_picked":["EmptyFist","ThirdEye","ClearTheMind"],"picked":"SKIP","floor":25},{"not_picked":["EmptyBody","MentalFortress"],"picked":"Replay:Battleflow+1","floor":27},{"not_picked":["Prostrate","Halt+1"],"picked":"Weave+1","floor":29},{"not_picked":["Prostrate","Ragnarok"],"picked":"CarveReality+1","floor":30},{"not_picked":["Evaluate","SignatureMove"],"picked":"PathToVictory","floor":31},{"not_picked":["Alpha","ConjureBlade"],"picked":"Scrawl","floor":33},{"not_picked":["ClearTheMind","BowlingBash+1","FlurryOfBlows+1"],"picked":"SKIP","floor":35},{"not_picked":["EmptyBody","Replay:BluntJabs"],"picked":"Consecrate+1","floor":36},{"not_picked":["SashWhip+1","CarveReality"],"picked":"Adaptation+1","floor":37},{"not_picked":["CutThroughFate","Study+1","Wallop+1"],"picked":"SKIP","floor":39},{"not_picked":["ThirdEye","DeceiveReality+1","Adaptation"],"picked":"SKIP","floor":40},{"not_picked":["Sanctity+1","Replay:ManipulateFuture"],"picked":"Replay:LoomingThreat","floor":42},{"not_picked":["FollowUp+1","BattleHymn","Replay:Hum","Halt+1"],"picked":"SKIP","floor":46},{"not_picked":["WheelKick+1","EmptyBody+1","FlurryOfBlows"],"picked":"Perseverance","floor":47},{"not_picked":["Metamorphosis","Master of Strategy","Sadistic Nature"],"picked":"Panache","floor":53},{"not_picked":["ReplayTheSpireMod:Uncanny Aura","ReplayTheSpireMod:Brewmster","Finesse"],"picked":"Enlightenment","floor":53},{"not_picked":["Finesse","Swift Strike","hubris:Insight"],"picked":"Mind Blast","floor":53},{"not_picked":["EmptyBody+1","Protect","CarveReality","Replay:AtTheReady"],"picked":"SKIP","floor":54}],"player_experience":186268,"relics_obtained":[{"floor":6,"key":"Replay:Wax Seal"},{"floor":9,"key":"hubris:SlimyHat"},{"floor":11,"key":"conspire:GiftBox"},{"floor":14,"key":"Bag of Marbles"},{"floor":20,"key":"Nilry\u0027s Codex"},{"floor":23,"key":"Dream Catcher"},{"floor":40,"key":"aspiration:Lifesprig"},{"floor":42,"key":"Mango"},{"floor":43,"key":"Thread and Needle"},{"floor":54,"key":"Pet Ghost"}],"event_choices":[{"damage_healed":0,"gold_gain":0,"player_choice":"Gave Potion","damage_taken":0,"relics_obtained":["War Paint"],"max_hp_gain":0,"max_hp_loss":0,"event_name":"WeMeetAgain","floor":5,"gold_loss":0},{"damage_healed":0,"gold_gain":0,"player_choice":"Obtained Book","damage_taken":16,"max_hp_gain":0,"max_hp_loss":0,"event_name":"Cursed Tome","floor":20,"gold_loss":0},{"damage_healed":0,"gold_gain":0,"player_choice":"Upgraded","damage_taken":0,"max_hp_gain":0,"max_hp_loss":0,"event_name":"Upgrade Shrine","floor":45,"gold_loss":0,"cards_upgraded":["BattleHymn"]}],"is_beta":false,"boss_relics":[{"not_picked":["Replay:Bronze Core","Ring of Chaos"],"picked":"Empty Cage"},{"not_picked":["conspire:SlowCooker","conspire:SeveredTorchhead"],"picked":"Sozu"}],"items_purged_floors":[3,12,21,28,38,44,48,53],"is_endless":false,"potions_floor_spawned":[4,6,13,16,19,23,25,30,31,40,42,46,47,54],"ascension_level":0}}