{"host":"i41n6wh529970c2c","time":1614392984,"event":{"mods":["Act Like it!","BaseMod","BetterRewards","Gold Saver","Minty Spire (QoL Compilation)","Replay The Spire","Ruina","Shop Mod","StSLib"],"gold_per_floor":[110,121,132,207,62,87,100,127,151,151,167,167,198,209,209,286,286,286,286],"floor_reached":18,"language":"ENG","playtime":1030,"items_purged":[],"score":300,"play_id":"5ab35f2c-5f7e-44ee-b624-1c8505d60819","local_time":"20210226212944","is_ascension_mode":true,"campfire_choices":[{"floor":12,"key":"REST"},{"floor":15,"key":"DIG"}],"circlet_count":0,"master_deck":["AscendersBane","Strike_R","Strike_R","Strike_R+1","Strike_R","Defend_R","Defend_R","Defend_R","ReplayTheSpireMod:Stacked","Flame Barrier","Uppercut","ReplayTheSpireMod:Strike From Hell","Burning Pact","Demon Form","Double Tap"],"relics":["Burning Blood","Lantern","Replay:Baseball","InkBottle","Gremlin Food","Oddly Smooth Stone","Red Skull","Shovel","King of Hearts","Replay:Drink Me"],"acts_visited":["Exordium","TheCity"],"potions_floor_usage":[6,13],"damage_taken":[{"damage":10.0,"enemies":"Cultist","floor":1.0,"turns":5.0},{"damage":9.0,"enemies":"Jaw Worm","floor":2.0,"turns":6.0},{"damage":8.0,"enemies":"2 Louse","floor":3.0,"turns":3.0},{"damage":26,"enemies":"Lagavulin","floor":6,"turns":9},{"damage":11,"enemies":"2 Fungi Beasts","floor":7,"turns":4},{"damage":8,"enemies":"Gremlin Nob","floor":8,"turns":4},{"damage":0,"enemies":"Blue Slaver","floor":11,"turns":2},{"damage":4,"enemies":"3 Sentries","floor":13,"turns":9},{"damage":2,"enemies":"Exordium Wildlife","floor":14,"turns":4},{"damage":41,"enemies":"Hexaghost","floor":16,"turns":11},{"damage":0,"enemies":"Chosen","floor":18,"turns":2}],"seed_played":"-6295653829006177284","potions_obtained":[{"floor":2.0,"key":"Energy Potion"},{"floor":8,"key":"Block Potion"},{"floor":13,"key":"BloodPotion"}],"is_trial":false,"path_per_floor":["M","M","M","?","$","E","M","E","T","?","M","R","E","M","R","B",null,"M"],"character_chosen":"IRONCLAD","items_purchased":["Replay:Baseball"],"campfire_rested":1,"item_purchase_floors":[5],"current_hp_per_floor":[68,65,63,55,55,35,30,28,28,25,31,55,57,61,61,26,52,52,52],"gold":286,"neow_bonus":"RANDOM_COMMON_RELIC","is_daily":false,"chose_seed":false,"campfire_upgraded":0,"win_rate":0.0,"timestamp":1614392984,"path_taken":["M","M","M","?","$","E","?","E","T","?","M","R","E","M","R","BOSS","M"],"items_purchased_type":["Relic"],"build_version":"2020-12-22","purchased_purges":0,"victory":false,"max_hp_per_floor":[80,80,80,80,80,80,80,80,80,80,80,80,80,80,80,80,60,60,60],"card_choices":[{"not_picked":["Thunderclap","Disarm"],"picked":"ReplayTheSpireMod:Stacked","floor":1.0},{"not_picked":["Intimidate","Iron Wave","Replay:Undeath\u0027s Touch"],"picked":"SKIP","floor":2.0},{"not_picked":["Dropkick","Shrug It Off"],"picked":"Flame Barrier","floor":3.0},{"not_picked":["Hemokinesis","Sword Boomerang"],"picked":"Uppercut","floor":6},{"not_picked":["Iron Wave","Anger"],"picked":"ReplayTheSpireMod:Strike From Hell","floor":7},{"not_picked":["Warcry","Clash","ReplayTheSpireMod:Stacked"],"picked":"SKIP","floor":8},{"not_picked":["Perfected Strike","Thunderclap"],"picked":"Burning Pact","floor":11},{"not_picked":["Sword Boomerang","Clash"],"picked":"Demon Form","floor":13},{"not_picked":["Twin Strike","ReplayReversal","Anger"],"picked":"SKIP","floor":14},{"not_picked":["Brutality","Demonic Infusion"],"picked":"Double Tap","floor":16}],"player_experience":712767,"relics_obtained":[{"floor":6,"key":"InkBottle"},{"floor":8,"key":"Gremlin Food"},{"floor":9,"key":"Oddly Smooth Stone"},{"floor":13,"key":"Shovel"},{"floor":15,"key":"King of Hearts"}],"event_choices":[{"damage_healed":0,"gold_gain":75,"player_choice":"Touch","damage_taken":8,"max_hp_gain":0,"max_hp_loss":0,"event_name":"FaceTrader","floor":4,"gold_loss":0},{"damage_healed":0,"gold_gain":0,"player_choice":"Success","damage_taken":3,"relics_obtained":["Red Skull"],"max_hp_gain":0,"max_hp_loss":0,"event_name":"Scrap Ooze","floor":10,"gold_loss":0}],"is_beta":false,"boss_relics":[{"not_picked":["Pandora\u0027s Box","Runic Dome"],"picked":"Replay:Drink Me"}],"items_purged_floors":[],"is_endless":false,"potions_floor_spawned":[2,8,13],"killed_by":"Chosen","ascension_level":13}}