{"host":"338bkdl2yirdp2ct","time":1614443651,"event":{"mods":["AchievementEnabler","BaseMod","Colored Powertips","Highlight Path","Minty Spire (QoL Compilation)","Quick Restart","Relic Sorter","Unceasing Turn Reminder","slay the spire mod where everything is the same but ironclad has a cowboy hat"],"gold_per_floor":[112,128,57,57,76,108,108,108,108,108,127,147,147,160,160,262,312,332,85,102,122,42,77,77,77,77],"floor_reached":25,"language":"ENG","playtime":931,"items_purged":[],"score":223,"play_id":"a013058d-4040-4aac-984a-8260491236b6","local_time":"20210227083411","is_ascension_mode":false,"campfire_choices":[{"data":"Dark Embrace","floor":7,"key":"SMITH"},{"floor":13,"key":"REST"},{"data":"Fiend Fire","floor":15,"key":"SMITH"},{"floor":24,"key":"REST"}],"circlet_count":0,"master_deck":["Strike_R","Strike_R","Strike_R","Strike_R","Strike_R","Defend_R","Defend_R","Defend_R","Defend_R","Bash","Headbutt+1","Dark Embrace+1","Twin Strike+1","Fiend Fire+1","Corruption","Spot Weakness","Evolve","Evolve","Seeing Red+1"],"relics":["Burning Blood","NeowsBlessing","Mercury Hourglass","Question Card","Tiny House","Paper Frog","The Courier"],"acts_visited":["Exordium","TheCity"],"potions_floor_usage":[6,16,16,16,16,20,23],"damage_taken":[{"damage":0,"enemies":"Jaw Worm","floor":1,"turns":1},{"damage":0,"enemies":"Cultist","floor":2,"turns":1},{"damage":0,"enemies":"2 Louse","floor":5,"turns":1},{"damage":35,"enemies":"3 Sentries","floor":6,"turns":12},{"damage":11,"enemies":"Red Slaver","floor":11,"turns":3},{"damage":16,"enemies":"Large Slime","floor":12,"turns":4},{"damage":11,"enemies":"Exordium Wildlife","floor":14,"turns":3},{"damage":44,"enemies":"Hexaghost","floor":16,"turns":8},{"damage":30,"enemies":"2 Thieves","floor":18,"turns":3},{"damage":15,"enemies":"3 Byrds","floor":20,"turns":3},{"damage":35,"enemies":"Centurion and Healer","floor":21,"turns":5},{"damage":55,"enemies":"Book of Stabbing","floor":23,"turns":5},{"damage":48,"enemies":"3 Cultists","floor":25,"turns":4}],"seed_played":"-6297795434985387849","potions_obtained":[{"floor":2,"key":"EntropicBrew"},{"floor":4,"key":"Energy Potion"},{"floor":4,"key":"FairyPotion"},{"floor":6,"key":"Dexterity Potion"},{"floor":12,"key":"CultistPotion"},{"floor":17,"key":"LiquidBronze"},{"floor":18,"key":"Energy Potion"}],"is_trial":false,"path_per_floor":["M","M","$","?","M","E","R","?","T","?","M","M","R","M","R","B",null,"M","$","M","M","$","E","R","M"],"character_chosen":"IRONCLAD","items_purchased":["Dark Embrace","Paper Frog","Evolve"],"campfire_rested":2,"item_purchase_floors":[3,19,22],"current_hp_per_floor":[80,80,80,80,80,51,51,51,51,51,46,36,60,55,55,17,85,61,61,52,23,23,12,37,0,0],"gold":77,"neow_bonus":"THREE_ENEMY_KILL","is_daily":false,"chose_seed":false,"campfire_upgraded":2,"win_rate":0.0,"timestamp":1614443651,"path_taken":["M","M","$","?","?","E","R","?","T","?","M","M","R","?","R","BOSS","M","?","?","?","$","E","R","M"],"items_purchased_type":["Card","Relic","Card"],"build_version":"2020-12-22","purchased_purges":0,"victory":false,"max_hp_per_floor":[80,80,80,80,80,80,80,80,80,80,80,80,80,80,80,80,85,85,85,85,85,85,85,85,85,85],"card_choices":[{"not_picked":["Body Slam","Clash","Blood for Blood"],"picked":"SKIP","floor":1},{"not_picked":["Sever Soul","Reckless Charge"],"picked":"Headbutt","floor":2},{"not_picked":["Shrug It Off","Ghostly Armor","Dual Wield"],"picked":"SKIP","floor":5},{"not_picked":["Inflame","Warcry","Iron Wave"],"picked":"SKIP","floor":6},{"not_picked":["Thunderclap","Carnage","Clash"],"picked":"Twin Strike","floor":11},{"not_picked":["Armaments","Combust","Clothesline"],"picked":"Fiend Fire","floor":12},{"not_picked":["Heavy Blade","Wild Strike","Pommel Strike","Clash"],"picked":"SKIP","floor":14},{"not_picked":["Offering","Reaper","Bludgeon"],"picked":"Corruption","floor":16},{"not_picked":["Anger","Twin Strike","Second Wind+1","Body Slam"],"picked":"SKIP","floor":18},{"not_picked":["Warcry+1","Bloodletting+1","Searing Blow+1"],"picked":"Spot Weakness","floor":20},{"not_picked":["Power Through+1","Clothesline","Battle Trance"],"picked":"Evolve","floor":21},{"not_picked":["Headbutt","Anger","Havoc"],"picked":"Seeing Red+1","floor":23}],"player_experience":1178584,"relics_obtained":[{"floor":6,"key":"Mercury Hourglass"},{"floor":9,"key":"Question Card"},{"floor":23,"key":"The Courier"}],"event_choices":[{"damage_healed":0,"gold_gain":0,"player_choice":"Got Potions","damage_taken":0,"max_hp_gain":0,"max_hp_loss":0,"event_name":"Lab","floor":4,"gold_loss":0},{"damage_healed":0,"gold_gain":0,"player_choice":"Leave","damage_taken":0,"max_hp_gain":0,"max_hp_loss":0,"event_name":"The Cleric","floor":8,"gold_loss":0},{"damage_healed":0,"gold_gain":0,"player_choice":"Grow","damage_taken":0,"max_hp_gain":0,"max_hp_loss":0,"event_name":"Living Wall","floor":10,"gold_loss":0,"cards_upgraded":["Headbutt"]}],"is_beta":false,"boss_relics":[{"not_picked":["Coffee Dripper","Black Star"],"picked":"Tiny House"}],"items_purged_floors":[],"is_endless":false,"potions_floor_spawned":[2,6,11,12,18],"killed_by":"3 Cultists","ascension_level":0}}