{"host":"jvrojcijqdlksu05","time":1614413666,"event":{"mods":["BaseMod","Highlight Path","Minty Spire (QoL Compilation)","Relic Stats","StSLib"],"gold_per_floor":[118,193,213,233,233,252,34,59,59,70,102,122,122,156,156,251,251,265,291,291,143,243,243,277,22,99,116,116,143,143,156,156,253,253,270,492,402,57,67,116,134,134,160,188,188,219,29,45,45,45,45,45,5,37,37],"floor_reached":56,"language":"ENG","playtime":3531,"items_purged":["Strike_G","Strike_G"],"score":1518,"play_id":"c922251a-e831-4635-9bbf-3b6d63d424e1","local_time":"20210227001426","is_ascension_mode":true,"campfire_choices":[{"data":"Wraith Form v2","floor":13,"key":"SMITH"},{"data":"Noxious Fumes","floor":15,"key":"SMITH"},{"data":"Dagger Spray","floor":23,"key":"SMITH"},{"data":"Terror","floor":28,"key":"SMITH"},{"data":"Tools of the Trade","floor":30,"key":"SMITH"},{"data":"Tools of the Trade","floor":32,"key":"SMITH"},{"floor":42,"key":"RECALL"},{"floor":49,"key":"DIG"},{"floor":52,"key":"DIG"}],"circlet_count":0,"master_deck":["Strike_G+1","Defend_G+1","Defend_G","Defend_G","Survivor+1","Neutralize","Dagger Spray+1","Quick Slash+1","Noxious Fumes+1","Die Die Die","Leg Sweep+1","Wraith Form v2+1","Terror+1","Tools of the Trade+1","After Image+1","Poisoned Stab+1","Prepared+1","Bane+1","Prepared+1","Tools of the Trade+1","Backflip+1","Corpse Explosion+1","Footwork+1","Deadly Poison+1","Backflip+1","Footwork+1","Madness+1","Sadistic Nature","Sadistic Nature","Bane+1","Cloak And Dagger+1","PiercingWail+1","Tactician+1","Cloak And Dagger+1"],"relics":["Ring of the Snake","Ancient Tea Set","Omamori","HornCleat","Bag of Preparation","Astrolabe","Red Mask","Singing Bowl","Vajra","War Paint","Toxic Egg 2","Mango","HoveringKite","Art of War","Gambling Chip","Pen Nib","Shovel","Gremlin Horn","Toolbox","Turnip","Mummified Hand","Oddly Smooth Stone"],"acts_visited":["Exordium","TheCity","TheBeyond","TheEnding"],"potions_floor_usage":[8,14,16,24,33,40,55,55,55],"damage_taken":[{"damage":0,"enemies":"Cultist","floor":1,"turns":5},{"damage":0,"enemies":"2 Louse","floor":3,"turns":3},{"damage":1,"enemies":"Jaw Worm","floor":4,"turns":3},{"damage":0,"enemies":"Looter","floor":6,"turns":4},{"damage":5,"enemies":"3 Sentries","floor":8,"turns":6},{"damage":2,"enemies":"Large Slime","floor":10,"turns":7},{"damage":23,"enemies":"Gremlin Nob","floor":11,"turns":5},{"damage":1,"enemies":"Exordium Thugs","floor":12,"turns":4},{"damage":0,"enemies":"Lagavulin","floor":14,"turns":5},{"damage":6,"enemies":"Slime Boss","floor":16,"turns":9},{"damage":0,"enemies":"3 Byrds","floor":18,"turns":6},{"damage":2,"enemies":"Masked Bandits","floor":19,"turns":5},{"damage":9,"enemies":"Slavers","floor":24,"turns":3},{"damage":0,"enemies":"2 Thieves","floor":27,"turns":3},{"damage":10,"enemies":"Gremlin Leader","floor":29,"turns":5},{"damage":0,"enemies":"Chosen and Byrds","floor":31,"turns":3},{"damage":0,"enemies":"Automaton","floor":33,"turns":8},{"damage":2,"enemies":"3 Darklings","floor":35,"turns":3},{"damage":1,"enemies":"Orb Walker","floor":39,"turns":4},{"damage":1,"enemies":"2 Orb Walkers","floor":40,"turns":5},{"damage":0,"enemies":"Spire Growth","floor":41,"turns":5},{"damage":0,"enemies":"Giant Head","floor":44,"turns":7},{"damage":13,"enemies":"Nemesis","floor":46,"turns":5},{"damage":1,"enemies":"Transient","floor":48,"turns":5},{"damage":0,"enemies":"Donu and Deca","floor":50,"turns":5},{"damage":0,"enemies":"Shield and Spear","floor":54,"turns":3},{"damage":2,"enemies":"The Heart","floor":55,"turns":8}],"seed_played":"2449300003230781658","potions_obtained":[{"floor":6,"key":"AttackPotion"},{"floor":8,"key":"Dexterity Potion"},{"floor":11,"key":"SpeedPotion"},{"floor":12,"key":"LiquidMemories"},{"floor":18,"key":"GhostInAJar"},{"floor":27,"key":"CunningPotion"},{"floor":29,"key":"BlessingOfTheForge"},{"floor":39,"key":"Strength Potion"},{"floor":41,"key":"LiquidBronze"},{"floor":44,"key":"AttackPotion"}],"is_trial":false,"path_per_floor":["M","?","M","M","?","M","$","E","T","M","E","M","R","E","R","B",null,"M","?","?","$","?","R","E","$","T","M","R","E","R","M","R","B",null,"M","?","?","$","M","?","M","R","T","E","?","E","$","M","R","B",null,"R","$","E","B",null],"character_chosen":"THE_SILENT","items_purchased":["Die Die Die","Leg Sweep","Vajra","Toxic Egg 2","Art of War","Deadly Poison+1","Backflip+1","Cloak And Dagger+1","Toolbox","Tactician+1"],"campfire_rested":0,"item_purchase_floors":[7,7,21,25,38,38,38,47,47,53],"current_hp_per_floor":[77,66,66,65,50,50,50,45,45,43,20,19,19,19,19,13,77,77,75,75,75,75,75,66,66,66,66,66,70,70,70,70,70,91,89,89,89,89,88,89,91,91,91,93,83,70,70,69,69,69,97,97,97,97,95],"gold":37,"neow_bonus":"TEN_PERCENT_HP_BONUS","is_daily":false,"chose_seed":false,"campfire_upgraded":6,"win_rate":0.0,"timestamp":1614413666,"path_taken":["M","?","M","M","?","M","$","E","T","M","E","M","R","E","R","BOSS","M","?","?","$","?","R","E","$","T","?","R","E","R","?","R","BOSS","M","?","?","$","?","?","M","R","T","E","?","E","$","M","R","BOSS","R","$","E","BOSS"],"items_purchased_type":["Card","Card","Relic","Relic","Relic","Card","Card","Card","Relic","Card"],"build_version":"2020-12-22","purchased_purges":2,"victory":true,"max_hp_per_floor":[77,77,77,77,77,77,77,77,77,77,77,77,77,77,77,77,77,77,77,77,77,77,77,77,77,77,77,77,91,91,91,91,91,91,91,91,91,91,91,93,95,95,95,97,97,97,97,97,97,97,97,97,97,97,97],"relic_stats":{"Singing Bowl":6,"Gremlin Horn":[0,0],"counters":[27,134],"Astrolabe":["After Image","Poisoned Stab","Prepared"],"HoveringKite":[43],"Pen Nib":[6],"Bag of Preparation":[36],"War Paint":["Defend_G","Survivor"],"Shovel":2,"Mummified Hand":[17],"Gambling Chip":[31],"Turnip":[2],"Art of War":[6],"obtain_stats":[{"Singing Bowl":20,"Gremlin Horn":46,"Astrolabe":17,"Vajra":21,"HoveringKite":34,"Oddly Smooth Stone":54,"Mango":29,"Pen Nib":43,"Omamori":9,"Bag of Preparation":14,"War Paint":24,"Ancient Tea Set":8,"HornCleat":11,"Shovel":44,"Mummified Hand":52,"Gambling Chip":40,"Toolbox":47,"Turnip":49,"Red Mask":19,"Art of War":38,"Toxic Egg 2":25,"Ring of the Snake":0},{"Singing Bowl":12,"Gremlin Horn":23,"Astrolabe":10,"Vajra":12,"HoveringKite":17,"Oddly Smooth Stone":26,"Mango":15,"Pen Nib":21,"Omamori":5,"Bag of Preparation":9,"War Paint":13,"Ancient Tea Set":5,"HornCleat":7,"Shovel":22,"Mummified Hand":25,"Gambling Chip":20,"Toolbox":23,"Turnip":24,"Red Mask":12,"Art of War":18,"Toxic Egg 2":13,"Ring of the Snake":0},{"Singing Bowl":62,"Gremlin Horn":113,"Astrolabe":51,"Vajra":62,"HoveringKite":84,"Oddly Smooth Stone":126,"Mango":73,"Pen Nib":101,"Omamori":21,"Bag of Preparation":42,"War Paint":65,"Ancient Tea Set":21,"HornCleat":33,"Shovel":108,"Mummified Hand":123,"Gambling Chip":96,"Toolbox":113,"Turnip":118,"Red Mask":62,"Art of War":87,"Toxic Egg 2":65,"Ring of the Snake":0}],"Ring of the Snake":[54]},"card_choices":[{"not_picked":["Slice","Reflex"],"picked":"Dagger Spray","floor":1},{"not_picked":["Reflex","Bane"],"picked":"Quick Slash","floor":3},{"not_picked":["Outmaneuver","Distraction","Expertise"],"picked":"SKIP","floor":4},{"not_picked":["Blade Dance","PiercingWail"],"picked":"Noxious Fumes","floor":6},{"not_picked":["Outmaneuver","Infinite Blades","Concentrate"],"picked":"SKIP","floor":8},{"not_picked":["Dagger Throw","Acrobatics","Backflip"],"picked":"SKIP","floor":10},{"not_picked":["Reflex","Quick Slash"],"picked":"Wraith Form v2","floor":11},{"not_picked":["Dagger Throw","Backflip"],"picked":"Terror","floor":12},{"not_picked":["Accuracy","Flying Knee","Bouncing Flask"],"picked":"SKIP","floor":14},{"not_picked":["Storm of Steel","Burst"],"picked":"Tools of the Trade","floor":16},{"not_picked":["Calculated Gamble","Slice","Poisoned Stab"],"picked":"SKIP","floor":18},{"not_picked":["Underhanded Strike","Caltrops"],"picked":"Bane+1","floor":24},{"not_picked":["Underhanded Strike+1","Sucker Punch+1"],"picked":"Prepared+1","floor":27},{"not_picked":["Leg Sweep+1","Footwork"],"picked":"Tools of the Trade","floor":29},{"not_picked":["Dash+1","Dodge and Roll+1"],"picked":"Backflip+1","floor":31},{"not_picked":["Unload","Night Terror+1"],"picked":"Corpse Explosion+1","floor":33},{"not_picked":["Deflect+1","Flying Knee"],"picked":"Footwork+1","floor":35},{"not_picked":["Deadly Poison+1","Dagger Throw"],"picked":"Footwork+1","floor":39},{"not_picked":["Dagger Spray+1","Flying Knee","All Out Attack+1"],"picked":"Singing Bowl","floor":40},{"not_picked":["Dagger Throw+1","Poisoned Stab","Underhanded Strike"],"picked":"Singing Bowl","floor":41},{"not_picked":["Setup+1","Masterful Stab+1","Quick Slash"],"picked":"Singing Bowl","floor":44},{"not_picked":["Magnetism","Dramatic Entrance"],"picked":"Madness+1","floor":45},{"not_picked":["Impatience+1","Panache"],"picked":"Sadistic Nature","floor":45},{"not_picked":["The Bomb+1","Mayhem"],"picked":"Sadistic Nature","floor":45},{"not_picked":["PiercingWail+1","Masterful Stab"],"picked":"Bane+1","floor":46},{"not_picked":["Backstab+1","Setup+1"],"picked":"PiercingWail+1","floor":48},{"not_picked":["Blade Dance+1","Deflect+1"],"picked":"Cloak And Dagger+1","floor":54}],"player_experience":1363994,"relics_obtained":[{"floor":8,"key":"Ancient Tea Set"},{"floor":9,"key":"Omamori"},{"floor":11,"key":"HornCleat"},{"floor":14,"key":"Bag of Preparation"},{"floor":19,"key":"Red Mask"},{"floor":24,"key":"War Paint"},{"floor":29,"key":"Mango"},{"floor":40,"key":"Gambling Chip"},{"floor":43,"key":"Pen Nib"},{"floor":44,"key":"Shovel"},{"floor":46,"key":"Gremlin Horn"},{"floor":49,"key":"Turnip"},{"floor":52,"key":"Mummified Hand"},{"floor":54,"key":"Oddly Smooth Stone"}],"event_choices":[{"damage_healed":0,"gold_gain":75,"player_choice":"Gather Gold","damage_taken":11,"max_hp_gain":0,"max_hp_loss":0,"event_name":"World of Goop","floor":2,"gold_loss":0},{"damage_healed":0,"gold_gain":0,"player_choice":"Entered Light","damage_taken":15,"max_hp_gain":0,"max_hp_loss":0,"event_name":"Shining Light","floor":5,"gold_loss":0,"cards_upgraded":["Strike_G","Quick Slash"]},{"damage_healed":0,"gold_gain":0,"player_choice":"Fought Bandits","damage_taken":0,"max_hp_gain":0,"max_hp_loss":0,"event_name":"Masked Bandits","floor":19,"gold_loss":0},{"damage_healed":0,"gold_gain":0,"player_choice":"Opened","damage_taken":0,"relics_obtained":["Singing Bowl"],"max_hp_gain":0,"max_hp_loss":0,"event_name":"The Mausoleum","floor":20,"gold_loss":0},{"damage_healed":0,"gold_gain":100,"player_choice":"Pray","damage_taken":0,"max_hp_gain":0,"max_hp_loss":0,"event_name":"Golden Shrine","floor":22,"gold_loss":0},{"damage_healed":0,"gold_gain":222,"player_choice":"Wore Mask","damage_taken":0,"max_hp_gain":0,"max_hp_loss":0,"event_name":"Tomb of Lord Red Mask","floor":36,"gold_loss":0},{"cards_removed":["Strike_G"],"damage_healed":0,"gold_gain":0,"player_choice":"Upgrade and Remove","damage_taken":0,"max_hp_gain":0,"max_hp_loss":0,"event_name":"Designer","floor":37,"gold_loss":90,"cards_upgraded":["Leg Sweep"]},{"damage_healed":0,"gold_gain":0,"player_choice":"Fight","damage_taken":0,"max_hp_gain":0,"max_hp_loss":0,"event_name":"Mysterious Sphere","floor":40,"gold_loss":0},{"damage_healed":0,"gold_gain":0,"player_choice":"Memory 3","damage_taken":10,"max_hp_gain":0,"max_hp_loss":0,"event_name":"SensoryStone","floor":45,"gold_loss":0}],"is_beta":false,"boss_relics":[{"not_picked":["Empty Cage","WristBlade"],"picked":"Astrolabe"},{"not_picked":["Fusion Hammer","Snecko Eye"],"picked":"HoveringKite"}],"items_purged_floors":[7,38],"is_endless":false,"potions_floor_spawned":[6,8,11,12,18,27,29,39,41,44],"ascension_level":1}}