{"host":"6406jj8da6015sxr","time":1614408579,"event":{"mods":["AchievementEnabler","BaseMod","Colored Map","DeckTracker","Keyboard Shortcuts","Minty Spire (QoL Compilation)","Permanent Neow","Relic Stats","SuperFastMode","everything is the same but u backflip on backflip"],"gold_per_floor":[109,127,138,63,138,138,150,52,52,79,90,90,115,154,154,250,250,270,28,48,23,37,37,37,37,62,97,121,121,137,172,172,266,266,281,281,301,320,336,367,381,433,433,467,494,494,544,567,567,567,567,567],"floor_reached":51,"language":"KOR","playtime":6542,"items_purged":[],"score":1542,"play_id":"a813bfa9-a145-47e3-87c7-2ab1d68a87ab","local_time":"20210227154939","is_ascension_mode":true,"campfire_choices":[{"data":"Dagger Spray","floor":6.0,"key":"SMITH"},{"data":"Footwork","floor":15.0,"key":"SMITH"},{"data":"Neutralize","floor":23.0,"key":"SMITH"},{"data":"Blade Dance","floor":25.0,"key":"SMITH"},{"data":"Finisher","floor":32.0,"key":"SMITH"},{"floor":46.0,"key":"REST"},{"floor":49.0,"key":"REST"}],"circlet_count":0,"master_deck":["AscendersBane","Strike_G","Strike_G","Strike_G","Defend_G","Defend_G","Defend_G","Defend_G","Survivor","Neutralize+1","Blade Dance+1","Heel Hook","Sucker Punch","Dagger Spray+1","Finisher+1","Well Laid Plans","Footwork+1","Cloak And Dagger","PiercingWail+1","Dagger Spray","Terror+1","Phantasmal Killer+1","Acrobatics+1","Footwork","Dodge and Roll+1","Backflip+1","Heel Hook+1","Prepared+1","Blade Dance+1","Cloak And Dagger+1","Reflex+1","Prepared+1","Malaise+1","Leg Sweep+1"],"relics":["Ring of the Snake","Toxic Egg 2","Toy Ornithopter","Golden Idol","Bag of Preparation","Philosopher\u0027s Stone","Membership Card","Oddly Smooth Stone","Mango","Vajra","Black Star","Paper Crane","Snake Skull","CeramicFish","Pantograph","Nunchaku","Happy Flower","StrikeDummy","Bottled Flame","Mummified Hand"],"acts_visited":["Exordium","TheCity","TheBeyond"],"potions_floor_usage":[],"damage_taken":[{"damage":1.0,"enemies":"Jaw Worm","floor":1.0,"turns":4.0},{"damage":4.0,"enemies":"2 Louse","floor":2.0,"turns":3.0},{"damage":1.0,"enemies":"Small Slimes","floor":3.0,"turns":3.0},{"damage":0.0,"enemies":"Exordium Wildlife","floor":7.0,"turns":3.0},{"damage":9.0,"enemies":"Gremlin Nob","floor":10.0,"turns":4.0},{"damage":0.0,"enemies":"Gremlin Gang","floor":11.0,"turns":2.0},{"damage":3.0,"enemies":"Red Slaver","floor":13.0,"turns":3.0},{"damage":3.0,"enemies":"3 Sentries","floor":14.0,"turns":7.0},{"damage":29.0,"enemies":"The Guardian","floor":16.0,"turns":14.0},{"damage":1.0,"enemies":"Spheric Guardian","floor":18.0,"turns":3.0},{"damage":3.0,"enemies":"Shell Parasite","floor":20.0,"turns":2.0},{"damage":3.0,"enemies":"Snecko","floor":22.0,"turns":5.0},{"damage":12.0,"enemies":"Slavers","floor":27.0,"turns":7.0},{"damage":5.0,"enemies":"Sentry and Sphere","floor":28.0,"turns":7.0},{"damage":0.0,"enemies":"3 Cultists","floor":30.0,"turns":3.0},{"damage":5.0,"enemies":"Gremlin Leader","floor":31.0,"turns":5.0},{"damage":20.0,"enemies":"Automaton","floor":33.0,"turns":5.0},{"damage":0.0,"enemies":"3 Darklings","floor":35.0,"turns":2.0},{"damage":1.0,"enemies":"3 Shapes","floor":37.0,"turns":7.0},{"damage":0.0,"enemies":"Sphere and 2 Shapes","floor":38.0,"turns":9.0},{"damage":10.0,"enemies":"Jaw Worm Horde","floor":39.0,"turns":4.0},{"damage":3.0,"enemies":"Reptomancer","floor":40.0,"turns":2.0},{"damage":3.0,"enemies":"Maw","floor":41.0,"turns":6.0},{"damage":32.0,"enemies":"Giant Head","floor":42.0,"turns":7.0},{"damage":13.0,"enemies":"Nemesis","floor":44.0,"turns":7.0},{"damage":0.0,"enemies":"Transient","floor":45.0,"turns":6.0},{"damage":8.0,"enemies":"Reptomancer","floor":47.0,"turns":6.0},{"damage":8.0,"enemies":"Sphere and 2 Shapes","floor":48.0,"turns":4.0},{"damage":48.0,"enemies":"Awakened One","floor":50.0,"turns":18.0},{"damage":27,"enemies":"Time Eater","floor":51,"turns":14}],"seed_played":"8135943521448939418","potions_obtained":[{"floor":1.0,"key":"GhostInAJar"},{"floor":3.0,"key":"AttackPotion"},{"floor":7.0,"key":"SkillPotion"},{"floor":16.0,"key":"ColorlessPotion"},{"floor":20.0,"key":"ColorlessPotion"},{"floor":27.0,"key":"Swift Potion"},{"floor":31.0,"key":"LiquidMemories"},{"floor":33.0,"key":"GhostInAJar"},{"floor":35.0,"key":"Energy Potion"},{"floor":38.0,"key":"ColorlessPotion"},{"floor":40.0,"key":"LiquidBronze"},{"floor":47.0,"key":"Ancient Potion"}],"is_trial":false,"path_per_floor":["M","M","M","?","?","R","M","$","T","E","M","?","M","E","R","B",null,"M","$","M","$","M","R","?","R","T","E","M","?","M","E","R","B",null,"M","?","M","M","M","E","M","E","T","E","M","R","E","M","R","B","B"],"character_chosen":"THE_SILENT","items_purchased":["Footwork","Cloak And Dagger","Membership Card","Acrobatics+1","Footwork","Dodge and Roll+1"],"campfire_rested":2,"item_purchase_floors":[8,8,19,19,19,21],"current_hp_per_floor":[58,54,53,53,42,42,42,42,42,33,33,33,30,32,32,3,41,40,40,37,37,44,44,44,44,44,46,41,41,41,36,36,21,56,61,61,60,60,50,52,49,17,17,4,9,29,26,18,38,15,13,13],"gold":567,"neow_bonus":"TRANSFORM_TWO_CARDS","is_daily":false,"chose_seed":false,"campfire_upgraded":5,"win_rate":0.0,"timestamp":1614408579,"path_taken":["M","M","M","?","?","R","M","$","T","E","M","?","M","E","R","BOSS","M","$","M","$","M","R","?","R","T","E","M","?","M","E","R","BOSS","M","?","M","?","M","E","M","E","T","E","M","R","E","M","R","BOSS","BOSS"],"items_purchased_type":["Card","Card","Relic","Card","Card","Card"],"build_version":"2020-12-22","purchased_purges":0,"victory":false,"max_hp_per_floor":[60,60,60,60,60,60,60,60,60,60,60,54,54,54,54,54,54,54,54,54,54,54,54,54,54,54,68,68,68,68,68,68,68,68,68,68,68,68,68,68,68,68,68,68,68,68,68,68,68,68,68,68],"relic_stats":{"Happy Flower":[16],"counters":[30,172],"Golden Idol":161,"CeramicFish":36,"Snake Skull":[0],"Bag of Preparation":[44],"Nunchaku":[23],"Mummified Hand":[9],"Pantograph":50,"Black Star":4,"obtain_stats":[{"Happy Flower":44,"Golden Idol":12,"CeramicFish":40,"Oddly Smooth Stone":26,"Vajra":31,"Mango":27,"Snake Skull":40,"Bag of Preparation":14,"Paper Crane":36,"Nunchaku":42,"Bottled Flame":47,"Mummified Hand":47,"Pantograph":42,"Philosopher\u0027s Stone":17,"Black Star":34,"Membership Card":19,"Toxic Egg 2":9,"StrikeDummy":44,"Toy Ornithopter":10,"Ring of the Snake":0},{"Happy Flower":25,"Golden Idol":6,"CeramicFish":22,"Oddly Smooth Stone":12,"Vajra":16,"Mango":13,"Snake Skull":22,"Bag of Preparation":8,"Paper Crane":18,"Nunchaku":24,"Bottled Flame":27,"Mummified Hand":27,"Pantograph":24,"Philosopher\u0027s Stone":9,"Black Star":17,"Membership Card":10,"Toxic Egg 2":4,"StrikeDummy":25,"Toy Ornithopter":5,"Ring of the Snake":0},{"Happy Flower":124,"Golden Idol":19,"CeramicFish":104,"Oddly Smooth Stone":53,"Vajra":75,"Mango":60,"Snake Skull":104,"Bag of Preparation":29,"Paper Crane":82,"Nunchaku":117,"Bottled Flame":136,"Mummified Hand":136,"Pantograph":117,"Philosopher\u0027s Stone":43,"Black Star":80,"Membership Card":46,"Toxic Egg 2":13,"StrikeDummy":124,"Toy Ornithopter":17,"Ring of the Snake":0}],"Toy Ornithopter":40,"Ring of the Snake":[60]},"card_choices":[{"not_picked":["Catalyst","Poisoned Stab"],"picked":"Sucker Punch","floor":1.0},{"not_picked":["Blade Dance","Terror"],"picked":"Dagger Spray","floor":2.0},{"not_picked":["Heel Hook","Dodge and Roll"],"picked":"Finisher","floor":3.0},{"not_picked":["Venomology","Dodge and Roll"],"picked":"Well Laid Plans","floor":7.0},{"not_picked":["Skewer","Bouncing Flask+1"],"picked":"PiercingWail+1","floor":10.0},{"not_picked":["Deadly Poison+1","Bane"],"picked":"Dagger Spray","floor":11.0},{"not_picked":["Catalyst+1","Storm of Steel+1"],"picked":"Terror+1","floor":13.0},{"not_picked":["Catalyst+1","All Out Attack","Quick Slash"],"picked":"SKIP","floor":14.0},{"not_picked":["Storm of Steel+1","Unload"],"picked":"Phantasmal Killer+1","floor":16.0},{"not_picked":["Dagger Spray","Sucker Punch","Endless Agony"],"picked":"SKIP","floor":18.0},{"not_picked":["Expertise+1","Endless Agony","Poisoned Stab"],"picked":"SKIP","floor":20.0},{"not_picked":["Slice","A Thousand Cuts"],"picked":"Backflip+1","floor":22.0},{"not_picked":["Endless Agony","Dagger Spray"],"picked":"Heel Hook+1","floor":27.0},{"not_picked":["Dagger Spray+1","Quick Slash"],"picked":"Prepared+1","floor":28.0},{"not_picked":["Dagger Spray","Calculated Gamble+1"],"picked":"Blade Dance+1","floor":30.0},{"not_picked":["Storm of Steel+1","PiercingWail+1"],"picked":"Cloak And Dagger+1","floor":31.0},{"not_picked":["Cloak And Dagger+1","Skewer","Quick Slash"],"picked":"SKIP","floor":35.0},{"not_picked":["Quick Slash","Bane+1","Underhanded Strike"],"picked":"SKIP","floor":37.0},{"not_picked":["Deflect+1","Underhanded Strike","Expertise+1"],"picked":"SKIP","floor":38.0},{"not_picked":["Distraction+1","Predator+1","Blade Dance+1"],"picked":"SKIP","floor":39.0},{"not_picked":["Well Laid Plans","Dagger Spray+1","All Out Attack+1"],"picked":"SKIP","floor":40.0},{"not_picked":["Bane","Infinite Blades","Slice"],"picked":"SKIP","floor":41.0},{"not_picked":["Blur+1","Calculated Gamble+1"],"picked":"Reflex+1","floor":42.0},{"not_picked":["Bane","Dash","Predator"],"picked":"SKIP","floor":44.0},{"not_picked":["Poisoned Stab","Underhanded Strike"],"picked":"Prepared+1","floor":45.0},{"not_picked":["Expertise+1","Heel Hook"],"picked":"Malaise+1","floor":47.0},{"not_picked":["Eviscerate","Tactician+1"],"picked":"Leg Sweep+1","floor":48.0}],"player_experience":119711,"relics_obtained":[{"floor":9.0,"key":"Toxic Egg 2"},{"floor":10.0,"key":"Toy Ornithopter"},{"floor":14.0,"key":"Bag of Preparation"},{"floor":26.0,"key":"Oddly Smooth Stone"},{"floor":27.0,"key":"Mango"},{"floor":31.0,"key":"Vajra"},{"floor":40.0,"key":"Snake Skull"},{"floor":40.0,"key":"CeramicFish"},{"floor":42.0,"key":"Pantograph"},{"floor":42.0,"key":"Nunchaku"},{"floor":44.0,"key":"Happy Flower"},{"floor":44.0,"key":"StrikeDummy"},{"floor":47.0,"key":"Bottled Flame"},{"floor":47.0,"key":"Mummified Hand"}],"event_choices":[{"cards_removed":["Strike_G"],"damage_healed":0.0,"max_hp_gain":0.0,"max_hp_loss":0.0,"gold_gain":0.0,"event_name":"The Cleric","player_choice":"Card Removal","floor":4.0,"gold_loss":75.0,"damage_taken":0.0},{"damage_healed":0.0,"max_hp_gain":0.0,"max_hp_loss":0.0,"gold_gain":75.0,"event_name":"World of Goop","player_choice":"Gather Gold","floor":5.0,"gold_loss":0.0,"damage_taken":11.0},{"damage_healed":0.0,"max_hp_gain":0.0,"max_hp_loss":6.0,"gold_gain":0.0,"event_name":"Golden Idol","player_choice":"Lose Max HP","floor":12.0,"gold_loss":0.0,"damage_taken":0.0,"relics_obtained":["Golden Idol"]},{"damage_healed":0.0,"max_hp_gain":0.0,"max_hp_loss":0.0,"gold_gain":0.0,"event_name":"Ghosts","player_choice":"Ignored","floor":29.0,"gold_loss":0.0,"damage_taken":0.0},{"damage_healed":0.0,"max_hp_gain":0.0,"max_hp_loss":0.0,"gold_gain":0.0,"event_name":"WeMeetAgain","player_choice":"Gave Potion","floor":36.0,"gold_loss":0.0,"damage_taken":0.0,"relics_obtained":["Paper Crane"]}],"is_beta":false,"boss_relics":[{"not_picked":["Calling Bell","Coffee Dripper"],"picked":"Philosopher\u0027s Stone"},{"not_picked":["Empty Cage","Cursed Key"],"picked":"Black Star"}],"items_purged_floors":[],"is_endless":false,"potions_floor_spawned":[1,3,7,16,20,27,31,33,35,38,40,41,47],"killed_by":"Time Eater","ascension_level":20}}