{"host":"x73jdofm2fk9hsud","time":1614453696,"event":{"mods":["BaseMod","Bestiary","Minty Spire (QoL Compilation)","Relic Stats","ojb\u0027s Better Paths Mod","ojb\u0027s Info Mod"],"gold_per_floor":[116,87,87,5,5,43,43,86,112,112,132,167,190,234,234,336,363,382,167,190,219,243,243,264,264,289,325,334,120,134,134,134,234,234,254,82,163,496,519,519,539,406,406,450,450,285,285,285,285,285,285,285,285,34,76,76],"floor_reached":57,"language":"ENG","playtime":2380,"items_purged":["Zap","Ball Lightning","Barrage","Defend_B","Defend_B"],"score":2773,"play_id":"43fdb13b-8eb7-4214-8a47-454e25f351a8","local_time":"20210227142136","is_ascension_mode":true,"campfire_choices":[{"data":"Darkness","floor":7,"key":"SMITH"},{"data":"Loop","floor":10,"key":"SMITH"},{"data":"Go for the Eyes","floor":15,"key":"SMITH"},{"data":"Conserve Battery","floor":23,"key":"SMITH"},{"floor":25,"key":"REST"},{"floor":32,"key":"REST"},{"floor":40,"key":"RECALL"},{"data":"Multi-Cast","floor":45,"key":"SMITH"},{"data":"Reinforced Body","floor":47,"key":"SMITH"},{"floor":49,"key":"REST"},{"data":"Coolheaded","floor":53,"key":"SMITH"}],"circlet_count":0,"master_deck":["AscendersBane","Defend_B","Defend_B","Dualcast","Undo","Go for the Eyes+1","Darkness+1","Loop+1","Self Repair+1","Genetic Algorithm","Coolheaded+1","Creative AI","Darkness+1","Reboot+1","Heatsinks+1","Defragment+1","Conserve Battery+1","Echo Form","Multi-Cast+1","Coolheaded","Defragment+1","Capacitor+1","Reinforced Body+1","Capacitor","Conserve Battery+1","Coolheaded+1"],"relics":["Cracked Core","NeowsBlessing","Art of War","Thread and Needle","Smiling Mask","Girya","CeramicFish","Astrolabe","DataDisk","Tiny Chest","Bronze Scales","OrangePellets","Snecko Eye","Membership Card","Happy Flower","Akabeko","Chemical X","Toxic Egg 2","Runic Capacitor","Centennial Puzzle","Anchor"],"acts_visited":["Exordium","TheCity","TheBeyond","TheEnding"],"potions_floor_usage":[14,16,24,27,56],"damage_taken":[{"damage":0,"enemies":"Small Slimes","floor":1,"turns":1},{"damage":0,"enemies":"3 Sentries","floor":6,"turns":1},{"damage":0,"enemies":"Gremlin Nob","floor":8,"turns":1},{"damage":0,"enemies":"Jaw Worm","floor":11,"turns":2},{"damage":29,"enemies":"3 Sentries","floor":12,"turns":8},{"damage":0,"enemies":"2 Louse","floor":13,"turns":4},{"damage":35,"enemies":"Gremlin Nob","floor":14,"turns":4},{"damage":17,"enemies":"The Guardian","floor":16,"turns":11},{"damage":17,"enemies":"3 Byrds","floor":18,"turns":4},{"damage":1,"enemies":"Shell Parasite","floor":20,"turns":4},{"damage":26,"enemies":"Shelled Parasite and Fungi","floor":21,"turns":5},{"damage":0,"enemies":"Snecko","floor":22,"turns":5},{"damage":16,"enemies":"Cultist and Chosen","floor":24,"turns":4},{"damage":27,"enemies":"Gremlin Leader","floor":27,"turns":12},{"damage":3,"enemies":"Centurion and Healer","floor":30,"turns":8},{"damage":30,"enemies":"Collector","floor":33,"turns":9},{"damage":0,"enemies":"3 Darklings","floor":35,"turns":3},{"damage":11,"enemies":"3 Shapes","floor":39,"turns":8},{"damage":34,"enemies":"3 Darklings","floor":41,"turns":8},{"damage":10,"enemies":"Nemesis","floor":44,"turns":11},{"damage":22,"enemies":"Donu and Deca","floor":50,"turns":14},{"damage":4,"enemies":"Time Eater","floor":51,"turns":10},{"damage":10,"enemies":"Shield and Spear","floor":55,"turns":5},{"damage":20,"enemies":"The Heart","floor":56,"turns":11}],"seed_played":"4176752460352222501","potions_obtained":[{"floor":1,"key":"Strength Potion"},{"floor":12,"key":"PotionOfCapacity"},{"floor":18,"key":"EssenceOfSteel"},{"floor":20,"key":"AttackPotion"},{"floor":22,"key":"Energy Potion"},{"floor":41,"key":"SkillPotion"},{"floor":44,"key":"LiquidBronze"}],"is_trial":false,"path_per_floor":["M","$","?","$","?","E","R","E","T","R","M","E","M","E","R","B",null,"M","$","M","M","M","R","M","R","T","E","?","$","M","?","R","B",null,"M","$","T","?","M","R","M","$","T","E","R","$","R","?","R","B","B",null,"R","$","E","B",null],"character_chosen":"DEFECT","items_purchased":["Ball Lightning","Barrage","Go for the Eyes","DataDisk","OrangePellets","Membership Card","Happy Flower","Chemical X","Reinforced Body","Runic Capacitor","Centennial Puzzle","Capacitor","Conserve Battery+1"],"campfire_rested":3,"item_purchase_floors":[2,4,4,19,29,36,42,46,46,54,54,54,54],"current_hp_per_floor":[64,64,64,64,64,64,64,64,64,64,64,42,49,21,21,11,51,41,41,40,21,28,28,19,38,38,18,18,18,22,22,41,21,53,53,53,53,53,62,62,38,38,38,48,48,48,48,48,64,62,64,64,64,64,64,54],"gold":76,"neow_bonus":"THREE_ENEMY_KILL","is_daily":false,"chose_seed":false,"campfire_upgraded":7,"win_rate":0.0,"timestamp":1614453696,"path_taken":["M","$","?","$","?","E","R","E","T","R","M","E","M","E","R","BOSS","M","$","M","M","M","R","M","R","T","E","?","$","M","?","R","BOSS","M","?","?","?","?","R","M","$","T","E","R","$","R","?","R","BOSS","BOSS","R","$","E","BOSS"],"items_purchased_type":["Card","Card","Card","Relic","Relic","Relic","Relic","Relic","Card","Relic","Relic","Card","Card"],"build_version":"2020-12-22","purchased_purges":5,"victory":true,"max_hp_per_floor":[71,71,64,64,64,64,64,64,64,64,64,64,64,64,64,64,64,64,64,64,64,64,64,64,64,64,64,64,64,64,64,64,64,64,64,64,64,64,64,64,64,64,64,64,64,64,64,64,64,64,64,64,64,64,64,64],"relic_stats":{"Happy Flower":[17],"counters":[24,152],"CeramicFish":135,"Astrolabe":["Darkness","Reboot","Heatsinks"],"Smiling Mask":151,"OrangePellets":[10],"Centennial Puzzle":[5],"Bronze Scales":[406],"Snecko Eye":[70,80,68,84],"Tiny Chest":1,"Art of War":[92],"Chemical X":[24],"obtain_stats":[{"Girya":12,"NeowsBlessing":0,"Happy Flower":42,"Golden Idol":3,"CeramicFish":14,"Astrolabe":17,"Thread and Needle":8,"Runic Capacitor":54,"Smiling Mask":9,"Akabeko":44,"OrangePellets":29,"DataDisk":19,"Centennial Puzzle":54,"Anchor":55,"Bronze Scales":27,"Snecko Eye":34,"Tiny Chest":26,"Art of War":6,"Membership Card":36,"Chemical X":46,"Toxic Egg 2":48,"Cracked Core":0},{"Girya":5,"NeowsBlessing":0,"Happy Flower":19,"Golden Idol":1,"CeramicFish":7,"Astrolabe":8,"Thread and Needle":3,"Runic Capacitor":22,"Smiling Mask":3,"Akabeko":20,"OrangePellets":14,"DataDisk":9,"Centennial Puzzle":22,"Anchor":23,"Bronze Scales":14,"Snecko Eye":16,"Tiny Chest":13,"Art of War":2,"Membership Card":17,"Chemical X":20,"Toxic Egg 2":20,"Cracked Core":0},{"Girya":13,"NeowsBlessing":0,"Happy Flower":101,"Golden Idol":1,"CeramicFish":21,"Astrolabe":32,"Thread and Needle":3,"Runic Capacitor":136,"Smiling Mask":3,"Akabeko":112,"OrangePellets":66,"DataDisk":36,"Centennial Puzzle":136,"Anchor":141,"Bronze Scales":66,"Snecko Eye":83,"Tiny Chest":54,"Art of War":2,"Membership Card":86,"Chemical X":112,"Toxic Egg 2":112,"Cracked Core":0}]},"card_choices":[{"not_picked":["Fusion","Leap"],"picked":"Undo","floor":1},{"not_picked":["Turbo","Coolheaded"],"picked":"Darkness","floor":6},{"not_picked":["Reprogram","Redo"],"picked":"Loop","floor":8},{"not_picked":["Coolheaded","Steam"],"picked":"Self Repair","floor":11},{"not_picked":["Stack","Cold Snap"],"picked":"Genetic Algorithm","floor":12},{"not_picked":["Ball Lightning","Hologram"],"picked":"Coolheaded","floor":13},{"not_picked":["Reprogram","Meteor Strike","Melter"],"picked":"SKIP","floor":14},{"not_picked":["Buffer","Fission"],"picked":"Creative AI","floor":16},{"not_picked":["Force Field","Auto Shields","Doom and Gloom"],"picked":"SKIP","floor":18},{"not_picked":["Streamline+1","Scrape","FTL"],"picked":"SKIP","floor":20},{"not_picked":["Recycle","Tempest"],"picked":"Defragment+1","floor":21},{"not_picked":["Compile Driver","Cold Snap"],"picked":"Conserve Battery","floor":22},{"not_picked":["Auto Shields","Melter","Rip and Tear"],"picked":"SKIP","floor":24},{"not_picked":["Lockon","Fusion","Barrage"],"picked":"SKIP","floor":27},{"not_picked":["Barrage","Stack","Compile Driver"],"picked":"SKIP","floor":30},{"not_picked":["Fission","Thunder Strike"],"picked":"Multi-Cast","floor":33},{"not_picked":["Hologram","Reprogram","Go for the Eyes+1"],"picked":"SKIP","floor":35},{"not_picked":["Cold Snap","Storm"],"picked":"Coolheaded","floor":39},{"not_picked":["Cold Snap","Stack"],"picked":"Defragment+1","floor":41},{"not_picked":["Multi-Cast","Barrage"],"picked":"Capacitor+1","floor":44},{"not_picked":["Barrage","Stack+1"],"picked":"Coolheaded+1","floor":55}],"player_experience":5448214,"relics_obtained":[{"floor":6,"key":"Art of War"},{"floor":8,"key":"Thread and Needle"},{"floor":9,"key":"Smiling Mask"},{"floor":12,"key":"Girya"},{"floor":14,"key":"CeramicFish"},{"floor":26,"key":"Tiny Chest"},{"floor":27,"key":"Bronze Scales"},{"floor":44,"key":"Akabeko"},{"floor":55,"key":"Anchor"}],"event_choices":[{"damage_healed":0,"gold_gain":0,"player_choice":"Lose Max HP","damage_taken":0,"relics_obtained":["Golden Idol"],"max_hp_gain":0,"max_hp_loss":7,"event_name":"Golden Idol","floor":3,"gold_loss":0},{"cards_removed":["Strike_B"],"damage_healed":0,"gold_gain":0,"player_choice":"Forget","damage_taken":0,"max_hp_gain":0,"max_hp_loss":0,"event_name":"Living Wall","floor":5,"gold_loss":0},{"damage_healed":0,"gold_gain":0,"player_choice":"Read","damage_taken":0,"max_hp_gain":0,"max_hp_loss":0,"event_name":"The Library","floor":28,"gold_loss":0,"cards_obtained":["Echo Form"]},{"damage_healed":0,"gold_gain":0,"player_choice":"Upgraded","damage_taken":0,"max_hp_gain":0,"max_hp_loss":0,"event_name":"Upgrade Shrine","floor":31,"gold_loss":0,"cards_upgraded":["Self Repair"]},{"damage_healed":0,"gold_gain":333,"player_choice":"Gave Idol","damage_taken":0,"max_hp_gain":0,"max_hp_loss":0,"event_name":"The Moai Head","floor":38,"relics_lost":["Golden Idol"],"gold_loss":0},{"damage_healed":0,"gold_gain":0,"player_choice":"Gave Potion","damage_taken":0,"relics_obtained":["Toxic Egg 2"],"max_hp_gain":0,"max_hp_loss":0,"event_name":"WeMeetAgain","floor":48,"gold_loss":0}],"is_beta":false,"boss_relics":[{"not_picked":["Nuclear Battery","SacredBark"],"picked":"Astrolabe"},{"not_picked":["Runic Dome","Calling Bell"],"picked":"Snecko Eye"}],"items_purged_floors":[19,29,42,46,54],"is_endless":false,"potions_floor_spawned":[1,12,18,20,22,41,44],"ascension_level":20}}