{"host":"h49usdrjeju7gyhi","time":1614400097,"event":{"mods":["BaseMod","Bestiary","Colored Map","Minty Spire (QoL Compilation)","StSLib","The Animator"],"gold_per_floor":[99,99,99,99,55,55,55,55,55,55,55,55,55,55],"floor_reached":13,"language":"ENG","playtime":557,"items_purged":[],"score":166,"play_id":"d76c4e87-d8a6-4728-a3d6-a48bba7aa358","local_time":"20210226232817","is_ascension_mode":true,"campfire_choices":[{"data":"animator:MetalKnight","floor":6,"key":"SMITH"},{"floor":8,"key":"REST"},{"data":"animator:Togame","floor":10,"key":"SMITH"}],"circlet_count":0,"master_deck":["AscendersBane","animator:Strike_GoblinSlayer","animator:Defend_GoblinSlayer","animator:Strike","animator:Strike","animator:Defend","animator:Defend","animator:Defend","animator:LizardPriest","animator:DwarfShaman","animator:Togame+1","animator:GuildGirl","animator:MetalKnight+1","animator:DwarfShaman","animator:CowGirl","Regret","animator:LizardPriest"],"relics":["animator:TheMissingPiece","animator:PurgingStone","Ectoplasm","Frozen Egg 2","Pantograph","MealTicket"],"acts_visited":["Exordium"],"potions_floor_usage":[4,13,13],"damage_taken":[{"damage":7,"enemies":"2 Louse","floor":1,"turns":3},{"damage":2,"enemies":"Jaw Worm","floor":2,"turns":5},{"damage":6,"enemies":"Cultist","floor":3,"turns":4},{"damage":12,"enemies":"Exordium Thugs","floor":4,"turns":5},{"damage":9,"enemies":"Lagavulin","floor":7,"turns":6},{"damage":38,"enemies":"Gremlin Nob","floor":13,"turns":4}],"seed_played":"-2500684980007599422","potions_obtained":[{"floor":1,"key":"Weak Potion"},{"floor":2,"key":"GamblersBrew"},{"floor":4,"key":"animator:FalseLifePotion"}],"is_trial":false,"path_per_floor":["M","M","M","M","?","R","E","R","T","R","?","?","E"],"character_chosen":"THE_ANIMATOR","items_purchased":[],"campfire_rested":1,"item_purchase_floors":[],"current_hp_per_floor":[47,45,39,27,27,27,19,37,37,37,37,37,0,0],"gold":55,"neow_bonus":"BOSS_RELIC","is_daily":false,"chose_seed":false,"campfire_upgraded":2,"win_rate":0.0,"timestamp":1614400097,"path_taken":["M","M","M","M","?","R","E","R","T","R","?","?","E"],"items_purchased_type":[],"build_version":"2020-12-22","purchased_purges":0,"victory":false,"max_hp_per_floor":[60,60,60,60,60,60,61,61,61,61,61,61,61,61],"card_choices":[{"not_picked":["animator:Shichika","animator:ShinjiMatou"],"picked":"animator:Togame","floor":1},{"not_picked":["animator:GazelDwargon","animator:Rena"],"picked":"animator:GuildGirl","floor":2},{"not_picked":["animator:Berserker","animator:Benimaru"],"picked":"animator:MetalKnight","floor":3},{"not_picked":["animator:GuildGirl","animator:Spearman"],"picked":"animator:DwarfShaman","floor":4},{"not_picked":["animator:Millim","animator:Spearman"],"picked":"animator:CowGirl","floor":7}],"player_experience":1625474,"relics_obtained":[{"floor":7,"key":"Frozen Egg 2"},{"floor":9,"key":"Pantograph"}],"event_choices":[{"damage_healed":0,"gold_gain":0,"player_choice":"Left Gold","damage_taken":0,"max_hp_gain":0,"max_hp_loss":0,"event_name":"World of Goop","floor":5,"gold_loss":44},{"damage_healed":0,"gold_gain":0,"player_choice":"Box","damage_taken":0,"relics_obtained":["MealTicket"],"max_hp_gain":0,"max_hp_loss":0,"event_name":"Big Fish","floor":11,"gold_loss":0,"cards_obtained":["Regret"]},{"damage_healed":0,"gold_gain":0,"cards_transformed":["animator:Strike"],"player_choice":"Transformed","damage_taken":0,"max_hp_gain":0,"max_hp_loss":0,"event_name":"Transmorgrifier","floor":12,"gold_loss":0,"cards_obtained":["animator:LizardPriest"]}],"is_beta":false,"boss_relics":[],"items_purged_floors":[],"is_endless":false,"potions_floor_spawned":[1,2,4],"killed_by":"Gremlin Nob","ascension_level":20}}