{"host":"i0avyit1s6jb1siw","time":1614415789,"event":{"mods":["BaseMod","DeckTracker","Dota2Spire","Minty Spire (QoL Compilation)","Quick Restart","StSLib","SuperFastMode"],"gold_per_floor":[118,43,58,69,13,13,42,54,54,78,78,91,91,129,143,143,239,239,259,13,31,31,31,31,47,47,47,47,47],"floor_reached":28,"language":"ENG","playtime":745,"items_purged":["Strike_R"],"score":506,"play_id":"077f2c93-5608-4d70-932a-271bd8eb0df4","local_time":"20210227094949","is_ascension_mode":true,"campfire_choices":[{"data":"Bludgeon","floor":6.0,"key":"SMITH"},{"data":"Body Slam","floor":13.0,"key":"SMITH"},{"data":"Feel No Pain","floor":16.0,"key":"SMITH"},{"floor":24,"key":"REST"},{"data":"True Grit","floor":26,"key":"SMITH"}],"circlet_count":0,"master_deck":["AscendersBane","Strike_R","Defend_R","Defend_R","Defend_R","Defend_R","Bash","Clash","Bludgeon+1","Blood for Blood","Ghostly Armor","Body Slam+1","Feel No Pain+1","Barricade","Second Wind","Sentinel","True Grit+1"],"relics":["Burning Blood","Boot","Ancient Tea Set","Omamori","Golden Idol","Blue Candle","Calling Bell","Dota2Spire:DrumOfEndurance","Mummified Hand","Charon\u0027s Ashes","Anchor","Vajra","Dota2Spire:EtherealBlade"],"acts_visited":["Exordium","TheCity"],"potions_floor_usage":[17,17,28],"damage_taken":[{"damage":8.0,"enemies":"Small Slimes","floor":1.0,"turns":3.0},{"damage":2.0,"enemies":"Jaw Worm","floor":3.0,"turns":3.0},{"damage":0.0,"enemies":"2 Louse","floor":4.0,"turns":3.0},{"damage":25.0,"enemies":"Lagavulin","floor":7.0,"turns":7.0},{"damage":4.0,"enemies":"Red Slaver","floor":8.0,"turns":3.0},{"damage":5.0,"enemies":"Blue Slaver","floor":12.0,"turns":2.0},{"damage":0.0,"enemies":"Gremlin Nob","floor":14.0,"turns":2.0},{"damage":15.0,"enemies":"Exordium Wildlife","floor":15.0,"turns":4.0},{"damage":27,"enemies":"Slime Boss","floor":17,"turns":8},{"damage":37,"enemies":"Shell Parasite","floor":19,"turns":4},{"damage":14,"enemies":"3 Byrds","floor":21,"turns":4},{"damage":20,"enemies":"Snake Plant","floor":25,"turns":4},{"damage":32,"enemies":"Gremlin Leader","floor":28,"turns":4}],"seed_played":"-6588520927957197759","potions_obtained":[{"floor":4.0,"key":"Weak Potion"},{"floor":12.0,"key":"DistilledChaos"},{"floor":17,"key":"Swift Potion"},{"floor":21,"key":"Ancient Potion"}],"is_trial":false,"path_per_floor":["M","?","M","M","$","R","E","M","T","T","?","M","R","E","M","R","B",null,"M","$","M","?","?","R","M","R","T","E"],"character_chosen":"IRONCLAD","items_purchased":["Strength Potion","Anchor"],"campfire_rested":1,"item_purchase_floors":[5,20],"current_hp_per_floor":[48,48,52,58,58,58,39,41,41,41,41,42,42,48,39,39,18,56,25,25,17,17,17,37,23,23,23,0,0],"gold":47,"neow_bonus":"TRANSFORM_TWO_CARDS","is_daily":false,"chose_seed":false,"campfire_upgraded":4,"win_rate":0.0,"timestamp":1614415789,"path_taken":["M","?","M","M","$","R","E","M","T","T","?","M","R","E","M","R","BOSS","M","$","M","?","?","R","M","R","T","E"],"items_purchased_type":["Potion","Relic"],"build_version":"2020-12-22","purchased_purges":1,"victory":false,"max_hp_per_floor":[75,75,75,75,75,75,75,75,75,75,68,68,68,68,68,68,68,68,68,68,68,68,68,68,68,68,68,68,68],"card_choices":[{"not_picked":["True Grit","Clothesline"],"picked":"Blood for Blood","floor":1.0},{"not_picked":["Sword Boomerang","Perfected Strike","Blood for Blood"],"picked":"SKIP","floor":3.0},{"not_picked":["Clash","True Grit"],"picked":"Ghostly Armor","floor":4.0},{"not_picked":["Metallicize","Ghostly Armor"],"picked":"Body Slam","floor":7.0},{"not_picked":["Pommel Strike","Heavy Blade"],"picked":"Feel No Pain","floor":8.0},{"not_picked":["Sever Soul","Heavy Blade","Anger"],"picked":"SKIP","floor":12.0},{"not_picked":["Sword Boomerang","Brutality","Havoc"],"picked":"SKIP","floor":14.0},{"not_picked":["Anger","Clash","Carnage"],"picked":"SKIP","floor":15.0},{"not_picked":["Feed","Reaper"],"picked":"Barricade","floor":17},{"not_picked":["Flex","Dual Wield"],"picked":"Second Wind","floor":19},{"not_picked":["Intimidate","Heavy Blade"],"picked":"Sentinel","floor":21},{"not_picked":["Pommel Strike","Clothesline"],"picked":"True Grit","floor":25}],"player_experience":2529385,"relics_obtained":[{"floor":7.0,"key":"Boot"},{"floor":9.0,"key":"Ancient Tea Set"},{"floor":10.0,"key":"Omamori"},{"floor":14.0,"key":"Blue Candle"},{"floor":18,"key":"Dota2Spire:DrumOfEndurance"},{"floor":18,"key":"Mummified Hand"},{"floor":18,"key":"Charon\u0027s Ashes"},{"floor":27,"key":"Dota2Spire:EtherealBlade"}],"event_choices":[{"cards_removed":["Strike_R"],"damage_healed":0.0,"max_hp_gain":0.0,"max_hp_loss":0.0,"gold_gain":0.0,"event_name":"The Cleric","player_choice":"Card Removal","floor":2.0,"gold_loss":75.0,"damage_taken":0.0},{"damage_healed":0.0,"max_hp_gain":0.0,"max_hp_loss":7.0,"gold_gain":0.0,"event_name":"Golden Idol","player_choice":"Lose Max HP","floor":11.0,"gold_loss":0.0,"damage_taken":0.0,"relics_obtained":["Golden Idol"]},{"damage_healed":0,"gold_gain":0,"player_choice":"Ignored","damage_taken":0,"max_hp_gain":0,"max_hp_loss":0,"event_name":"Cursed Tome","floor":22,"gold_loss":0},{"damage_healed":0,"gold_gain":0,"player_choice":"Opened","damage_taken":0,"relics_obtained":["Vajra"],"max_hp_gain":0,"max_hp_loss":0,"event_name":"The Mausoleum","floor":23,"gold_loss":0,"cards_obtained":["Writhe"]}],"is_beta":false,"boss_relics":[{"not_picked":["Empty Cage","Tiny House"],"picked":"Calling Bell"}],"items_purged_floors":[20],"is_endless":false,"potions_floor_spawned":[4,12,14,15,17,21],"killed_by":"Gremlin Leader","ascension_level":20}}