{"host":"t6w2q9o6m1ipuhb5","time":1614393631,"event":{"mods":["100% Spire Juice","2.2 Compatiblity","Abigail Mod","AchievementEnabler","Act Like it!","Aspiration","Aya Shameimaru","BaseMod","Better Third Choice","BetterRewards","CapriCore","Chen","Colored Map","Colored Powertips","Conspire","Curses Come First","Dark Map","Downfall","Friendly Minions","Gensokyo","GifTheSpireLib","Halation","Hallownest","Hermit","Highlight Path","Hubris","Infinite Spire","Koishi","Marisa????????","Mimic Mod","Minty Spire (QoL Compilation)","Onozuka Komachi Mod","Permanent Neow","Prisma Mod","Quick Restart","Reimu??????","Remilia??????","Replay The Spire","StSLib","SuperFastMode","Td1madao Mod","The Alterego","The Bug Knight","The Immortal","The Saiyan","The Senshi","The Servant 0.9.4","The Wild Card","Waifu the Spire","??????REMEMod"],"gold_per_floor":[111,121,121,121,135,165,165,165,200,4,4,4,4,15,15,110,110,128,143,31,44,64,64,74,74,97,97,123,151,26,53,53,117,117,155,155,159,178,210,214,214],"floor_reached":40,"language":"ENG","playtime":3062,"items_purged":["theWildCard:PaleRider","theWildCard:Scathach"],"score":417,"play_id":"1bdfcba9-63b8-425a-b17b-032942291831","local_time":"20210226214031","is_ascension_mode":false,"campfire_choices":[{"data":"theWildCard:PowerOfTheArcana","floor":7,"key":"SMITH"},{"data":"theWildCard:StingingStrike","floor":11,"key":"SMITH"},{"data":"theWildCard:Attunement","floor":15,"key":"SMITH"},{"floor":23,"key":"REST"},{"floor":25,"key":"REST"},{"floor":27,"key":"REST"},{"floor":32,"key":"REST"}],"circlet_count":0,"master_deck":["theWildCard:BasicStrike","theWildCard:BasicStrike","theWildCard:BasicStrike","theWildCard:BasicStrike","theWildCard:BasicDefend","theWildCard:BasicDefend","theWildCard:BasicDefend","theWildCard:BasicDefend","theWildCard:CallToAdventure","theWildCard:Arsene+1","shameimaru:GaleBlade","theWildCard:PowerOfTheArcana+1","theWildCard:Patience","Burn","theWildCard:ArcanaArtistry","theWildCard:Arsene","theWildCard:StingingStrike+1","theWildCard:ArcanaArtistry","theWildCard:Attunement+1","theWildCard:TheArcanaUnleashed","theWildCard:BladeOfGenerations+1","theWildCard:Attunement","theWildCard:ArchaicAssault","theWildCard:ArcanaArtistry","theWildCard:MaskChange+1","theWildCard:ArcaneArts","theWildCard:Loki","theWildCard:Proficiency","theWildCard:FinalHour","AbeCurse","theWildCard:Unburden+1","theWildCard:StingingStrike","Parasite","theWildCard:TheGreatSeal+1","theWildCard:BladeOfGenerations"],"relics":["theWildCard:VelvetContract","REME_ComplimentaryCards","Juzu Bracelet","Membership Card","CultistMask","Velvet Choker","Replay:Bandana","REME_OnlineShoppingPlatform","Abe\u0027s Treasure","Sozu","ClockworkSouvenir"],"acts_visited":["Exordium","TheCity","TheBeyond"],"potions_floor_usage":[16,18,22,24,33,33,37],"damage_taken":[{"damage":1,"enemies":"Small Slimes","floor":1,"turns":3},{"damage":0,"enemies":"2 Louse","floor":2,"turns":2},{"damage":0,"enemies":"Cultist","floor":5,"turns":3},{"damage":20,"enemies":"Lagavulin","floor":6,"turns":7},{"damage":0,"enemies":"2 Fungi Beasts","floor":9,"turns":5},{"damage":2,"enemies":"2 Fungi Beasts","floor":14,"turns":4},{"damage":37,"enemies":"The Guardian","floor":16,"turns":8},{"damage":35,"enemies":"3 Byrds","floor":18,"turns":5},{"damage":10,"enemies":"Shell Parasite","floor":19,"turns":4},{"damage":12,"enemies":"Shelled Parasite and Fungi","floor":21,"turns":6},{"damage":0,"enemies":"Snake Plant","floor":22,"turns":3},{"damage":10,"enemies":"Centurion and Healer","floor":24,"turns":5},{"damage":21,"enemies":"Shelled Parasite and Fungi","floor":28,"turns":6},{"damage":14,"enemies":"Snake Plant","floor":29,"turns":5},{"damage":10,"enemies":"Centurion and Healer","floor":31,"turns":6},{"damage":11,"enemies":"Collector","floor":33,"turns":8},{"damage":8,"enemies":"3 Shapes","floor":35,"turns":5},{"damage":13,"enemies":"Orb Walker","floor":37,"turns":3},{"damage":5,"enemies":"Writhing Mass","floor":38,"turns":7},{"damage":28,"enemies":"Transient","floor":39,"turns":5},{"damage":7,"enemies":"Reptomancer","floor":40,"turns":1}],"seed_played":"-3662561215663284646","potions_obtained":[{"floor":1,"key":"GrandPatriotsElixir:ReiMu"},{"floor":14,"key":"LiquidBronze"},{"floor":16,"key":"AttackPotion"},{"floor":19,"key":"SteroidPotion"},{"floor":22,"key":"ColorlessPotion"},{"floor":28,"key":"bronze:BurnAndBuffPotion"}],"is_trial":false,"path_per_floor":["M","M","?","?","M","E","R","?","MIM","$","R","?","$","M","R","B",null,"M","M","$","M","M","R","M","R","T","R","M","M","$","M","R","B",null,"M","AVR","M","M","M","E"],"character_chosen":"THE_WILD_CARD","items_purchased":["theWildCard:ArcanaArtistry","Membership Card","theWildCard:ArchaicAssault","theWildCard:ArcanaArtistry","REME_OnlineShoppingPlatform"],"campfire_rested":4,"item_purchase_floors":[10,10,20,20,30],"current_hp_per_floor":[59,59,59,59,59,39,39,39,39,39,39,39,39,40,40,3,60,25,18,18,6,6,24,14,32,32,50,29,15,15,5,23,12,60,52,52,39,34,6,0,0],"gold":214,"neow_bonus":"RANDOM_EVENT","is_daily":false,"chose_seed":false,"campfire_upgraded":3,"win_rate":0.0,"timestamp":1614393631,"path_taken":["M","M","?","?","M","E","R","?","MIM","$","R","?","$","M","R","BOSS","M","M","$","M","M","R","M","R","T","R","M","M","$","M","R","BOSS","M","AVR","M","M","M","E"],"items_purchased_type":["Card","Relic","Card","Card","Relic"],"build_version":"2020-12-22","purchased_purges":2,"victory":false,"max_hp_per_floor":[60,60,60,60,60,60,60,60,60,60,60,60,60,60,60,60,60,60,60,60,60,60,60,60,60,60,60,60,60,60,60,60,60,60,60,60,60,60,60,60,60],"card_choices":[{"not_picked":["theWildCard:Safeguard","theWildCard:EnergizedStroke"],"picked":"theWildCard:PowerOfTheArcana","floor":1},{"not_picked":["theWildCard:EnergyTheft","theWildCard:PaleRider"],"picked":"theWildCard:Patience","floor":2},{"not_picked":["theWildCard:UnderLockAndKey","theWildCard:PaleRider"],"picked":"theWildCard:ArcanaArtistry","floor":5},{"not_picked":["theWildCard:MaskChange","theWildCard:Patience"],"picked":"theWildCard:PaleRider","floor":6},{"not_picked":["theWildCard:StalwartBlade","theWildCard:PaleRider"],"picked":"theWildCard:Scathach","floor":9},{"not_picked":["theWildCard:IdentityTheft","theWildCard:Safeguard"],"picked":"theWildCard:Attunement","floor":14},{"not_picked":["theWildCard:Satanael","theWildCard:Ruination"],"picked":"theWildCard:TheArcanaUnleashed","floor":16},{"not_picked":["theWildCard:StingingStrike","theWildCard:PaleRider"],"picked":"theWildCard:BladeOfGenerations+1","floor":18},{"not_picked":["theWildCard:Alice","theWildCard:SeveringSlash"],"picked":"theWildCard:Attunement","floor":19},{"not_picked":["theWildCard:MagicalMight","theWildCard:Michael","theWildCard:Scathach"],"picked":"SKIP","floor":21},{"not_picked":["theWildCard:Salvation","theWildCard:PowerOfTheArcana"],"picked":"theWildCard:MaskChange+1","floor":22},{"not_picked":["theWildCard:Thanatos","theWildCard:ShieldOfMany+1","theWildCard:Scathach"],"picked":"SKIP","floor":24},{"not_picked":["theWildCard:SeveringSlash+1","theWildCard:MagicalMight+1"],"picked":"theWildCard:ArcaneArts","floor":28},{"not_picked":["theWildCard:Patience","theWildCard:TheGreatSeal"],"picked":"theWildCard:Loki","floor":29},{"not_picked":["theWildCard:Patience+1","theWildCard:PowerOfTheArcana"],"picked":"theWildCard:Proficiency","floor":31},{"not_picked":["theWildCard:Deicide","theWildCard:Thanatos"],"picked":"theWildCard:FinalHour","floor":33},{"not_picked":["theWildCard:SacrificialStroke","theWildCard:Polydeuces"],"picked":"theWildCard:Unburden+1","floor":35},{"not_picked":["theWildCard:Patience+1","theWildCard:MagicalMight+1"],"picked":"theWildCard:StingingStrike","floor":37},{"not_picked":["theWildCard:MagicMettle","theWildCard:SeveringSlash"],"picked":"theWildCard:TheGreatSeal+1","floor":38},{"not_picked":["theWildCard:PaleRider","theWildCard:Metatron+1"],"picked":"theWildCard:BladeOfGenerations","floor":39}],"player_experience":299903,"relics_obtained":[{"floor":6,"key":"Juzu Bracelet"},{"floor":26,"key":"Replay:Bandana"}],"event_choices":[{"damage_healed":0,"gold_gain":0,"player_choice":"Leave","damage_taken":0,"max_hp_gain":0,"max_hp_loss":0,"event_name":"The Cleric","floor":3,"gold_loss":0},{"damage_healed":59,"gold_gain":0,"player_choice":"Embrace Burn","damage_taken":0,"max_hp_gain":0,"max_hp_loss":60,"event_name":"betterThird:BetterShining","floor":4,"gold_loss":0},{"damage_healed":0,"gold_gain":0,"player_choice":"2 cards matched","damage_taken":0,"max_hp_gain":0,"max_hp_loss":0,"event_name":"Match and Keep!","floor":8,"gold_loss":0,"cards_obtained":["theWildCard:Arsene","theWildCard:StingingStrike"]},{"damage_healed":0,"gold_gain":0,"player_choice":"Trade","damage_taken":0,"relics_obtained":["CultistMask"],"max_hp_gain":0,"max_hp_loss":0,"event_name":"FaceTrader","floor":12,"gold_loss":0}],"is_beta":false,"boss_relics":[{"not_picked":["halation:ForbiddenBikini","Runic Pyramid"],"picked":"Velvet Choker"},{"not_picked":["Replay:Grab Bag","bronze:MakeshiftBattery"],"picked":"Abe\u0027s Treasure"}],"items_purged_floors":[20,30],"is_endless":false,"potions_floor_spawned":[1,14,16,19,22,28,33,38],"killed_by":"Reptomancer","ascension_level":0}}