{"host":"rwiy0nr47d6nmxat","time":1614440608,"event":{"mods":["2.2 Compatiblity","AchievementEnabler","Act Like it!","Aspiration","BaseMod","Better Note","Better Sensory Stone","Block Reminder","Challenge The Spire","Colored Map","Colored Powertips","Conspire","Curses Come First","Elementarium","Highlight Path","Hubris","Infinite Spire","Mad Scientist","Minty Spire (QoL Compilation)","Permanent Neow","Quick Restart","Rare Cards Sparkle","Reliquary","Replay The Spire","Ruina","Spire Arcade","StSLib","SuperFastMode","The Cursed","TheFirefly","slay the spire mod where everything is the same but ironclad has a cowboy hat"],"gold_per_floor":[114,128,0,16,16,48,64,75,75,75,193,206,206,232,232,331,331,343,343,343,361,381,381,381,381,381,408,424,457,477,20,20,121,121,138,158,11,30,46,80,80,5,28,28,56,74,86,100,100,100,100],"floor_reached":50,"language":"ENG","playtime":2450,"items_purged":["Defend_B","Defend_B"],"score":608,"play_id":"23829efe-ed4b-4caa-a577-41ee103185d0","local_time":"20210227104328","is_ascension_mode":false,"campfire_choices":[{"data":"Loop","floor":13,"key":"SMITH"},{"data":"Zap","floor":15,"key":"SMITH"},{"data":"Hello World","floor":15,"key":"SMITH"},{"data":"BootSequence","floor":23,"key":"SMITH"},{"data":"Ball Lightning","floor":23,"key":"SMITH"},{"data":"Hologram","floor":25,"key":"SMITH"},{"data":"Hologram","floor":25,"key":"SMITH"},{"data":"Hologram","floor":32,"key":"SMITH"},{"data":"Leap","floor":32,"key":"SMITH"},{"data":"Pot Of Greed","floor":41,"key":"SMITH"},{"data":"Pot Of Greed","floor":41,"key":"SMITH"},{"data":"Turbo","floor":49,"key":"SMITH"},{"data":"Pot Of Greed","floor":49,"key":"SMITH"}],"circlet_count":0,"master_deck":["Strike_B","Strike_B","Strike_B","Strike_B+1","Defend_B","Defend_B+1","Zap+1","Dualcast","Gash","Loop+1","Leap+1","Turbo+1","Conserve Battery","BootSequence+1","Ball Lightning+1","Hologram+1","Redo","Hello World+1","Electrodynamics+1","hubris:NaturalOne","Leap","Undo+1","Hologram+1","Stack+1","Hologram+1","Gash+1","CurseOfTheBell","Reinforced Body+1","Barrage","Self Repair","Pot Of Greed+1","Pot Of Greed+1","Pot Of Greed+1","infinitespire:NeuralNetwork+1","Leap+1"],"relics":["Cracked Core","aspiration:Nostalgia","Burning Blood","infinitespire:EmpoweringShard","infinitespire:WardingShard","hubris:Icosahedron","Replay:Arrowhead","Busted Crown","aspiration:BursterCore","Simple Rune","reliquary:IridiumChain","hubris:SlimyHat","aspiration:AnachronicSnailShell","hubris:Potato","ReplayTheSpireMod:TigerMarble","Calling Bell","reliquary:Stiletto","Kunai","infinitespire:Magic Flask","infinitespire:Freezer","Grinning Jar","Boot","Bottled Flame","reliquary:Buckler"],"acts_visited":["Exordium","TheCity","TheBeyond"],"potions_floor_usage":[6,6,6,6,6,11,14,29,33,35,40,45,46],"damage_taken":[{"damage":4,"enemies":"Jaw Worm","floor":1,"turns":4},{"damage":8,"enemies":"2 Louse","floor":2,"turns":4},{"damage":5,"enemies":"Small Slimes","floor":4,"turns":4},{"damage":17,"enemies":"3 Sentries","floor":6,"turns":7},{"damage":9,"enemies":"Red Slaver","floor":7,"turns":4},{"damage":2,"enemies":"Large Slime","floor":8,"turns":5},{"damage":4,"enemies":"Exordium Thugs","floor":11,"turns":4},{"damage":9,"enemies":"3 Louse","floor":12,"turns":4},{"damage":21,"enemies":"Lagavulin","floor":14,"turns":8},{"damage":37,"enemies":"The Guardian","floor":16,"turns":14},{"damage":0,"enemies":"Shell Parasite","floor":18,"turns":4},{"damage":20,"enemies":"2 Thieves","floor":21,"turns":3},{"damage":5,"enemies":"Cultist and Chosen","floor":22,"turns":6},{"damage":28,"enemies":"Slavers","floor":27,"turns":3},{"damage":1,"enemies":"Snake Plant","floor":28,"turns":3},{"damage":0,"enemies":"Book of Stabbing","floor":29,"turns":6},{"damage":1,"enemies":"Chosen and Byrds","floor":30,"turns":4},{"damage":14,"enemies":"Collector","floor":33,"turns":7},{"damage":0,"enemies":"Orb Walker","floor":35,"turns":3},{"damage":0,"enemies":"3 Shapes","floor":36,"turns":4},{"damage":1,"enemies":"Spire Growth","floor":38,"turns":5},{"damage":0,"enemies":"Jaw Worm Horde","floor":39,"turns":5},{"damage":38,"enemies":"Reptomancer","floor":40,"turns":7},{"damage":57,"enemies":"Nightmare","floor":45,"turns":9},{"damage":6,"enemies":"Writhing Mass","floor":46,"turns":5},{"damage":3,"enemies":"Transient","floor":47,"turns":5},{"damage":0,"enemies":"4 Shapes","floor":48,"turns":5},{"damage":82,"enemies":"hubris:GrandSnecko","floor":50,"turns":12}],"seed_played":"7136542371825645644","potions_obtained":[{"floor":2,"key":"EntropicBrew"},{"floor":4,"key":"GamblersBrew"},{"floor":8,"key":"Fire Potion"},{"floor":11,"key":"Venom Potion"},{"floor":16,"key":"FearPotion"},{"floor":27,"key":"SpeedPotion"},{"floor":30,"key":"Block Potion"},{"floor":33,"key":"SkillPotion"},{"floor":39,"key":"Toxic Potion"},{"floor":40,"key":"Adrenaline Potion"},{"floor":45,"key":"Fire Potion"}],"is_trial":false,"path_per_floor":["M","M","$","M","?","E","M","M","T","?","M","M","R","E","R","B",null,"M","AVR","?","M","M","R","?","R","T","E","M","E","M","$","R","B",null,"M","M","$","M","M","E","R","$","T","AVR","NM","M","M","M","R","B"],"character_chosen":"DEFECT","items_purchased":["Loop","Leap","hubris:Potato","ReplayTheSpireMod:TigerMarble","infinitespire:Freezer"],"campfire_rested":0,"item_purchase_floors":[3,3,31,31,37],"current_hp_per_floor":[75,73,73,74,77,66,63,67,67,67,69,66,66,51,51,20,78,78,78,78,64,65,65,65,65,65,43,48,54,59,59,59,51,78,78,78,78,78,78,60,60,60,60,60,23,44,68,78,78,0,0],"gold":100,"neow_bonus":"NOSTALGIA","is_daily":false,"chose_seed":false,"campfire_upgraded":13,"win_rate":0.0,"timestamp":1614440608,"path_taken":["M","M","$","M","?","E","M","M","T","?","M","M","R","E","R","BOSS","M","AVR","?","M","M","R","?","R","T","E","?","E","M","$","R","BOSS","M","M","$","M","M","E","R","$","T","AVR","NM","M","M","M","R","BOSS"],"items_purchased_type":["Card","Card","Relic","Relic","Relic"],"build_version":"2020-12-22","purchased_purges":2,"victory":false,"max_hp_per_floor":[75,75,75,75,78,78,78,78,78,78,78,78,78,78,78,78,78,78,78,78,78,78,78,78,78,78,78,78,78,78,78,78,78,78,78,78,78,78,78,78,78,78,78,78,78,78,78,78,78,78,78],"card_choices":[{"not_picked":["ReplayGash","Compile Driver"],"picked":"Gash","floor":1},{"not_picked":["ReplayTheSpireMod:Calculation Training","hubris:PowerSurge","conspire:SharedLibrary"],"picked":"SKIP","floor":2},{"not_picked":["Panic Button","Heatsinks"],"picked":"Turbo","floor":4},{"not_picked":["Melter","Meteor Strike"],"picked":"Conserve Battery","floor":6},{"not_picked":["Force Field","Coolheaded"],"picked":"BootSequence","floor":7},{"not_picked":["Steam","Redo"],"picked":"Ball Lightning","floor":8},{"not_picked":["Defragment","Rebound"],"picked":"Hologram","floor":11},{"not_picked":["Thunder Strike","Steam"],"picked":"Redo","floor":12},{"not_picked":["aspiration:Polymerization","Undo"],"picked":"Hello World","floor":14},{"not_picked":["Amplify","Biased Cognition"],"picked":"Electrodynamics","floor":16},{"not_picked":[],"picked":"Leap","floor":18},{"not_picked":[],"picked":"Undo+1","floor":21},{"not_picked":[],"picked":"Steam","floor":22},{"not_picked":[],"picked":"Stack","floor":27},{"not_picked":[],"picked":"Hologram","floor":28},{"not_picked":["Steam Power"],"picked":"SKIP","floor":29},{"not_picked":[],"picked":"Gash+1","floor":30},{"not_picked":[],"picked":"Reinforced Body+1","floor":35},{"not_picked":[],"picked":"Barrage","floor":36},{"not_picked":["Cold Snap"],"picked":"SKIP","floor":38},{"not_picked":[],"picked":"Self Repair","floor":39},{"not_picked":["Cold Snap+1"],"picked":"SKIP","floor":40},{"not_picked":["infinitespire:Collect","infinitespire:Execution"],"picked":"infinitespire:NeuralNetwork","floor":45},{"not_picked":[],"picked":"Leap+1","floor":45},{"not_picked":["Stack"],"picked":"SKIP","floor":46},{"not_picked":["Conserve Battery"],"picked":"SKIP","floor":47},{"not_picked":["Consume"],"picked":"SKIP","floor":48}],"player_experience":84005,"relics_obtained":[{"floor":6,"key":"infinitespire:EmpoweringShard"},{"floor":9,"key":"infinitespire:WardingShard"},{"floor":14,"key":"Replay:Arrowhead"},{"floor":26,"key":"reliquary:IridiumChain"},{"floor":27,"key":"hubris:SlimyHat"},{"floor":29,"key":"aspiration:AnachronicSnailShell"},{"floor":34,"key":"reliquary:Stiletto"},{"floor":34,"key":"Kunai"},{"floor":34,"key":"infinitespire:Magic Flask"},{"floor":40,"key":"Grinning Jar"},{"floor":43,"key":"Boot"},{"floor":45,"key":"reliquary:Buckler"}],"event_choices":[{"damage_healed":0,"gold_gain":0,"player_choice":"Forge","damage_taken":0,"max_hp_gain":0,"max_hp_loss":0,"event_name":"Accursed Blacksmith","floor":20,"gold_loss":0,"cards_upgraded":["Electrodynamics"]},{"damage_healed":0,"gold_gain":0,"cards_transformed":["Steam"],"player_choice":"Transformed","damage_taken":0,"max_hp_gain":0,"max_hp_loss":0,"event_name":"Transmorgrifier","floor":24,"gold_loss":0,"cards_obtained":["Hologram"]}],"is_beta":false,"boss_relics":[{"not_picked":["ReplayTheSpireMod:SealedPack","Ring of Chaos"],"picked":"Busted Crown"},{"not_picked":["Painkiller Herb","infinitespire:Cupcake"],"picked":"Calling Bell"}],"items_purged_floors":[19,42],"is_endless":true,"potions_floor_spawned":[2,4,8,11,16,27,30,33,39,40,45],"killed_by":"hubris:GrandSnecko","ascension_level":0}}