{"host":"bvc3bp2iol2n355r","time":1614388406,"event":{"mods":["AchievementEnabler","BaseMod","Dark Map","Downfall","Minty Spire (QoL Compilation)","Relic Stats","StSLib"],"gold_per_floor":[118,131,131,143,159,159,109,139,165,165,165],"floor_reached":10,"language":"ENG","playtime":480,"items_purged":[],"score":95,"play_id":"1e392416-e1a7-4431-9487-f5709a4adb3f","local_time":"20210226201326","is_ascension_mode":true,"campfire_choices":[{"data":"Zap","floor":6,"key":"SMITH"}],"circlet_count":0,"master_deck":["Strike_B","Strike_B","Defend_B","Defend_B","Defend_B","Defend_B","Zap+1","Dualcast","Scrape","Gash","Rebound","Hologram","Rebound","Conserve Battery"],"relics":["Cracked Core","Bronze Scales","Boot"],"acts_visited":["Exordium"],"potions_floor_usage":[5,8],"damage_taken":[{"damage":4,"enemies":"Jaw Worm","floor":1,"turns":4},{"damage":3,"enemies":"Small Slimes","floor":2,"turns":3},{"damage":12,"enemies":"2 Louse","floor":4,"turns":3},{"damage":21,"enemies":"Exordium Wildlife","floor":5,"turns":4},{"damage":26,"enemies":"3 Sentries","floor":8,"turns":9},{"damage":9,"enemies":"Gremlin Nob","floor":10,"turns":2}],"seed_played":"-1997107277620666445","potions_obtained":[{"floor":2,"key":"Fruit Juice"},{"floor":4,"key":"Dexterity Potion"}],"is_trial":false,"path_per_floor":["M","M","?","M","M","R","?","E","T","E"],"character_chosen":"DEFECT","items_purchased":[],"campfire_rested":0,"item_purchase_floors":[],"current_hp_per_floor":[64,61,61,49,33,33,33,7,7,0,0],"gold":165,"neow_bonus":"TRANSFORM_CARD","is_daily":false,"chose_seed":false,"campfire_upgraded":1,"win_rate":0.0,"timestamp":1614388406,"path_taken":["M","M","?","M","M","R","?","E","T","E"],"items_purchased_type":[],"build_version":"2020-12-22","purchased_purges":0,"victory":false,"max_hp_per_floor":[75,75,75,75,80,80,80,80,80,80,80],"relic_stats":{"counters":[6,25],"Bronze Scales":[0],"Boot":[2],"obtain_stats":[{"Bronze Scales":8,"Cracked Core":0,"Boot":9},{"Bronze Scales":5,"Cracked Core":0,"Boot":5},{"Bronze Scales":23,"Cracked Core":0,"Boot":23}]},"card_choices":[{"not_picked":["Coolheaded","Melter"],"picked":"Gash","floor":1},{"not_picked":["Stack","Chaos"],"picked":"Rebound","floor":2},{"not_picked":["Ball Lightning","Streamline"],"picked":"Hologram","floor":4},{"not_picked":["Cold Snap","Static Discharge"],"picked":"Rebound","floor":5},{"not_picked":["Blizzard","Redo"],"picked":"Conserve Battery","floor":8}],"player_experience":608711,"relics_obtained":[{"floor":8,"key":"Bronze Scales"},{"floor":9,"key":"Boot"}],"event_choices":[{"damage_healed":0,"gold_gain":0,"player_choice":"Ignored","damage_taken":0,"max_hp_gain":0,"max_hp_loss":0,"event_name":"Liars Game","floor":3,"gold_loss":0},{"cards_removed":["Strike_B"],"damage_healed":0,"gold_gain":0,"player_choice":"Card Removal","damage_taken":0,"max_hp_gain":0,"max_hp_loss":0,"event_name":"The Cleric","floor":7,"gold_loss":50}],"is_beta":false,"boss_relics":[],"items_purged_floors":[],"is_endless":false,"potions_floor_spawned":[2,4],"killed_by":"Gremlin Nob","ascension_level":8}}