{"host":"qgrlfjrqk9z96gfi","time":1614384937,"event":{"mods":["BaseMod","Block Reminder","Colored Map","Custom Start","DeckTracker","Minty Spire (QoL Compilation)"],"gold_per_floor":[110,125,125,145,6,6,32,46,46,46,46],"floor_reached":10,"language":"ENG","playtime":273,"items_purged":[],"score":136,"play_id":"4d49daf4-e1c6-4e49-af41-adb579f51c80","local_time":"20210226141537","is_ascension_mode":true,"campfire_choices":[{"floor":6,"key":"DIG"}],"circlet_count":0,"master_deck":["AscendersBane","Strike_G","Strike_G","Strike_G","Strike_G","Strike_G","Defend_G","Defend_G","Defend_G","Defend_G","Defend_G","Survivor","Neutralize","Blade Dance","Eviscerate","Endless Agony","Footwork","Dagger Throw"],"relics":["Ring of the Snake","Shovel","Darkstone Periapt","Omamori","Bottled Tornado"],"acts_visited":["Exordium"],"potions_floor_usage":[7,10,10],"damage_taken":[{"damage":9,"enemies":"Cultist","floor":1,"turns":6},{"damage":4,"enemies":"Jaw Worm","floor":2,"turns":4},{"damage":4,"enemies":"2 Louse","floor":4,"turns":4},{"damage":16,"enemies":"Lagavulin","floor":7,"turns":8},{"damage":14,"enemies":"Looter","floor":8,"turns":4},{"damage":19,"enemies":"Gremlin Nob","floor":10,"turns":3}],"seed_played":"-1359777452075130638","potions_obtained":[{"floor":1,"key":"Weak Potion"},{"floor":8,"key":"SkillPotion"}],"is_trial":false,"path_per_floor":["M","M","?","M","$","R","E","M","T","E"],"character_chosen":"THE_SILENT","items_purchased":["Footwork","AttackPotion"],"campfire_rested":0,"item_purchase_floors":[5,5],"current_hp_per_floor":[50,46,46,42,42,42,26,12,12,0,0],"gold":46,"neow_bonus":"ONE_RARE_RELIC","is_daily":false,"chose_seed":false,"campfire_upgraded":0,"win_rate":0.0,"timestamp":1614384937,"path_taken":["M","M","?","M","$","R","E","M","T","E"],"items_purchased_type":["Card","Potion"],"build_version":"2020-12-22","purchased_purges":0,"victory":false,"max_hp_per_floor":[60,60,60,60,60,60,60,60,60,60,60],"card_choices":[{"not_picked":["Masterful Stab","Dagger Spray"],"picked":"Blade Dance","floor":1},{"not_picked":["Acrobatics","Prepared"],"picked":"Eviscerate","floor":2},{"not_picked":["Deadly Poison","Underhanded Strike"],"picked":"Endless Agony","floor":4},{"not_picked":["Dodge and Roll","Poisoned Stab"],"picked":"Dagger Throw","floor":7},{"not_picked":["Dodge and Roll","Dagger Throw","Acrobatics"],"picked":"SKIP","floor":8}],"player_experience":1201355,"relics_obtained":[{"floor":6,"key":"Darkstone Periapt"},{"floor":7,"key":"Omamori"},{"floor":9,"key":"Bottled Tornado"}],"event_choices":[{"damage_healed":0,"gold_gain":0,"player_choice":"Leave","damage_taken":0,"max_hp_gain":0,"max_hp_loss":0,"event_name":"The Cleric","floor":3,"gold_loss":0}],"is_beta":false,"boss_relics":[],"items_purged_floors":[],"is_endless":false,"potions_floor_spawned":[1,8],"killed_by":"Gremlin Nob","ascension_level":20}}