{"host":"3sqvgza1l4ip9ny1","time":1614446889,"event":{"mods":["BaseMod","Minty Spire (QoL Compilation)"],"gold_per_floor":[118,44,44,61,80,80,106,106,129,129,129,54,87,87,87,191,191,208,133,493,508,174,174,194,209,209,84,109,109,137,154,154,250,250,266,281,281,297,312,312,312],"floor_reached":40,"language":"ENG","playtime":1969,"items_purged":["Regret","Strike_R","Strike_R"],"score":546,"play_id":"70538692-3b42-437e-9b16-f051f266b984","local_time":"20210227172809","is_ascension_mode":true,"campfire_choices":[{"data":"Armaments","floor":6,"key":"SMITH"},{"data":"Inflame","floor":8,"key":"SMITH"},{"data":"Rampage","floor":11,"key":"SMITH"},{"data":"Flame Barrier","floor":15,"key":"SMITH"},{"data":"Rage","floor":23,"key":"SMITH"},{"floor":29,"key":"REST"},{"floor":32,"key":"REST"}],"circlet_count":0,"master_deck":["Defend_R+1","Defend_R","Defend_R","Bash","Rampage+1","Shrug It Off+1","Pommel Strike","Inflame+1","Armaments+1","Pommel Strike","Flame Barrier+1","Double Tap","Trip","Rage+1","Inflame","Headbutt+1","Dual Wield","Headbutt+1","Madness","Madness"],"relics":["Burning Blood","NeowsBlessing","Blood Vial","Strawberry","Shuriken","White Beast Statue","Busted Crown","Pear","War Paint","Tiny Chest","Empty Cage"],"acts_visited":["Exordium","TheCity","TheBeyond"],"potions_floor_usage":[7,13,21,24,25,30,30,31,31,33,38,38,40],"damage_taken":[{"damage":0,"enemies":"2 Louse","floor":1,"turns":1},{"damage":0,"enemies":"Cultist","floor":4,"turns":1},{"damage":0,"enemies":"Small Slimes","floor":5,"turns":1},{"damage":12,"enemies":"Lagavulin","floor":7,"turns":8},{"damage":15,"enemies":"3 Sentries","floor":13,"turns":8},{"damage":30,"enemies":"The Guardian","floor":16,"turns":12},{"damage":13,"enemies":"Spheric Guardian","floor":18,"turns":4},{"damage":0,"enemies":"Chosen","floor":21,"turns":4},{"damage":18,"enemies":"Centurion and Healer","floor":24,"turns":5},{"damage":9,"enemies":"Snake Plant","floor":25,"turns":3},{"damage":49,"enemies":"Gremlin Leader","floor":28,"turns":6},{"damage":27,"enemies":"Slavers","floor":30,"turns":6},{"damage":18,"enemies":"Snecko","floor":31,"turns":4},{"damage":34,"enemies":"Champ","floor":33,"turns":7},{"damage":14,"enemies":"3 Shapes","floor":35,"turns":4},{"damage":29,"enemies":"Orb Walker","floor":36,"turns":5},{"damage":44,"enemies":"4 Shapes","floor":38,"turns":6},{"damage":38,"enemies":"Jaw Worm Horde","floor":39,"turns":5},{"damage":15,"enemies":"Reptomancer","floor":40,"turns":3}],"seed_played":"-9158308136339000164","potions_obtained":[{"floor":3,"key":"SkillPotion"},{"floor":3,"key":"Regen Potion"},{"floor":3,"key":"Ancient Potion"},{"floor":4,"key":"AttackPotion"},{"floor":16,"key":"ColorlessPotion"},{"floor":18,"key":"SpeedPotion"},{"floor":21,"key":"PowerPotion"},{"floor":24,"key":"FearPotion"},{"floor":25,"key":"Explosive Potion"},{"floor":28,"key":"ColorlessPotion"},{"floor":30,"key":"Energy Potion"},{"floor":31,"key":"Energy Potion"},{"floor":33,"key":"CultistPotion"},{"floor":35,"key":"SmokeBomb"},{"floor":36,"key":"FearPotion"},{"floor":38,"key":"BloodPotion"},{"floor":39,"key":"Swift Potion"}],"is_trial":false,"path_per_floor":["M","$","?","M","M","R","E","R","T","?","R","$","E","?","R","B",null,"M","?","?","M","$","R","M","M","T","$","E","R","E","M","R","B",null,"M","M","?","M","M","E"],"character_chosen":"IRONCLAD","items_purchased":["Shrug It Off","Pommel Strike","Trip","Rage","Inflame"],"campfire_rested":2,"item_purchase_floors":[2,2,22,22,22],"current_hp_per_floor":[80,80,80,80,80,80,74,74,81,81,81,81,74,74,74,52,87,80,80,44,52,52,52,42,50,60,60,19,48,29,19,48,22,97,89,68,56,39,9,0,0],"gold":312,"neow_bonus":"THREE_ENEMY_KILL","is_daily":false,"chose_seed":false,"campfire_upgraded":5,"win_rate":0.0,"timestamp":1614446889,"path_taken":["M","$","?","?","M","R","E","R","T","?","R","$","E","?","R","BOSS","M","?","?","M","$","R","M","?","T","$","E","R","E","M","R","BOSS","M","M","?","M","M","E"],"items_purchased_type":["Card","Card","Card","Card","Card"],"build_version":"2020-12-22","purchased_purges":3,"victory":false,"max_hp_per_floor":[80,80,80,80,80,80,80,80,87,87,87,87,87,87,87,87,87,87,87,87,87,87,87,87,87,97,97,97,97,97,97,97,97,97,97,97,97,97,97,97,97],"card_choices":[{"not_picked":["Twin Strike","Disarm"],"picked":"Rampage","floor":1},{"not_picked":["Entrench","Clash"],"picked":"Inflame","floor":4},{"not_picked":["Reckless Charge","Sentinel"],"picked":"Armaments","floor":5},{"not_picked":["Twin Strike","Flex"],"picked":"Pommel Strike","floor":7},{"not_picked":["Clash","Reaper"],"picked":"Flame Barrier","floor":13},{"not_picked":["Fiend Fire","Offering"],"picked":"Double Tap","floor":16},{"not_picked":["Sever Soul+1"],"picked":"SKIP","floor":18},{"not_picked":["Flex"],"picked":"SKIP","floor":21},{"not_picked":[],"picked":"Headbutt+1","floor":24},{"not_picked":[],"picked":"Dual Wield","floor":25},{"not_picked":["Warcry"],"picked":"SKIP","floor":28},{"not_picked":["Bloodletting"],"picked":"SKIP","floor":30},{"not_picked":["Pommel Strike"],"picked":"SKIP","floor":31},{"not_picked":[],"picked":"Headbutt+1","floor":35},{"not_picked":["Sword Boomerang+1"],"picked":"SKIP","floor":36},{"not_picked":["Pommel Strike"],"picked":"SKIP","floor":38},{"not_picked":["Pommel Strike+1"],"picked":"SKIP","floor":39}],"player_experience":260333,"relics_obtained":[{"floor":7,"key":"Blood Vial"},{"floor":9,"key":"Strawberry"},{"floor":13,"key":"White Beast Statue"},{"floor":26,"key":"Pear"},{"floor":28,"key":"War Paint"},{"floor":30,"key":"Tiny Chest"}],"event_choices":[{"damage_healed":0,"gold_gain":0,"player_choice":"Got Potions","damage_taken":0,"max_hp_gain":0,"max_hp_loss":0,"event_name":"Lab","floor":3,"gold_loss":0},{"damage_healed":0,"gold_gain":0,"player_choice":"Box","damage_taken":0,"relics_obtained":["Shuriken"],"max_hp_gain":0,"max_hp_loss":0,"event_name":"Big Fish","floor":10,"gold_loss":0,"cards_obtained":["Regret"]},{"cards_removed":["Strike_R"],"damage_healed":0,"gold_gain":0,"player_choice":"Forget","damage_taken":0,"max_hp_gain":0,"max_hp_loss":0,"event_name":"Living Wall","floor":14,"gold_loss":0},{"cards_removed":["Strike_R"],"damage_healed":0,"gold_gain":0,"player_choice":"Gave Gold","damage_taken":0,"max_hp_gain":0,"max_hp_loss":0,"event_name":"Beggar","floor":19,"gold_loss":75},{"damage_healed":0,"gold_gain":360,"player_choice":"GOLD GOLD GOLD GOLD ","damage_taken":36,"max_hp_gain":0,"max_hp_loss":0,"event_name":"Knowing Skull","floor":20,"potions_obtained":[],"gold_loss":0,"cards_obtained":[]},{"damage_healed":0,"gold_gain":0,"player_choice":"Embrace Madness","damage_taken":12,"max_hp_gain":0,"max_hp_loss":0,"event_name":"Winding Halls","floor":37,"gold_loss":0,"cards_obtained":["Madness","Madness"]}],"is_beta":false,"boss_relics":[{"not_picked":["Tiny House","SlaversCollar"],"picked":"Busted Crown"},{"not_picked":["Coffee Dripper","Runic Cube"],"picked":"Empty Cage"}],"items_purged_floors":[12,22,27],"is_endless":false,"potions_floor_spawned":[4,16,18,21,24,25,28,30,31,33,35,36,38,39],"killed_by":"Reptomancer","ascension_level":4}}