{"host":"u1ja96cwu1wu8jpx","time":1614427089,"event":{"mods":["BaseMod","Better Match","Colored Map","Minty Spire (QoL Compilation)","Permanent Neow","StSLib"],"gold_per_floor":[111,131,143,154,79,105,122,122,190,255,283,248,17,31,31,135,135,153,31,42,58,69,98,98,130,130,130],"floor_reached":26,"language":"ENG","playtime":2868,"items_purged":["Defend_B"],"score":273,"play_id":"8414fa34-4e16-445a-82bb-beb13a48dcfc","local_time":"20210227065809","is_ascension_mode":true,"campfire_choices":[{"data":"Consume","floor":8,"key":"SMITH"},{"data":"Sadistic Nature","floor":15,"key":"SMITH"},{"floor":24,"key":"REST"}],"circlet_count":0,"master_deck":["Strike_B","Strike_B","Strike_B","Strike_B","Defend_B","Defend_B","Defend_B","Zap","Dualcast","Hologram","Consume+1","Self Repair","Go for the Eyes","Amplify","Sadistic Nature+1","Lockon","Biased Cognition","Self Repair","Loop","Blind","Coolheaded"],"relics":["Cracked Core","Bag of Preparation","Eternal Feather","White Beast Statue","Pocketwatch","Bronze Scales","Letter Opener","Toxic Egg 2","Smiling Mask"],"acts_visited":["Exordium","TheCity"],"potions_floor_usage":[6,10,11,16,16,21,22,23,25,25,25],"damage_taken":[{"damage":0,"enemies":"Small Slimes","floor":1,"turns":2},{"damage":1,"enemies":"2 Louse","floor":2,"turns":2},{"damage":1,"enemies":"Cultist","floor":3,"turns":3},{"damage":2,"enemies":"Blue Slaver","floor":4,"turns":4},{"damage":21,"enemies":"Lagavulin","floor":6,"turns":6},{"damage":11,"enemies":"Red Slaver","floor":7,"turns":3},{"damage":29,"enemies":"Lagavulin Event","floor":10,"turns":6},{"damage":12,"enemies":"Gremlin Nob","floor":11,"turns":4},{"damage":12,"enemies":"Looter","floor":14,"turns":3},{"damage":13,"enemies":"The Guardian","floor":16,"turns":7},{"damage":5,"enemies":"Chosen","floor":18,"turns":4},{"damage":13,"enemies":"3 Byrds","floor":20,"turns":3},{"damage":18,"enemies":"Snecko","floor":21,"turns":5},{"damage":16,"enemies":"Centurion and Healer","floor":22,"turns":5},{"damage":51,"enemies":"Book of Stabbing","floor":23,"turns":6},{"damage":53,"enemies":"Slavers","floor":25,"turns":5}],"seed_played":"-6181065702436486512","potions_obtained":[{"floor":2,"key":"AttackPotion"},{"floor":6,"key":"ColorlessPotion"},{"floor":10,"key":"SpeedPotion"},{"floor":11,"key":"Dexterity Potion"},{"floor":14,"key":"BlessingOfTheForge"},{"floor":16,"key":"SteroidPotion"},{"floor":18,"key":"Swift Potion"},{"floor":20,"key":"PowerPotion"},{"floor":21,"key":"Fruit Juice"},{"floor":22,"key":"Ancient Potion"},{"floor":23,"key":"PotionOfCapacity"},{"floor":25,"key":"SpeedPotion"}],"is_trial":false,"path_per_floor":["M","M","M","M","$","E","M","R","T","?","E","?","$","M","R","B",null,"M","$","M","M","M","E","R","E","T"],"character_chosen":"DEFECT","items_purchased":["Sadistic Nature","Lockon","Loop","Blind"],"campfire_rested":1,"item_purchase_floors":[13,13,19,19],"current_hp_per_floor":[75,74,73,71,71,57,46,52,52,30,25,43,43,31,40,34,75,75,75,62,58,61,31,67,14,14,14],"gold":130,"neow_bonus":"RANDOM_COMMON_RELIC","is_daily":false,"chose_seed":false,"campfire_upgraded":2,"win_rate":0.0,"timestamp":1614427089,"path_taken":["M","M","M","M","$","E","M","R","T","?","E","?","$","M","R","BOSS","M","$","M","M","M","E","R","E","T"],"items_purchased_type":["Card","Card","Card","Card"],"build_version":"2020-12-22","purchased_purges":1,"victory":false,"max_hp_per_floor":[75,75,75,75,75,75,75,75,75,75,75,75,75,75,75,75,75,75,75,75,75,80,80,80,80,80,80],"card_choices":[{"not_picked":["Leap","Sweeping Beam"],"picked":"Hologram","floor":1},{"not_picked":["Sweeping Beam","Defragment"],"picked":"Consume","floor":2},{"not_picked":["Steam","Beam Cell"],"picked":"Self Repair","floor":3},{"not_picked":["Go for the Eyes","Double Energy","Rebound"],"picked":"SKIP","floor":4},{"not_picked":["Ball Lightning","Streamline","Multi-Cast"],"picked":"SKIP","floor":6},{"not_picked":["Sweeping Beam","Double Energy","Gash"],"picked":"SKIP","floor":7},{"not_picked":["Hologram","Barrage"],"picked":"Go for the Eyes","floor":10},{"not_picked":["Rebound","Compile Driver"],"picked":"Amplify","floor":11},{"not_picked":["Rebound","Streamline","Sweeping Beam"],"picked":"SKIP","floor":14},{"not_picked":["Fission","Seek"],"picked":"Biased Cognition","floor":16},{"not_picked":["Leap","Redo"],"picked":"Self Repair","floor":18},{"not_picked":["Conserve Battery","Doom and Gloom","Hello World"],"picked":"SKIP","floor":20},{"not_picked":["Sweeping Beam","Beam Cell","Recycle+1"],"picked":"SKIP","floor":21},{"not_picked":["Turbo","Reinforced Body","Tempest"],"picked":"SKIP","floor":22},{"not_picked":["Fusion","Amplify"],"picked":"Coolheaded","floor":23},{"not_picked":["Heatsinks","Beam Cell+1","Aggregate+1"],"picked":"SKIP","floor":25}],"player_experience":513709,"relics_obtained":[{"floor":6,"key":"Eternal Feather"},{"floor":9,"key":"White Beast Statue"},{"floor":10,"key":"Pocketwatch"},{"floor":11,"key":"Bronze Scales"},{"floor":23,"key":"Letter Opener"},{"floor":25,"key":"Toxic Egg 2"},{"floor":26,"key":"Smiling Mask"}],"event_choices":[{"damage_healed":0,"gold_gain":0,"player_choice":"Searched \u00272\u0027 times","damage_taken":0,"max_hp_gain":0,"max_hp_loss":0,"event_name":"Dead Adventurer","floor":10,"gold_loss":0},{"damage_healed":18,"gold_gain":0,"player_choice":"Healed","damage_taken":0,"max_hp_gain":0,"max_hp_loss":0,"event_name":"The Cleric","floor":12,"gold_loss":35}],"is_beta":false,"boss_relics":[{"not_picked":["Sozu","Fusion Hammer","Philosopher\u0027s Stone"]}],"items_purged_floors":[5],"is_endless":false,"potions_floor_spawned":[2,6,10,11,14,16,18,20,21,22,23,25],"ascension_level":1}}