{"host":"iv6gl6c7ntz4x6py","time":1614446221,"event":{"mods":["BaseMod","Challenge The Spire","Minty Spire (QoL Compilation)","StSLib","The Gatherer"],"gold_per_floor":[119,119,129,54,69,94,113,113,138,103,115,115,115,126,126,224,224,224,124,94,0,0,0,0,0,0,0,0,0,0],"floor_reached":28,"language":"RUS","playtime":1231,"items_purged":["Gatherer:Strike_Gatherer","Gatherer:Defend_Gatherer"],"score":261,"play_id":"94046900-3133-46d0-93e1-bd5f57b9df3d","local_time":"20210228001701","is_ascension_mode":false,"metric_token":352,"campfire_choices":[{"data":"Gatherer:FlowerWhip","floor":8,"key":"SMITH"},{"data":"Gatherer:Overflowing","floor":12,"key":"SMITH"},{"floor":15,"key":"REST"},{"data":"Gatherer:FinishingStrike","floor":23,"key":"SMITH"},{"floor":25,"key":"REST"}],"circlet_count":0,"master_deck":["Gatherer:Strike_Gatherer","Gatherer:Strike_Gatherer","Gatherer:Strike_Gatherer","Gatherer:Strike_Gatherer","Gatherer:Defend_Gatherer","Gatherer:Defend_Gatherer","Gatherer:Defend_Gatherer","Gatherer:Defend_Gatherer","Gatherer:Centralize","Gatherer:FlowerWhip+1","Gatherer:FragileHammer","Gatherer:FlowerShield","Gatherer:MiningStrike","Gatherer:Overflowing+1","Gatherer:SpareBottle","Gatherer:PotentialSlash","Gatherer:FinishingStrike+1","Gatherer:ScherryThrow","Gatherer:PotentialSlash","Gatherer:AromaProtection"],"relics":["Gatherer:AlchemyBag","NeowsBlessing","FaceOfCleric","MealTicket","Bronze Scales","Ectoplasm","Omamori","Smiling Mask"],"acts_visited":["Exordium","TheCity"],"potions_floor_usage":[6,7,16,20],"damage_taken":[{"damage":0,"enemies":"Jaw Worm","floor":1,"turns":1},{"damage":0,"enemies":"Cultist","floor":3,"turns":1},{"damage":0,"enemies":"Small Slimes","floor":5,"turns":1},{"damage":47,"enemies":"Lagavulin","floor":6,"turns":8},{"damage":3,"enemies":"3 Louse","floor":7,"turns":3},{"damage":8,"enemies":"Red Slaver","floor":11,"turns":4},{"damage":0,"enemies":"Looter","floor":14,"turns":3},{"damage":36,"enemies":"Hexaghost","floor":16,"turns":9},{"damage":0,"enemies":"Chosen","floor":18,"turns":4},{"damage":9,"enemies":"2 Thieves","floor":20,"turns":4},{"damage":40,"enemies":"Gremlin Leader","floor":24,"turns":4},{"damage":0,"enemies":"3 Cultists","floor":28,"turns":1}],"seed_played":"-2864677990937891379","potions_obtained":[{"floor":1,"key":"Weak Potion"},{"floor":3,"key":"Swift Potion"},{"floor":7,"key":"LiquidBronze"},{"floor":18,"key":"LiquidBronze"}],"is_trial":false,"path_per_floor":["M","?","M","$","M","E","M","R","T","?","M","R","?","M","R","B",null,"M","$","M","?","?","R","E","R","T","?","M"],"character_chosen":"THE_GATHERER","items_purchased":[],"campfire_rested":2,"item_purchase_floors":[],"current_hp_per_floor":[72,72,73,73,74,31,34,34,34,34,32,32,32,33,56,21,79,80,80,72,72,72,72,33,57,57,41,41,41,41],"gold":0,"neow_bonus":"THREE_ENEMY_KILL","is_daily":false,"chose_seed":false,"campfire_upgraded":3,"win_rate":0.0,"timestamp":1614446221,"path_taken":["M","?","M","?","M","E","?","R","T","?","M","R","?","M","R","BOSS","M","$","M","?","?","R","E","R","T","?","M"],"items_purchased_type":[],"build_version":"2020-12-22","purchased_purges":2,"victory":false,"max_hp_per_floor":[72,72,73,73,74,75,76,76,76,76,77,77,77,78,78,79,79,80,80,81,81,81,81,82,82,82,87,87,87,87],"card_choices":[{"not_picked":["Gatherer:Transmute","Gatherer:ScentOfRosmari"],"picked":"Gatherer:FragileHammer","floor":1},{"not_picked":["Gatherer:FlowerFalling","Gatherer:CarefulStrike"],"picked":"Gatherer:RecoveryHerb","floor":3},{"not_picked":["Gatherer:Convert","Gatherer:ScrollOfWall","Gatherer:SmartManeuver"],"picked":"SKIP","floor":5},{"not_picked":["Gatherer:ScherryThrow","Gatherer:Duplicator"],"picked":"Gatherer:FlowerShield","floor":6},{"not_picked":["Gatherer:WoolGloves","Gatherer:TreeGrowth"],"picked":"Gatherer:MiningStrike","floor":7},{"not_picked":["Gatherer:GatherMaterial","Gatherer:WoolGloves"],"picked":"Gatherer:Overflowing","floor":11},{"not_picked":["Gatherer:TacticalStrike","Gatherer:CollectorsShot"],"picked":"Gatherer:PotentialSlash","floor":14},{"not_picked":["Gatherer:Photoscythe","Gatherer:HeartToFruit"],"picked":"Gatherer:FinishingStrike","floor":16},{"not_picked":["Gatherer:FeelingFine","Gatherer:RecoveryHerb"],"picked":"Gatherer:ScherryThrow","floor":18},{"not_picked":["Gatherer:Snatch","Gatherer:SaveValuables"],"picked":"Gatherer:PotentialSlash","floor":20},{"not_picked":["Gatherer:Pollute","Gatherer:BalancedGrowth"],"picked":"Gatherer:AromaProtection","floor":24}],"player_experience":108244,"relics_obtained":[{"floor":6,"key":"MealTicket"},{"floor":9,"key":"Bronze Scales"},{"floor":24,"key":"Omamori"},{"floor":26,"key":"Smiling Mask"}],"event_choices":[{"damage_healed":0,"gold_gain":0,"player_choice":"Trade","damage_taken":0,"relics_obtained":["FaceOfCleric"],"max_hp_gain":0,"max_hp_loss":0,"event_name":"FaceTrader","floor":2,"gold_loss":0},{"damage_healed":0,"gold_gain":0,"player_choice":"Left Gold","damage_taken":0,"max_hp_gain":0,"max_hp_loss":0,"event_name":"World of Goop","floor":10,"gold_loss":35},{"cards_removed":["Gatherer:RecoveryHerb"],"damage_healed":0,"gold_gain":0,"player_choice":"Got a Spare Bottle","damage_taken":0,"max_hp_gain":0,"max_hp_loss":0,"event_name":"Gatherer:BottleCollector","floor":13,"gold_loss":0,"cards_obtained":["Gatherer:SpareBottle"]},{"damage_healed":0,"gold_gain":0,"player_choice":"Paid Fearfully","damage_taken":0,"max_hp_gain":0,"max_hp_loss":0,"event_name":"Masked Bandits","floor":21,"gold_loss":94},{"damage_healed":0,"gold_gain":0,"player_choice":"Shed Blood","damage_taken":21,"max_hp_gain":5,"max_hp_loss":0,"event_name":"Forgotten Altar","floor":27,"gold_loss":0}],"is_beta":false,"boss_relics":[{"not_picked":["Tiny House","Pandora\u0027s Box"],"picked":"Ectoplasm"}],"items_purged_floors":[4,19],"is_endless":false,"potions_floor_spawned":[1,3,7,18],"killed_by":"3 Cultists","ascension_level":0}}