{"host":"9gxprskaw0c5jpbt","time":1614384820,"event":{"mods":["AchievementEnabler","BaseMod","Colored Map","Highlight Path","KOR Keyword Fix","Minty Spire (QoL Compilation)","Rare Cards Sparkle","StSLib","SuperFastMode","everything is the same but u backflip on backflip"],"gold_per_floor":[112,112,125,143,159,159,188,188,188,188,199,199,12,12,12,86,86,97,97,22,42,92,92,123,123,123,137,165,165,165,176,176,176,176],"floor_reached":33,"language":"KOR","playtime":781,"items_purged":["Regret"],"score":538,"play_id":"bf219312-f9db-460f-bfa5-a1245b5dfbfb","local_time":"20210227091340","is_ascension_mode":true,"campfire_choices":[{"data":"Dualcast","floor":6.0,"key":"SMITH"},{"data":"Double Energy","floor":8.0,"key":"SMITH"},{"floor":10.0,"key":"REST"},{"floor":15.0,"key":"REST"},{"floor":23.0,"key":"REST"},{"floor":25.0,"key":"REST"},{"floor":29,"key":"REST"},{"floor":32,"key":"REST"}],"circlet_count":0,"master_deck":["AscendersBane","Strike_B+1","Strike_B+1","Strike_B+1","Defend_B+1","Defend_B+1","Defend_B+1","Defend_B+1","Zap","Dualcast+1","Ball Lightning","Heatsinks","Leap","Double Energy+1","Defragment","Defragment","Blind","Electrodynamics","Chill","Turbo","Steam Power","Creative AI","Hologram","Turbo","Redo"],"relics":["Cracked Core","NeowsBlessing","FaceOfCleric","Akabeko","Letter Opener","Lizard Tail","Nuclear Battery","DataDisk","Pen Nib","Eternal Feather"],"acts_visited":["Exordium","TheCity"],"potions_floor_usage":[28,28,33],"damage_taken":[{"damage":0.0,"enemies":"Jaw Worm","floor":1.0,"turns":1.0},{"damage":0.0,"enemies":"Cultist","floor":3.0,"turns":1.0},{"damage":0.0,"enemies":"Small Slimes","floor":4.0,"turns":1.0},{"damage":5.0,"enemies":"2 Fungi Beasts","floor":5.0,"turns":3.0},{"damage":32.0,"enemies":"Lagavulin","floor":7.0,"turns":6.0},{"damage":8.0,"enemies":"Blue Slaver","floor":11.0,"turns":3.0},{"damage":100.0,"enemies":"Slime Boss","floor":16.0,"turns":10.0},{"damage":20.0,"enemies":"Spheric Guardian","floor":18.0,"turns":4.0},{"damage":20.0,"enemies":"2 Thieves","floor":21.0,"turns":3.0},{"damage":22.0,"enemies":"Gremlin Leader","floor":24.0,"turns":8.0},{"damage":42.0,"enemies":"Shelled Parasite and Fungi","floor":27.0,"turns":5.0},{"damage":3,"enemies":"Book of Stabbing","floor":28,"turns":5},{"damage":11,"enemies":"Sentry and Sphere","floor":31,"turns":3},{"damage":88,"enemies":"Champ","floor":33,"turns":8}],"seed_played":"3025152629355205857","potions_obtained":[{"floor":4.0,"key":"LiquidMemories"},{"floor":5.0,"key":"EssenceOfSteel"},{"floor":21.0,"key":"BlessingOfTheForge"},{"floor":24.0,"key":"SteroidPotion"},{"floor":28,"key":"SpeedPotion"},{"floor":31,"key":"Regen Potion"}],"is_trial":false,"path_per_floor":["M","?","M","M","M","R","E","R","T","R","M","?","$","?","R","B",null,"M","?","$","M","?","R","E","R","T","M","E","R","?","M","R","B"],"character_chosen":"DEFECT","items_purchased":["Defragment","Blind"],"campfire_rested":6,"item_purchase_floors":[13,13],"current_hp_per_floor":[64,64,65,66,62,62,31,31,31,53,46,39,39,39,61,7,60,41,41,41,22,22,45,24,48,48,7,5,41,41,31,70,0,0],"gold":176,"neow_bonus":"THREE_ENEMY_KILL","is_daily":false,"chose_seed":false,"campfire_upgraded":2,"win_rate":0.0,"timestamp":1614384820,"path_taken":["M","?","M","?","M","R","E","R","T","R","M","?","$","?","R","BOSS","M","?","$","M","?","R","E","R","T","M","E","R","?","M","R","BOSS"],"items_purchased_type":["Card","Card"],"build_version":"2020-12-22","purchased_purges":1,"victory":false,"max_hp_per_floor":[71,71,72,73,74,74,75,75,75,75,76,76,76,76,76,77,77,78,78,78,79,79,79,80,80,80,81,82,82,82,83,83,83,83],"card_choices":[{"not_picked":["Rebound","Coolheaded"],"picked":"Ball Lightning","floor":1.0},{"not_picked":["Steam","Self Repair"],"picked":"Heatsinks","floor":3.0},{"not_picked":["Compile Driver","Loop"],"picked":"Leap","floor":4.0},{"not_picked":["Scrape","Blizzard","Heatsinks"],"picked":"SKIP","floor":5.0},{"not_picked":["Gash","Core Surge"],"picked":"Double Energy","floor":7.0},{"not_picked":["Double Energy","Ball Lightning"],"picked":"Defragment","floor":11.0},{"not_picked":["Multi-Cast","Fission"],"picked":"Electrodynamics","floor":16.0},{"not_picked":["Barrage+1","Cold Snap"],"picked":"Chill","floor":18.0},{"not_picked":["Barrage","Streamline"],"picked":"Steam Power","floor":21.0},{"not_picked":["Stack","Leap"],"picked":"Creative AI","floor":24.0},{"not_picked":["Reinforced Body","FTL+1"],"picked":"Hologram","floor":27.0},{"not_picked":["Rip and Tear","Hyperbeam"],"picked":"Turbo","floor":28},{"not_picked":["Hologram","Tempest"],"picked":"Redo","floor":31}],"player_experience":999381,"relics_obtained":[{"floor":7.0,"key":"Akabeko"},{"floor":9.0,"key":"Letter Opener"},{"floor":24.0,"key":"DataDisk"},{"floor":26.0,"key":"Pen Nib"},{"floor":28,"key":"Eternal Feather"}],"event_choices":[{"damage_healed":0.0,"max_hp_gain":0.0,"max_hp_loss":0.0,"gold_gain":0.0,"event_name":"FaceTrader","player_choice":"Trade","floor":2.0,"gold_loss":0.0,"damage_taken":0.0,"relics_obtained":["FaceOfCleric"]},{"cards_removed":["Strike_B"],"damage_healed":0.0,"max_hp_gain":0.0,"max_hp_loss":0.0,"gold_gain":0.0,"event_name":"Golden Wing","player_choice":"Card Removal","floor":12.0,"gold_loss":0.0,"damage_taken":7.0},{"damage_healed":0.0,"max_hp_gain":0.0,"max_hp_loss":0.0,"gold_gain":0.0,"event_name":"Big Fish","player_choice":"Box","floor":14.0,"gold_loss":0.0,"damage_taken":0.0,"relics_obtained":["Lizard Tail"],"cards_obtained":["Regret"]},{"damage_healed":0.0,"max_hp_gain":0.0,"max_hp_loss":0.0,"gold_gain":0.0,"event_name":"The Library","player_choice":"Read","floor":19.0,"gold_loss":0.0,"damage_taken":0.0,"cards_obtained":["Turbo"]},{"damage_healed":0.0,"max_hp_gain":0.0,"max_hp_loss":0.0,"gold_gain":50.0,"event_name":"Nest","player_choice":"Stole From Cult","floor":22.0,"gold_loss":0.0,"damage_taken":0.0},{"damage_healed":0,"gold_gain":0,"player_choice":"Simplicity","damage_taken":0,"max_hp_gain":0,"max_hp_loss":0,"event_name":"Back to Basics","floor":30,"gold_loss":0,"cards_upgraded":["Strike_B","Strike_B","Strike_B","Defend_B","Defend_B","Defend_B","Defend_B"]}],"is_beta":false,"boss_relics":[{"not_picked":["SlaversCollar","SacredBark"],"picked":"Nuclear Battery"}],"items_purged_floors":[20],"is_endless":false,"potions_floor_spawned":[4,5,21,24,28,31],"killed_by":"Champ","ascension_level":18}}