{"host":"z42sc0n2dozsmk72","time":1614421794,"event":{"mods":["AchievementEnabler","BaseMod","Colored Map","Curses Come First","Highlight Path","Minty Spire (QoL Compilation)","Permanent Neow","Quick Restart","Relic Stats","Shop Mod","StSLib","egg","slay the spire mod where everything is the same but ironclad has a cowboy hat"],"gold_per_floor":[109,129,146,161,161,161,172,172,244,264,220,236,16,116,116,221,221,239,253,21,40,57,57,57,90,90,101,201,218,218,249,249,345,345,355,355,368,383,186,219,219,252,252,263,294,294,306,326,326,326,326,326,52,82,82,82],"floor_reached":55,"language":"ENG","playtime":3723,"items_purged":["MasterReality+1","BowlingBash"],"score":952,"play_id":"a9ddc82e-a825-4312-8e4f-1d7ab7b9ab8d","local_time":"20210227232954","is_ascension_mode":true,"campfire_choices":[{"data":"Vigilance","floor":6.0,"key":"SMITH"},{"data":"Protect","floor":8.0,"key":"SMITH"},{"data":"Wallop","floor":15.0,"key":"SMITH"},{"data":"Ragnarok","floor":23.0,"key":"SMITH"},{"data":"Weave","floor":30.0,"key":"PURGE"},{"data":"Prostrate","floor":32.0,"key":"PURGE"},{"data":"Judgement","floor":41.0,"key":"SMITH"},{"data":"ThirdEye","floor":46.0,"key":"SMITH"},{"floor":49.0,"key":"RECALL"},{"data":"Worship","floor":52.0,"key":"SMITH"}],"circlet_count":0,"master_deck":["Eruption","Vigilance+1","Protect+1","Wallop+1","Ragnarok+1","Devotion+1","Judgement+1","FearNoEvil","EmptyFist","Worship+1","ThirdEye+1","WindmillStrike+1","MentalFortress+1","LikeWater+1","Devotion+1","TalkToTheHand+1","DeusExMachina","WindmillStrike+1","Devotion+1","EmptyFist+1","TalkToTheHand+1","MentalFortress+1","WheelKick+1","Protect"],"relics":["Snecko Eye","CloakClasp","Frozen Egg 2","Pandora\u0027s Box","Damaru","Smiling Mask","Meat on the Bone","Peace Pipe","Blue Candle","Bag of Marbles","Philosopher\u0027s Stone","Nunchaku","Molten Egg 2","StrikeDummy","TeardropLocket"],"acts_visited":["Exordium","TheCity","TheBeyond","TheEnding"],"potions_floor_usage":[55,55],"damage_taken":[{"damage":0.0,"enemies":"Jaw Worm","floor":1.0,"turns":2.0},{"damage":0.0,"enemies":"2 Louse","floor":2.0,"turns":3.0},{"damage":0.0,"enemies":"Cultist","floor":3.0,"turns":4.0},{"damage":3.0,"enemies":"Blue Slaver","floor":4.0,"turns":4.0},{"damage":6.0,"enemies":"2 Fungi Beasts","floor":7.0,"turns":3.0},{"damage":0.0,"enemies":"Gremlin Gang","floor":10.0,"turns":3.0},{"damage":3.0,"enemies":"Exordium Wildlife","floor":12.0,"turns":3.0},{"damage":11.0,"enemies":"Hexaghost","floor":16.0,"turns":4.0},{"damage":0.0,"enemies":"3 Byrds","floor":18.0,"turns":4.0},{"damage":0.0,"enemies":"Chosen","floor":19.0,"turns":3.0},{"damage":0.0,"enemies":"Sentry and Sphere","floor":21.0,"turns":2.0},{"damage":1.0,"enemies":"Shelled Parasite and Fungi","floor":22.0,"turns":3.0},{"damage":0.0,"enemies":"Gremlin Leader","floor":25.0,"turns":2.0},{"damage":10.0,"enemies":"Snake Plant","floor":27.0,"turns":2.0},{"damage":5.0,"enemies":"Colosseum Slavers","floor":28.0,"turns":3.0},{"damage":0.0,"enemies":"Colosseum Nobs","floor":28.0,"turns":2.0},{"damage":0.0,"enemies":"Snecko","floor":29.0,"turns":2.0},{"damage":0.0,"enemies":"Book of Stabbing","floor":31.0,"turns":4.0},{"damage":14.0,"enemies":"Champ","floor":33.0,"turns":8.0},{"damage":0.0,"enemies":"3 Shapes","floor":35.0,"turns":1.0},{"damage":0.0,"enemies":"3 Darklings","floor":37.0,"turns":2.0},{"damage":13.0,"enemies":"4 Shapes","floor":38.0,"turns":4.0},{"damage":2.0,"enemies":"Reptomancer","floor":40.0,"turns":3.0},{"damage":5.0,"enemies":"Giant Head","floor":42.0,"turns":6.0},{"damage":0.0,"enemies":"Sphere and 2 Shapes","floor":44.0,"turns":4.0},{"damage":24.0,"enemies":"Reptomancer","floor":45.0,"turns":5.0},{"damage":0.0,"enemies":"Spire Growth","floor":47.0,"turns":4.0},{"damage":0.0,"enemies":"Maw","floor":48.0,"turns":5.0},{"damage":29.0,"enemies":"Time Eater","floor":50.0,"turns":5.0},{"damage":33,"enemies":"Shield and Spear","floor":54,"turns":5},{"damage":53,"enemies":"The Heart","floor":55,"turns":3}],"seed_played":"7353822589723939717","potions_obtained":[{"floor":1.0,"key":"Fire Potion"},{"floor":3.0,"key":"LiquidMemories"},{"floor":4.0,"key":"Explosive Potion"},{"floor":21.0,"key":"SteroidPotion"},{"floor":27.0,"key":"EntropicBrew"},{"floor":29.0,"key":"Strength Potion"},{"floor":40.0,"key":"Fruit Juice"}],"is_trial":false,"path_per_floor":["M","M","M","M","?","R","M","R","T","M","?","M","$","?","R","B",null,"M","M","$","M","M","R","?","E","T","M","?","M","R","E","R","B",null,"M","?","M","M","$","E","R","E","T","M","E","R","M","M","R","B",null,"R","$","E","B"],"character_chosen":"WATCHER","items_purchased":["Wallop","Ragnarok","Damaru","DeusExMachina","TalkToTheHand+1","MentalFortress+1","PowerPotion","WheelKick+1","Protect"],"campfire_rested":0,"item_purchase_floors":[13,13,20,39,53,53,53,53,53],"current_hp_per_floor":[72,72,72,69,44,44,38,38,38,38,38,35,35,35,35,24,72,72,72,72,72,71,71,71,71,71,61,56,56,56,56,56,42,72,72,72,72,59,59,57,57,52,52,52,40,40,40,40,40,23,72,72,77,44,0,0],"gold":82,"neow_bonus":"BOSS_RELIC","is_daily":false,"chose_seed":false,"campfire_upgraded":7,"win_rate":0.0,"timestamp":1614421794,"path_taken":["M","M","M","M","?","R","M","R","T","M","?","M","$","?","R","BOSS","M","M","$","M","M","R","?","E","T","M","?","M","R","E","R","BOSS","M","?","M","M","$","E","R","E","T","M","E","R","M","M","R","BOSS","R","$","E","BOSS"],"items_purchased_type":["Card","Card","Relic","Card","Card","Card","Potion","Card","Card"],"build_version":"2020-12-22","purchased_purges":2,"victory":false,"max_hp_per_floor":[72,72,72,72,72,72,72,72,72,72,72,72,72,72,72,72,72,72,72,72,72,72,72,72,72,72,72,72,72,72,72,72,72,72,72,72,72,72,72,72,72,72,72,72,72,72,72,72,72,72,72,72,77,77,77,77],"relic_stats":{"Peace Pipe":2,"Nunchaku":[7],"counters":[31,108],"Blue Candle":[0],"Snecko Eye":[175,198,190,163],"Pandora\u0027s Box":["MasterReality","Judgement","FearNoEvil","Weave","EmptyFist","Prostrate","Worship","ThirdEye"],"CloakClasp":[263],"Smiling Mask":50,"obtain_stats":[{"Blue Candle":28,"Damaru":20,"CloakClasp":5,"TeardropLocket":54,"Frozen Egg 2":9,"Smiling Mask":25,"Peace Pipe":28,"Nunchaku":40,"Snecko Eye":0,"Pandora\u0027s Box":17,"Philosopher\u0027s Stone":34,"Molten Egg 2":42,"Bag of Marbles":31,"PureWater":0,"StrikeDummy":45,"Meat on the Bone":26},{"Blue Candle":16,"Damaru":10,"CloakClasp":4,"TeardropLocket":30,"Frozen Egg 2":5,"Smiling Mask":13,"Peace Pipe":16,"Nunchaku":23,"Snecko Eye":0,"Pandora\u0027s Box":8,"Philosopher\u0027s Stone":19,"Molten Egg 2":24,"Bag of Marbles":18,"PureWater":0,"StrikeDummy":26,"Meat on the Bone":13},{"Blue Candle":47,"Damaru":33,"CloakClasp":13,"TeardropLocket":105,"Frozen Egg 2":16,"Smiling Mask":40,"Peace Pipe":47,"Nunchaku":71,"Snecko Eye":0,"Pandora\u0027s Box":26,"Philosopher\u0027s Stone":61,"Molten Egg 2":77,"Bag of Marbles":53,"PureWater":0,"StrikeDummy":86,"Meat on the Bone":40}],"Meat on the Bone":24},"card_choices":[{"not_picked":["Wireheading","Fasting2","WreathOfFlame"],"picked":"SKIP","floor":1.0},{"not_picked":["SashWhip","Protect"],"picked":"BowlingBash","floor":2.0},{"not_picked":["Nirvana","SignatureMove","EmptyFist"],"picked":"SKIP","floor":3.0},{"not_picked":["ClearTheMind","CrushJoints","Halt"],"picked":"SKIP","floor":4.0},{"not_picked":["Fasting2","Tantrum"],"picked":"Protect","floor":7.0},{"not_picked":["Crescendo","JustLucky","Wireheading+1"],"picked":"SKIP","floor":10.0},{"not_picked":["WreathOfFlame","FollowUp","Crescendo"],"picked":"SKIP","floor":12.0},{"not_picked":["WreathOfFlame","FollowUp","Crescendo"],"picked":"SKIP","floor":12.0},{"not_picked":["Omniscience","Alpha"],"picked":"Devotion+1","floor":16.0},{"not_picked":["WaveOfTheHand+1","FlyingSleeves"],"picked":"WindmillStrike+1","floor":18.0},{"not_picked":["CarveReality","EmptyBody"],"picked":"MentalFortress+1","floor":19.0},{"not_picked":["JustLucky+1","EmptyFist","ThirdEye"],"picked":"SKIP","floor":21.0},{"not_picked":["Alpha","SignatureMove","Nirvana+1"],"picked":"SKIP","floor":22.0},{"not_picked":["FollowUp","Adaptation+1","SashWhip"],"picked":"SKIP","floor":25.0},{"not_picked":["Consecrate","ClearTheMind","JustLucky"],"picked":"SKIP","floor":27.0},{"not_picked":["SignatureMove","FollowUp"],"picked":"LikeWater+1","floor":29.0},{"not_picked":["Prostrate","SignatureMove+1","Evaluate"],"picked":"SKIP","floor":31.0},{"not_picked":["Scrawl","LessonLearned"],"picked":"Devotion+1","floor":33.0},{"not_picked":["Study+1","Adaptation+1"],"picked":"TalkToTheHand+1","floor":35.0},{"not_picked":["SashWhip","CutThroughFate","Collect+1"],"picked":"SKIP","floor":37.0},{"not_picked":["CrushJoints+1","Consecrate+1","Crescendo"],"picked":"SKIP","floor":38.0},{"not_picked":["LikeWater+1","Prostrate"],"picked":"WindmillStrike+1","floor":40.0},{"not_picked":["Halt","ClearTheMind"],"picked":"Devotion+1","floor":42.0},{"not_picked":["CrushJoints+1","Crescendo","Establishment+1"],"picked":"SKIP","floor":44.0},{"not_picked":["ClearTheMind+1","Judgement","FollowUp+1"],"picked":"SKIP","floor":45.0},{"not_picked":["Indignation","Consecrate+1"],"picked":"EmptyFist+1","floor":47.0},{"not_picked":["WreathOfFlame","InnerPeace+1","FlyingSleeves+1"],"picked":"SKIP","floor":48.0},{"not_picked":["MasterReality+1","Consecrate+1","Conclude+1"],"picked":"SKIP","floor":54}],"player_experience":991451,"relics_obtained":[{"floor":9.0,"key":"Frozen Egg 2"},{"floor":25.0,"key":"Smiling Mask"},{"floor":26.0,"key":"Meat on the Bone"},{"floor":28.0,"key":"Peace Pipe"},{"floor":28.0,"key":"Blue Candle"},{"floor":31.0,"key":"Bag of Marbles"},{"floor":40.0,"key":"Nunchaku"},{"floor":42.0,"key":"Molten Egg 2"},{"floor":45.0,"key":"StrikeDummy"},{"floor":54,"key":"TeardropLocket"}],"event_choices":[{"damage_healed":0.0,"max_hp_gain":0.0,"max_hp_loss":0.0,"gold_gain":0.0,"event_name":"Scrap Ooze","player_choice":"Success","floor":5.0,"gold_loss":0.0,"damage_taken":25.0,"relics_obtained":["CloakClasp"]},{"damage_healed":0.0,"max_hp_gain":0.0,"max_hp_loss":0.0,"gold_gain":0.0,"event_name":"World of Goop","player_choice":"Left Gold","floor":11.0,"gold_loss":44.0,"damage_taken":0.0},{"damage_healed":0.0,"max_hp_gain":0.0,"max_hp_loss":0.0,"gold_gain":100.0,"event_name":"Golden Shrine","player_choice":"Pray","floor":14.0,"gold_loss":0.0,"damage_taken":0.0},{"damage_healed":0.0,"max_hp_gain":0.0,"max_hp_loss":0.0,"gold_gain":0.0,"event_name":"Colosseum","player_choice":"Fight","floor":28.0,"gold_loss":0.0,"damage_taken":0.0},{"damage_healed":0.0,"max_hp_gain":0.0,"max_hp_loss":0.0,"gold_gain":0.0,"event_name":"Colosseum","player_choice":"Fought Nobs","floor":28.0,"gold_loss":0.0,"damage_taken":0.0},{"damage_healed":0.0,"max_hp_gain":0.0,"max_hp_loss":0.0,"gold_gain":0.0,"event_name":"The Woman in Blue","player_choice":"Bought 0 Potions","floor":36.0,"gold_loss":0.0,"damage_taken":0.0}],"is_beta":false,"boss_relics":[{"not_picked":["Calling Bell","Sozu"],"picked":"Pandora\u0027s Box"},{"not_picked":["Runic Pyramid","Tiny House"],"picked":"Philosopher\u0027s Stone"}],"items_purged_floors":[20,39],"is_endless":false,"potions_floor_spawned":[1,3,4,21,27,28,29,33,35,38,40,45,54],"killed_by":"The Heart","ascension_level":4}}