{"host":"f92cxfnb1r2wg3zj","time":1614433099,"event":{"mods":["AchievementEnabler","BaseMod","Better Skull","Challenge The Spire","Minty Spire (QoL Compilation)","Replay The Spire","Spicy Shops","StSLib"],"gold_per_floor":[48,48,158,269,388,400,412,123,234,349,465,465,44,44,157,282,410,539],"floor_reached":19,"language":"ENG","playtime":1697,"items_purged":[],"score":2490,"play_id":"f308924d-01e8-4383-b364-9c32d0f962de","local_time":"20210228000819","daily_mods":["challengethespire:Bronze Difficulty","challengethespire:Modded Boss Rush","Uncertain Future"],"is_ascension_mode":false,"campfire_choices":[{"data":"Survivor","floor":2,"key":"SMITH"},{"floor":14,"key":"REST"}],"circlet_count":0,"master_deck":["Survivor+1","Neutralize+1","Mayhem+1","Infinite Blades+1","Infinite Blades+1","Blade Dance+1","Accuracy+1","A Thousand Cuts+1","CurseOfTheBell","Cloak And Dagger+1","ReplayTheSpireMod:Scrap Shanks+1","Prepared+1","ReplayTheSpireMod:Scrap Shanks+1","Acrobatics+1","Blur+1","ReplayTheSpireMod:Shiv Toss+1","Accuracy+1","Concentrate+1","Catalyst+1","Wraith Form v2+1","ReplayTheSpireMod:From All Sides+1","Tools of the Trade+1","Backstab+1","ReplayTheSpireMod:Shiv Toss+1","ReplayTheSpireMod:Necrosis+1","ReplayTheSpireMod:Speed Training+1","All Out Attack+1","Bullet Time+1","ReplayTheSpireMod:Necrogeddon+1","Adrenaline+1","Backflip+1","Calculated Gamble+1","Dash+1"],"relics":["Ring of the Snake","The Courier","Molten Egg 2","Toxic Egg 2","Frozen Egg 2","Whetstone","Guide Book","Nunchaku","Strawberry","Paper Crane","MawBank","Calling Bell","Happy Flower","Blue Candle","Replay:Kaleidoscope","War Paint","HornCleat","Blue Doll","Pandora\u0027s Box","Snack Pack","Regal Pillow","Eternal Feather","CeramicFish","Replay:Baseball","Pen Nib"],"acts_visited":["Exordium"],"potions_floor_usage":[9,11,15,16,18],"damage_taken":[{"damage":15,"enemies":"Fading Forest","floor":3,"turns":11},{"damage":28,"enemies":"The Guardian","floor":4,"turns":12},{"damage":0,"enemies":"Slime Boss","floor":5,"turns":4},{"damage":3,"enemies":"Pondfish","floor":9,"turns":7},{"damage":19,"enemies":"Collector","floor":10,"turns":5},{"damage":19,"enemies":"Champ","floor":11,"turns":6},{"damage":35,"enemies":"Donu and Deca","floor":15,"turns":6},{"damage":37,"enemies":"Awakened One","floor":16,"turns":5},{"damage":15,"enemies":"Replay:Hell Engine","floor":17,"turns":3},{"damage":36,"enemies":"The Heart","floor":18,"turns":6}],"seed_played":"-4018248185823670206","potions_obtained":[{"floor":4,"key":"LifebloodPotion"},{"floor":5,"key":"FearPotion"},{"floor":11,"key":"Regen Potion"},{"floor":15,"key":"Toxic Potion"},{"floor":17,"key":"Reflective Coating"},{"floor":18,"key":"SpeedPotion"}],"is_trial":true,"path_per_floor":["$","R","M","M","M","T","$","$","M","M","M","T","$","R","M","M","M","M",null],"character_chosen":"THE_SILENT","items_purchased":["Mayhem+1","Whetstone","Infinite Blades+1","Infinite Blades+1","Guide Book","Nunchaku","Cloak And Dagger+1","ReplayTheSpireMod:Scrap Shanks+1","Prepared+1","ReplayTheSpireMod:Scrap Shanks+1","Acrobatics+1","Blur+1","Snack Pack","ReplayTheSpireMod:Necrogeddon+1","Regal Pillow"],"campfire_rested":1,"item_purchase_floors":[1,1,1,1,1,1,8,8,8,8,8,8,13,13,13],"current_hp_per_floor":[70,70,77,49,49,49,49,49,46,27,8,8,8,46,48,25,22,2],"gold":539,"neow_bonus":"","is_daily":false,"chose_seed":false,"campfire_upgraded":1,"win_rate":0.0,"timestamp":1614433099,"path_taken":["$","R","M","M","M","T","$","$","M","M","M","T","$","R","M","M","M","M"],"items_purchased_type":["Card","Relic","Card","Card","Relic","Relic","Card","Card","Card","Card","Card","Card","Relic","Card","Relic"],"build_version":"2020-12-22","purchased_purges":0,"victory":true,"max_hp_per_floor":[70,70,77,77,77,77,77,77,77,77,77,77,77,77,77,77,77,77],"card_choices":[],"player_experience":932772,"relics_obtained":[{"floor":3,"key":"Strawberry"},{"floor":4,"key":"Paper Crane"},{"floor":5,"key":"MawBank"},{"floor":6,"key":"Happy Flower"},{"floor":6,"key":"Blue Candle"},{"floor":6,"key":"Replay:Kaleidoscope"},{"floor":9,"key":"War Paint"},{"floor":10,"key":"HornCleat"},{"floor":11,"key":"Blue Doll"},{"floor":15,"key":"Eternal Feather"},{"floor":16,"key":"CeramicFish"},{"floor":17,"key":"Replay:Baseball"},{"floor":18,"key":"Pen Nib"}],"event_choices":[],"is_beta":false,"boss_relics":[{"not_picked":["Replay:Ancient Bell","Cursed Key"],"picked":"Calling Bell"},{"not_picked":["Astrolabe","Ring of the Serpent"],"picked":"Pandora\u0027s Box"}],"items_purged_floors":[],"is_endless":false,"potions_floor_spawned":[4,5,11,15,17,18],"ascension_level":0}}