{"host":"gfybn4j1d26rvz5e","time":1614389505,"event":{"mods":["BaseMod","Better Altar","Better Match","Better Note","Better Sensory Stone","Better Skull","Better Third Choice","BetterRewards","Highlight Path","Minty Spire (QoL Compilation)","Random Character Button","Relic Stats","StSLib"],"gold_per_floor":[110,70,85,3,21,21,51,51,100,51,65,65,77,111,111,206,206,176,176,176,176,176,176,176,176,176,176,176,176,176,176,176,176,176,176],"floor_reached":34,"language":"ENG","playtime":1379,"items_purged":[],"score":516,"play_id":"4ed4a3eb-6338-45aa-ba09-66385305f718","local_time":"20210226193145","daily_mods":["Chimera","Hoarder","Binary"],"is_ascension_mode":true,"campfire_choices":[{"data":"Eruption","floor":6.0,"key":"SMITH"},{"data":"Bash","floor":8.0,"key":"SMITH"},{"data":"Zap","floor":12.0,"key":"SMITH"},{"floor":15.0,"key":"REST"},{"data":"Backstab","floor":24.0,"key":"SMITH"},{"data":"Cloak And Dagger","floor":32.0,"key":"SMITH"}],"circlet_count":0,"master_deck":["Bash+1","Survivor","Zap+1","Strike_R","Strike_G","Strike_B","Defend_R","Defend_G","Defend_P","Backstab+1","Backstab+1","Backstab","Die Die Die","Die Die Die","Die Die Die","Cloak And Dagger","Cloak And Dagger","Cloak And Dagger+1","Calculated Gamble","Calculated Gamble","Calculated Gamble","Venomology","Venomology","Venomology","Cloak And Dagger+1","Cloak And Dagger+1","Cloak And Dagger+1","Blur","Blur","Blur","Malaise","Malaise","Malaise"],"relics":["Ring of the Snake","Potion Belt","Bag of Marbles","Anchor","Ectoplasm","MawBank","Vajra","Mango","Matryoshka"],"acts_visited":["Exordium","TheCity"],"potions_floor_usage":[],"damage_taken":[{"damage":0.0,"enemies":"Small Slimes","floor":1.0,"turns":3.0},{"damage":1.0,"enemies":"Jaw Worm","floor":3.0,"turns":4.0},{"damage":0.0,"enemies":"Cultist","floor":5.0,"turns":2.0},{"damage":18.0,"enemies":"3 Sentries","floor":7.0,"turns":7.0},{"damage":0.0,"enemies":"Exordium Wildlife","floor":11.0,"turns":1.0},{"damage":0.0,"enemies":"Blue Slaver","floor":13.0,"turns":1.0},{"damage":18.0,"enemies":"Lagavulin","floor":14.0,"turns":3.0},{"damage":52.0,"enemies":"The Guardian","floor":16.0,"turns":8.0},{"damage":0.0,"enemies":"2 Thieves","floor":18.0,"turns":3.0},{"damage":0.0,"enemies":"Shell Parasite","floor":21.0,"turns":1.0},{"damage":10.0,"enemies":"Book of Stabbing","floor":23.0,"turns":5.0},{"damage":0.0,"enemies":"Slavers","floor":27.0,"turns":4.0},{"damage":0.0,"enemies":"Snake Plant","floor":29.0,"turns":1.0},{"damage":0.0,"enemies":"Book of Stabbing","floor":30.0,"turns":1.0},{"damage":0.0,"enemies":"Cultist and Chosen","floor":31.0,"turns":3.0},{"damage":40.0,"enemies":"Automaton","floor":33.0,"turns":11.0}],"seed_played":"1181094124272447114","potions_obtained":[{"floor":2.0,"key":"CultistPotion"},{"floor":2.0,"key":"Weak Potion"},{"floor":2.0,"key":"SneckoOil"},{"floor":7.0,"key":"DuplicationPotion"},{"floor":14.0,"key":"SteroidPotion"},{"floor":18.0,"key":"DuplicationPotion"},{"floor":27.0,"key":"AttackPotion"},{"floor":29.0,"key":"SpeedPotion"}],"is_trial":true,"path_per_floor":["M","?","M","$","M","R","E","R","T","$","M","R","M","E","R","B",null,"M","$","?","M","$","E","R","?","T","E","?","M","E","M","R","B",null],"character_chosen":"THE_SILENT","items_purchased":["Backstab","Cloak And Dagger"],"campfire_rested":1,"item_purchase_floors":[4,10],"current_hp_per_floor":[70,70,69,69,69,69,51,51,51,51,51,51,51,33,54,2,70,70,70,70,70,70,60,60,60,60,74,74,74,74,74,74,34,34,34],"gold":176,"neow_bonus":"","is_daily":false,"chose_seed":false,"campfire_upgraded":5,"win_rate":0.0,"timestamp":1614389505,"path_taken":["M","?","M","?","M","R","E","R","T","$","?","R","M","E","R","BOSS","M","$","?","M","?","E","R","?","T","E","?","M","E","M","R","BOSS"],"items_purchased_type":["Card","Card"],"build_version":"2020-12-22","purchased_purges":0,"victory":false,"max_hp_per_floor":[70,70,70,70,70,70,70,70,70,70,70,70,70,70,70,70,70,70,70,70,70,70,70,70,70,70,84,84,84,84,84,84,84,84,84],"relic_stats":{"counters":[16,58],"Ectoplasm":441,"MawBank":0,"obtain_stats":[{"Potion Belt":7,"Anchor":14,"Matryoshka":30,"Vajra":26,"Mango":27,"Ectoplasm":17,"Bag of Marbles":9,"MawBank":23,"Ring of the Snake":0},{"Potion Belt":4,"Anchor":7,"Matryoshka":14,"Vajra":11,"Mango":12,"Ectoplasm":8,"Bag of Marbles":4,"MawBank":11,"Ring of the Snake":0},{"Potion Belt":16,"Anchor":21,"Matryoshka":44,"Vajra":38,"Mango":42,"Ectoplasm":29,"Bag of Marbles":16,"MawBank":38,"Ring of the Snake":0}],"Ring of the Snake":[32]},"card_choices":[{"not_picked":["PiercingWail","Choke"],"picked":"SKIP","floor":1.0},{"not_picked":["Well Laid Plans","Sucker Punch"],"picked":"SKIP","floor":3.0},{"not_picked":["Flying Knee","Outmaneuver"],"picked":"SKIP","floor":5.0},{"not_picked":["PiercingWail"],"picked":"Die Die Die","floor":7.0},{"not_picked":["Flying Knee","Quick Slash"],"picked":"SKIP","floor":11.0},{"not_picked":["Escape Plan"],"picked":"Calculated Gamble","floor":13.0},{"not_picked":["Distraction","Dagger Throw"],"picked":"SKIP","floor":14.0},{"not_picked":["Unload"],"picked":"Venomology","floor":16.0},{"not_picked":["Endless Agony","Prepared"],"picked":"SKIP","floor":18.0},{"not_picked":["Deadly Poison"],"picked":"Cloak And Dagger+1","floor":21.0},{"not_picked":["All Out Attack+1","Riddle With Holes"],"picked":"SKIP","floor":23.0},{"not_picked":["Poisoned Stab","Deflect"],"picked":"SKIP","floor":27.0},{"not_picked":["Expertise+1","Tactician+1"],"picked":"SKIP","floor":29.0},{"not_picked":["Prepared"],"picked":"Blur","floor":30.0},{"not_picked":["Slice","Flying Knee"],"picked":"SKIP","floor":31.0},{"not_picked":["Die Die Die"],"picked":"Malaise","floor":33.0}],"player_experience":686984,"relics_obtained":[{"floor":7.0,"key":"Potion Belt"},{"floor":9.0,"key":"Bag of Marbles"},{"floor":14.0,"key":"Anchor"},{"floor":23.0,"key":"MawBank"},{"floor":26.0,"key":"Vajra"},{"floor":27.0,"key":"Mango"},{"floor":30.0,"key":"Matryoshka"}],"event_choices":[{"damage_healed":0.0,"max_hp_gain":0.0,"max_hp_loss":0.0,"gold_gain":0.0,"event_name":"The Woman in Blue","player_choice":"Bought 3 Potions","floor":2.0,"gold_loss":0.0,"damage_taken":0.0},{"cards_removed":["Eruption"],"damage_healed":0.0,"max_hp_gain":0.0,"max_hp_loss":0.0,"gold_gain":0.0,"event_name":"Purifier","player_choice":"Purged","floor":20.0,"gold_loss":0.0,"damage_taken":0.0},{"damage_healed":0.0,"max_hp_gain":0.0,"max_hp_loss":0.0,"gold_gain":0.0,"event_name":"Upgrade Shrine","player_choice":"Upgraded","floor":25.0,"gold_loss":0.0,"damage_taken":0.0,"cards_upgraded":["Backstab"]},{"damage_healed":0.0,"max_hp_gain":0.0,"max_hp_loss":0.0,"gold_gain":0.0,"event_name":"N\u0027loth","player_choice":"Ignored","floor":28.0,"gold_loss":0.0,"damage_taken":0.0}],"is_beta":false,"boss_relics":[{"not_picked":["SlaversCollar","Astrolabe"],"picked":"Ectoplasm"}],"items_purged_floors":[],"is_endless":false,"potions_floor_spawned":[5,7,14,18,27,29],"ascension_level":1}}