{"host":"syozzdlzcqop4jia","time":1614387432,"event":{"mods":["AchievementEnabler","BaseMod","Colored Map","Colored Powertips","Minty Spire (QoL Compilation)","Quick Restart"],"gold_per_floor":[117,127,146,65,83,116,132,132,132],"floor_reached":8,"language":"ENG","playtime":342,"items_purged":[],"score":66,"play_id":"2e8ef7cc-7111-4185-b92d-4eb89796c367","local_time":"20210227015712","is_ascension_mode":true,"campfire_choices":[],"circlet_count":0,"master_deck":["Strike_B","Strike_B","Strike_B","Strike_B","Defend_B","Defend_B","Defend_B","Defend_B","Zap+1","Dualcast","Redo","Ball Lightning","Defragment","Redo","Loop+1","Cold Snap"],"relics":["Cracked Core","Frozen Egg 2"],"acts_visited":["Exordium"],"potions_floor_usage":[],"damage_taken":[{"damage":7,"enemies":"2 Louse","floor":1,"turns":2},{"damage":0,"enemies":"Cultist","floor":2,"turns":3},{"damage":0,"enemies":"Small Slimes","floor":3,"turns":2},{"damage":8,"enemies":"Blue Slaver","floor":5,"turns":3},{"damage":36,"enemies":"3 Sentries","floor":6,"turns":6},{"damage":12,"enemies":"Looter","floor":7,"turns":3},{"damage":13,"enemies":"Gremlin Nob","floor":8,"turns":2}],"seed_played":"6725248191232709657","potions_obtained":[{"floor":2,"key":"DistilledChaos"},{"floor":5,"key":"Dexterity Potion"}],"is_trial":false,"path_per_floor":["M","M","M","$","M","E","M","E"],"character_chosen":"DEFECT","items_purchased":["Defragment"],"campfire_rested":0,"item_purchase_floors":[4],"current_hp_per_floor":[68,68,68,68,60,24,12,0,0],"gold":132,"neow_bonus":"UPGRADE_CARD","is_daily":false,"chose_seed":false,"campfire_upgraded":0,"win_rate":0.0,"timestamp":1614387432,"path_taken":["M","M","M","$","M","E","M","E"],"items_purchased_type":["Card"],"build_version":"2020-12-22","purchased_purges":0,"victory":false,"max_hp_per_floor":[75,75,75,75,75,75,75,75,75],"card_choices":[{"not_picked":["Coolheaded","Compile Driver"],"picked":"Redo","floor":1},{"not_picked":["Beam Cell","Leap","Turbo"],"picked":"SKIP","floor":2},{"not_picked":["Barrage","Stack"],"picked":"Ball Lightning","floor":3},{"not_picked":["Fission","Cold Snap"],"picked":"Redo","floor":5},{"not_picked":["Leap","Reinforced Body"],"picked":"Loop+1","floor":6},{"not_picked":["Sweeping Beam","Compile Driver"],"picked":"Cold Snap","floor":7}],"player_experience":741636,"relics_obtained":[{"floor":6,"key":"Frozen Egg 2"}],"event_choices":[],"is_beta":false,"boss_relics":[],"items_purged_floors":[],"is_endless":false,"potions_floor_spawned":[2,5],"killed_by":"Gremlin Nob","ascension_level":2}}