{"host":"xp5rvh2jwe2ejyfm","time":1614455296,"event":{"mods":["2.2 Compatiblity","Aspiration","Bard","BaseMod","Beaked The Cultist","Better Altar","Better Match","Better Note","Better Sensory Stone","Better Skull","BetterRewards","Colored Powertips","Conspire","Downfall","GifTheSpireLib","Gremlin Mod","GungeonMod","Hermit","Hubris","Jorbs\u0027s Wanderer Trilogy","Mad Scientist","Minty Spire (QoL Compilation)","Potionbrewer","Quick Restart","Replay The Spire","Robot Space Explorer","Shade Mod","Somnambulant","StSLib","The Bug Knight","The Clintock","The Construct","The Cursed","The Disciple","The Forsaken","The Hierophant","The Marked","The Mystic","The Necromancer","The Runesmith","The Servant 0.9.4","The Valiant","The Witch","TheFirefly","TheVacant","thorton"],"gold_per_floor":[116,130,148,223,223,223,223,236,261,261,1,1,30,47,47,47,47],"floor_reached":16,"language":"ENG","playtime":487,"items_purged":[],"score":100,"play_id":"5dfe0c60-53ce-487f-ad83-f83586c4605b","local_time":"20210227144816","is_ascension_mode":false,"campfire_choices":[{"floor":6,"key":"RECALL"},{"floor":10,"key":"REST"},{"floor":12,"key":"REST"},{"floor":15,"key":"REST"}],"circlet_count":0,"master_deck":["MadScienceMod:Strike_MadScience","MadScienceMod:Strike_MadScience","MadScienceMod:Strike_MadScience","MadScienceMod:Strike_MadScience","MadScienceMod:Defend_MadScience","MadScienceMod:Defend_MadScience+1","MadScienceMod:Defend_MadScience","MadScienceMod:Defend_MadScience+1","MadScienceMod:PoweredStrike","MadScienceMod:HideBehindJunk+1","MadScienceMod:FumeBlast","MadScienceMod:RadioactiveSword","MadScienceMod:Strafe","Chrysalis","MadScienceMod:ParticleBeam","MadScienceMod:MinatureWeapons","MadScienceMod:RadioactiveSword","MadScienceMod:RadioactiveSword","MadScienceMod:FragmentationGrenade","MadScienceMod:OilDrum"],"relics":["MadScienceMod:FuelTank","NeowsBlessing","War Paint","Slimebound:StickyStick"],"acts_visited":["Exordium"],"potions_floor_usage":[14,16],"damage_taken":[{"damage":0,"enemies":"Small Slimes","floor":1,"turns":1},{"damage":0,"enemies":"Jaw Worm","floor":2,"turns":1},{"damage":0,"enemies":"2 Louse","floor":3,"turns":1},{"damage":27,"enemies":"Large Slime","floor":8,"turns":9},{"damage":60,"enemies":"3 Sentries","floor":13,"turns":8},{"damage":4,"enemies":"Blue Slaver","floor":14,"turns":3},{"damage":41,"enemies":"The Guardian","floor":16,"turns":7}],"seed_played":"-14070689112207771","potions_obtained":[{"floor":2,"key":"FearPotion"},{"floor":14,"key":"Milkshake"}],"is_trial":false,"path_per_floor":["M","M","M","?","?","R","?","M","T","R","$","R","E","M","R","B"],"character_chosen":"MAD_SCIENTIST","items_purchased":["MadScienceMod:MinatureWeapons","MadScienceMod:RadioactiveSword","DemoMod:WeirdEgg"],"campfire_rested":3,"item_purchase_floors":[11,11,11],"current_hp_per_floor":[75,75,75,64,64,64,64,37,37,59,59,75,15,11,33,0,0],"gold":47,"neow_bonus":"THREE_ENEMY_KILL","is_daily":false,"chose_seed":false,"campfire_upgraded":0,"win_rate":0.0,"timestamp":1614455296,"path_taken":["M","M","M","?","?","R","?","M","T","R","$","R","E","M","R","BOSS"],"items_purchased_type":["Card","Card","Relic"],"build_version":"2020-12-22","purchased_purges":0,"victory":false,"max_hp_per_floor":[75,75,75,75,75,75,75,75,75,75,75,75,75,75,75,75,75],"card_choices":[{"not_picked":["MadScienceMod:ShrinkRay","MadScienceMod:Refuel"],"picked":"MadScienceMod:FumeBlast","floor":1},{"not_picked":["MadScienceMod:RecyclingStation","MadScienceMod:Detonate"],"picked":"MadScienceMod:RadioactiveSword","floor":2},{"not_picked":["MadScienceMod:JunkLaser","MadScienceMod:EnergyBarrier"],"picked":"MadScienceMod:Strafe","floor":3},{"not_picked":["Master of Strategy","DemoMod:Deposit"],"picked":"Chrysalis","floor":7},{"not_picked":["MadScienceMod:FlammableWall","MadScienceMod:Detonate"],"picked":"MadScienceMod:ParticleBeam","floor":8},{"not_picked":["MadScienceMod:Tinker","MadScienceMod:Retarget"],"picked":"MadScienceMod:FragmentationGrenade","floor":13},{"not_picked":["MadScienceMod:Sprocket","MadScienceMod:ShrinkRay"],"picked":"MadScienceMod:OilDrum","floor":14}],"player_experience":590565,"relics_obtained":[{"floor":13,"key":"Slimebound:StickyStick"}],"event_choices":[{"damage_healed":0,"gold_gain":75,"player_choice":"Gather Gold","damage_taken":11,"max_hp_gain":0,"max_hp_loss":0,"event_name":"World of Goop","floor":4,"gold_loss":0},{"damage_healed":0,"gold_gain":0,"player_choice":"Grow","damage_taken":0,"max_hp_gain":0,"max_hp_loss":0,"event_name":"Living Wall","floor":5,"gold_loss":0,"cards_upgraded":["MadScienceMod:HideBehindJunk"]},{"damage_healed":0,"gold_gain":1,"player_choice":"1","damage_taken":0,"max_hp_gain":0,"max_hp_loss":0,"event_name":"betterStone:BetterStone","floor":7,"gold_loss":0}],"is_beta":false,"boss_relics":[],"items_purged_floors":[],"is_endless":false,"potions_floor_spawned":[2,14],"killed_by":"The Guardian","ascension_level":0}}