{"host":"dq2d9inx7yjdstkp","time":1614404060,"event":{"mods":["AchievementEnabler","BaseMod","Colored Map","DeckTracker","Minty Spire (QoL Compilation)","Permanent Neow","Quick Restart","StSLib"],"gold_per_floor":[14,9047,9047,9067,9067,9067,9111,9132,9158,9179,9179,9223,9236,9192,9192,9315,9315,9336,8132,8132,8156,8181,8181,8225,8266,8266,7396,7416,7460,7460,7475,7475,7598,7598,7621,7636,6658,6677,7010,7043,7043,7076,7076,7092,6365,6365,6415,6415,6415,6415],"floor_reached":51,"language":"KOR","playtime":2013,"items_purged":["Strike_R","Strike_R","Strike_R","Strike_R","Pain"],"score":1017,"play_id":"80e59fae-517c-43e4-a3a1-beb1f83c8d8a","local_time":"20210227143420","is_ascension_mode":true,"campfire_choices":[{"data":"Armaments","floor":6,"key":"SMITH"},{"floor":15,"key":"REST"},{"data":"Apotheosis","floor":23,"key":"SMITH"},{"data":"Strike_R","floor":32,"key":"PURGE"},{"data":"Regret","floor":41,"key":"PURGE"},{"data":"Defend_R","floor":46,"key":"PURGE"},{"data":"Armaments","floor":49,"key":"PURGE"}],"circlet_count":0,"master_deck":["Defend_R","Defend_R","Defend_R","Bash","Clash","Clash","Clash","Spot Weakness","Armaments+1","Whirlwind","Pommel Strike","True Grit","Warcry","Warcry","Pummel","Demon Form+1","Pummel","Apotheosis+1","Heavy Blade+1","Spot Weakness+1","Flex+1","Battle Trance","Mayhem+1","Warcry+1","Inflame+1","Infernal Blade+1","Pummel+1","Spot Weakness+1","Finesse+1","Blade Dance+1","Escape Plan+1","Terror+1","Cleave","Chrysalis+1","Rampage","Double Tap+1"],"relics":["Burning Blood","Incense Burner","Mummified Hand","Red Skull","Orrery","Vajra","HornCleat","Toy Ornithopter","Gremlin Horn","Frozen Egg 2","Philosopher\u0027s Stone","Chemical X","Pear","Peace Pipe","Red Mask","Mango","Bottled Tornado","Blood Vial","Pantograph","Lee\u0027s Waffle","Strawberry","Cursed Key","PrismaticShard","WingedGreaves","Toxic Egg 2","Bronze Scales","Anchor","Kunai","Regal Pillow","Orichalcum","HandDrill","Ginger"],"acts_visited":["Exordium","TheCity","TheBeyond"],"potions_floor_usage":[16,16,16,21,33,33,33,38,50],"damage_taken":[{"damage":11,"enemies":"Jaw Worm","floor":1,"turns":2},{"damage":0,"enemies":"Small Slimes","floor":4,"turns":2},{"damage":14,"enemies":"3 Sentries","floor":7,"turns":6},{"damage":0,"enemies":"2 Louse","floor":8,"turns":2},{"damage":16,"enemies":"Large Slime","floor":10,"turns":4},{"damage":37,"enemies":"Gremlin Nob","floor":12,"turns":5},{"damage":0,"enemies":"3 Louse","floor":13,"turns":2},{"damage":30,"enemies":"The Guardian","floor":16,"turns":13},{"damage":19,"enemies":"Spheric Guardian","floor":18,"turns":4},{"damage":0,"enemies":"Shell Parasite","floor":21,"turns":1},{"damage":4,"enemies":"Snake Plant","floor":22,"turns":3},{"damage":5,"enemies":"Masked Bandits","floor":24,"turns":3},{"damage":1,"enemies":"Slavers","floor":25,"turns":2},{"damage":0,"enemies":"Snecko","floor":28,"turns":3},{"damage":0,"enemies":"Gremlin Leader","floor":29,"turns":4},{"damage":0,"enemies":"Centurion and Healer","floor":31,"turns":2},{"damage":25,"enemies":"Collector","floor":33,"turns":6},{"damage":5,"enemies":"3 Darklings","floor":35,"turns":4},{"damage":10,"enemies":"3 Shapes","floor":36,"turns":3},{"damage":22,"enemies":"Transient","floor":38,"turns":5},{"damage":0,"enemies":"Reptomancer","floor":40,"turns":3},{"damage":15,"enemies":"Nemesis","floor":42,"turns":3},{"damage":7,"enemies":"Jaw Worm Horde","floor":44,"turns":2},{"damage":0,"enemies":"Mind Bloom Boss Battle","floor":47,"turns":2},{"damage":42,"enemies":"Time Eater","floor":50,"turns":5}],"seed_played":"3715363269963347858","potions_obtained":[{"floor":13,"key":"HeartOfIron"},{"floor":24,"key":"SpeedPotion"},{"floor":25,"key":"SneckoOil"},{"floor":33,"key":"Energy Potion"},{"floor":36,"key":"Fruit Juice"},{"floor":42,"key":"SpeedPotion"}],"is_trial":false,"path_per_floor":["M","$","?","M","?","R","E","M","T","M","?","E","M","?","R","B",null,"M","$","?","M","M","R","?","E","T","$","M","E","?","M","R","B",null,"M","M","$","M","?","E","R","E","T","M","$","R","?","?","R","B",null],"character_chosen":"IRONCLAD","items_purchased":["Mummified Hand","Red Skull","Orrery","LiquidBronze","PowerPotion","Block Potion","Whirlwind","Pommel Strike","True Grit","Chemical X","Pear","Peace Pipe","Apotheosis","Heavy Blade","LiquidBronze","Fire Potion","Strength Potion","Blood Vial","Pantograph","Lee\u0027s Waffle","Mayhem+1","PrismaticShard","WingedGreaves","Toxic Egg 2","Finesse+1","Strength Potion","Regal Pillow","Orichalcum","HandDrill","ElixirPotion","Cleave"],"campfire_rested":1,"item_purchase_floors":[2,2,2,2,2,2,2,2,2,19,19,19,19,19,19,19,19,27,27,27,27,37,37,37,37,37,45,45,45,45,45],"current_hp_per_floor":[75,75,55,61,58,58,50,56,56,46,46,15,21,21,45,36,80,67,77,77,88,90,90,90,104,104,111,111,118,118,118,118,99,118,118,114,114,108,108,116,116,109,109,110,110,110,123,123,123,92],"gold":6415,"neow_bonus":"ONE_RARE_RELIC","is_daily":false,"chose_seed":false,"campfire_upgraded":2,"win_rate":0.0,"timestamp":1614404060,"path_taken":["M","$","?","M","?","R","E","M","T","M","?","E","M","?","R","BOSS","M","$","?","M","M","R","?","E","T","$","M","E","?","?","R","BOSS","M","M","$","M","?","E","R","E","T","M","$","R","?","?","R","BOSS"],"items_purchased_type":["Relic","Relic","Relic","Potion","Potion","Potion","Card","Card","Card","Relic","Relic","Relic","Card","Card","Potion","Potion","Potion","Relic","Relic","Relic","Card","Relic","Relic","Relic","Card","Potion","Relic","Relic","Relic","Potion","Card"],"build_version":"2020-12-22","purchased_purges":5,"victory":true,"max_hp_per_floor":[80,80,80,80,80,80,80,80,80,80,80,80,80,80,80,80,80,80,90,90,90,90,90,90,104,104,111,111,118,118,118,118,118,118,118,118,118,123,123,123,123,123,123,123,123,123,123,123,123,123],"card_choices":[{"not_picked":["Sword Boomerang","Dual Wield"],"picked":"Clash","floor":1},{"not_picked":["Sword Boomerang","Dual Wield"],"picked":"Clash","floor":1},{"not_picked":["Headbutt","Dark Embrace"],"picked":"Clash","floor":2},{"not_picked":["Pommel Strike","Double Tap"],"picked":"Spot Weakness","floor":2},{"not_picked":["Thunderclap","Combust"],"picked":"Armaments","floor":2},{"not_picked":["Carnage","Clash"],"picked":"Armaments","floor":4},{"not_picked":["Fiend Fire","Wild Strike"],"picked":"Warcry","floor":7},{"not_picked":["Anger","Twin Strike","True Grit"],"picked":"SKIP","floor":8},{"not_picked":["Sword Boomerang","Clash"],"picked":"Warcry","floor":10},{"not_picked":["True Grit","Shockwave","Combust+1"],"picked":"SKIP","floor":12},{"not_picked":["Reckless Charge","Impervious"],"picked":"Pummel","floor":13},{"not_picked":["Bludgeon","Impervious"],"picked":"Demon Form+1","floor":16},{"not_picked":["Perfected Strike","Cleave"],"picked":"Pummel","floor":18},{"not_picked":["Wild Strike","Burning Pact","Body Slam+1"],"picked":"SKIP","floor":21},{"not_picked":["Sword Boomerang+1","Anger"],"picked":"Spot Weakness+1","floor":22},{"not_picked":["Ghostly Armor","Clothesline"],"picked":"Flex+1","floor":24},{"not_picked":["Metallicize+1","True Grit"],"picked":"Battle Trance","floor":25},{"not_picked":["Fire Breathing+1","Perfected Strike"],"picked":"Warcry+1","floor":28},{"not_picked":["Spot Weakness","Cleave"],"picked":"Inflame+1","floor":29},{"not_picked":["Reckless Charge","Iron Wave"],"picked":"Infernal Blade+1","floor":31},{"not_picked":["Warcry+1","Power Through+1"],"picked":"Pummel+1","floor":35},{"not_picked":["Warcry","Power Through+1"],"picked":"Spot Weakness+1","floor":36},{"not_picked":["Deadly Poison+1","CarveReality+1"],"picked":"Blade Dance+1","floor":38},{"not_picked":["Slice","Leap+1","ClearTheMind+1"],"picked":"SKIP","floor":40},{"not_picked":["Blood for Blood+1","Underhanded Strike"],"picked":"Escape Plan+1","floor":42},{"not_picked":["Shrug It Off+1","Metallicize+1"],"picked":"Terror+1","floor":44},{"not_picked":["Consecrate+1","Jack Of All Trades+1"],"picked":"Chrysalis+1","floor":47}],"player_experience":9658,"relics_obtained":[{"floor":7,"key":"HornCleat"},{"floor":9,"key":"Toy Ornithopter"},{"floor":12,"key":"Frozen Egg 2"},{"floor":24,"key":"Red Mask"},{"floor":25,"key":"Mango"},{"floor":26,"key":"Bottled Tornado"},{"floor":29,"key":"Strawberry"},{"floor":40,"key":"Bronze Scales"},{"floor":42,"key":"Anchor"},{"floor":43,"key":"Kunai"},{"floor":47,"key":"Ginger"}],"event_choices":[{"damage_healed":0,"gold_gain":0,"player_choice":"Take Damage","damage_taken":20,"relics_obtained":["Golden Idol"],"max_hp_gain":0,"max_hp_loss":0,"event_name":"Golden Idol","floor":3,"gold_loss":0},{"damage_healed":0,"gold_gain":0,"player_choice":"Success","damage_taken":3,"relics_obtained":["Vajra"],"max_hp_gain":0,"max_hp_loss":0,"event_name":"Scrap Ooze","floor":5,"gold_loss":0},{"damage_healed":0,"gold_gain":0,"player_choice":"Box","damage_taken":0,"relics_obtained":["Gremlin Horn"],"max_hp_gain":0,"max_hp_loss":0,"event_name":"Big Fish","floor":11,"gold_loss":0,"cards_obtained":["Regret"]},{"damage_healed":0,"gold_gain":0,"player_choice":"Left Gold","damage_taken":0,"max_hp_gain":0,"max_hp_loss":0,"event_name":"World of Goop","floor":14,"gold_loss":44},{"damage_healed":0,"gold_gain":0,"player_choice":"Ignored","damage_taken":0,"max_hp_gain":0,"max_hp_loss":0,"event_name":"Vampires","floor":20,"gold_loss":0},{"damage_healed":0,"gold_gain":0,"player_choice":"Fought Bandits","damage_taken":0,"max_hp_gain":0,"max_hp_loss":0,"event_name":"Masked Bandits","floor":24,"gold_loss":0},{"damage_healed":0,"gold_gain":0,"player_choice":"Forge","damage_taken":0,"max_hp_gain":0,"max_hp_loss":0,"event_name":"Accursed Blacksmith","floor":30,"gold_loss":0,"cards_upgraded":["Heavy Blade"]},{"damage_healed":0,"gold_gain":333,"player_choice":"Gave Idol","damage_taken":0,"max_hp_gain":0,"max_hp_loss":0,"event_name":"The Moai Head","floor":39,"relics_lost":["Golden Idol"],"gold_loss":0},{"damage_healed":0,"gold_gain":0,"player_choice":"Fight","damage_taken":0,"max_hp_gain":0,"max_hp_loss":0,"event_name":"MindBloom","floor":47,"gold_loss":0},{"damage_healed":0,"gold_gain":0,"player_choice":"2 cards matched","damage_taken":0,"max_hp_gain":0,"max_hp_loss":0,"event_name":"Match and Keep!","floor":48,"gold_loss":0,"cards_obtained":["Rampage","Double Tap"]}],"is_beta":false,"boss_relics":[{"not_picked":["Calling Bell","Empty Cage"],"picked":"Philosopher\u0027s Stone"},{"not_picked":["Velvet Choker","Snecko Eye"],"picked":"Cursed Key"}],"items_purged_floors":[2,19,27,37,45],"is_endless":false,"potions_floor_spawned":[7,10,13,24,25,29,33,36,42,47],"ascension_level":1}}