{"host":"ktoxvvst1mwxww91","time":1614440845,"event":{"mods":["BaseMod","Downfall","Hermit","Minty Spire (QoL Compilation)","StSLib","The Hierophant","The Necromancer"],"gold_per_floor":[111,131,4,4,4,35,35,45,45,220,236,236,253,281,281,281,281],"floor_reached":16,"language":"ENG","playtime":491,"items_purged":["Defend_P"],"score":189,"play_id":"bc5d3d97-4099-4ef9-85a0-9dee591ef1bf","local_time":"20210227164725","is_ascension_mode":true,"campfire_choices":[{"data":"PathToVictory","floor":7,"key":"SMITH"},{"data":"ThirdEye","floor":12,"key":"SMITH"},{"floor":15,"key":"REST"}],"circlet_count":0,"master_deck":["Strike_P","Strike_P","Strike_P+1","Strike_P","Defend_P","Defend_P+1","Defend_P","Vigilance","Protect","Evaluate","PathToVictory+1","Protect","EmptyBody","Doubt","ThirdEye+1","CrushJoints","PathToVictory"],"relics":["PureWater","NeowsBlessing","Orichalcum","Shuriken","Potion Belt"],"acts_visited":["Exordium"],"potions_floor_usage":[8,16,16],"damage_taken":[{"damage":0,"enemies":"Jaw Worm","floor":1,"turns":1},{"damage":0,"enemies":"Small Slimes","floor":2,"turns":1},{"damage":0,"enemies":"Gremlin Nob","floor":6,"turns":1},{"damage":0,"enemies":"2 Louse","floor":8,"turns":3},{"damage":6,"enemies":"Exordium Thugs","floor":11,"turns":7},{"damage":8,"enemies":"Large Slime","floor":13,"turns":11},{"damage":17,"enemies":"Lagavulin","floor":14,"turns":7},{"damage":39,"enemies":"Slime Boss","floor":16,"turns":9}],"seed_played":"1208629735468353630","potions_obtained":[{"floor":6,"key":"LiquidMemories"},{"floor":13,"key":"GamblersBrew"},{"floor":14,"key":"FearPotion"}],"is_trial":false,"path_per_floor":["M","M","$","?","?","E","R","M","T","?","M","R","M","E","R","B"],"character_chosen":"WATCHER","items_purchased":["PathToVictory"],"campfire_rested":1,"item_purchase_floors":[3],"current_hp_per_floor":[65,65,65,51,44,44,44,44,44,44,38,38,30,13,34,0,0],"gold":281,"neow_bonus":"THREE_ENEMY_KILL","is_daily":false,"chose_seed":false,"campfire_upgraded":2,"win_rate":0.0,"timestamp":1614440845,"path_taken":["M","M","$","?","?","E","R","M","T","?","?","R","M","E","R","BOSS"],"items_purchased_type":["Card"],"build_version":"2020-12-22","purchased_purges":1,"victory":false,"max_hp_per_floor":[72,72,72,72,72,72,72,72,72,72,72,72,72,72,72,72,72],"card_choices":[{"not_picked":["Wallop","JustLucky"],"picked":"Protect","floor":1},{"not_picked":["EmptyMind","CrushJoints"],"picked":"Evaluate","floor":2},{"not_picked":["Adaptation","ForeignInfluence"],"picked":"Protect","floor":6},{"not_picked":["FlyingSleeves","BowlingBash"],"picked":"EmptyBody","floor":8},{"not_picked":["FollowUp","Halt"],"picked":"ThirdEye","floor":11},{"not_picked":["Prostrate","SpiritShield"],"picked":"CrushJoints","floor":13},{"not_picked":["Fasting2","Indignation"],"picked":"PathToVictory","floor":14}],"player_experience":1181381,"relics_obtained":[{"floor":6,"key":"Orichalcum"},{"floor":9,"key":"Shuriken"},{"floor":14,"key":"Potion Belt"}],"event_choices":[{"damage_healed":0,"gold_gain":0,"player_choice":"Entered Light","damage_taken":14,"max_hp_gain":0,"max_hp_loss":0,"event_name":"Shining Light","floor":4,"gold_loss":0,"cards_upgraded":["Strike_P","Defend_P"]},{"cards_removed":["Eruption"],"damage_healed":0,"gold_gain":0,"player_choice":"Card Removal","damage_taken":7,"max_hp_gain":0,"max_hp_loss":0,"event_name":"Golden Wing","floor":5,"gold_loss":0},{"damage_healed":0,"gold_gain":175,"player_choice":"AGREE","damage_taken":0,"max_hp_gain":0,"max_hp_loss":0,"event_name":"Liars Game","floor":10,"gold_loss":0,"cards_obtained":["Doubt"]}],"is_beta":false,"boss_relics":[],"items_purged_floors":[3],"is_endless":false,"potions_floor_spawned":[6,13,14],"killed_by":"Slime Boss","ascension_level":8}}