{"host":"5ueuk67tsx07ylcu","time":1614386687,"event":{"mods":["Act Like it!","BaseMod","Colored Map","Colored Powertips","Downfall","Duelist Mod","GifTheSpireLib","GungeonMod","Hallownest","Hermit","Infinite Spire","Library of Ruina","Lobotomy","Minty Spire (QoL Compilation)","Reliquary","Ruina","StSLib","The Animator"],"gold_per_floor":[13,32,46,56,56,83,8,8,8,8,8,8,37,49,49,49,49],"floor_reached":16,"language":"ENG","playtime":599,"items_purged":["Strike_R"],"score":110,"play_id":"fa2de18d-4389-4810-9e9f-81d6724747c5","local_time":"20210226194447","is_ascension_mode":false,"campfire_choices":[{"floor":8,"key":"RECALL"},{"data":"Rage","floor":10,"key":"SMITH"},{"data":"Pommel Strike","floor":15,"key":"SMITH"}],"circlet_count":0,"master_deck":["Strike_R","Strike_R","Defend_R","Defend_R","Defend_R","Defend_R","Bash","Rage+1","Pommel Strike+1","Demon Form","Cleave"],"relics":["Burning Blood","Omamori","infinitespire:Golems Mask","Nunchaku"],"acts_visited":["Exordium"],"potions_floor_usage":[6,6,13],"damage_taken":[{"damage":13,"enemies":"Cultist","floor":1,"turns":6},{"damage":3,"enemies":"2 Louse","floor":2,"turns":3},{"damage":7,"enemies":"Jaw Worm","floor":3,"turns":4},{"damage":6,"enemies":"Looter","floor":4,"turns":3},{"damage":29,"enemies":"Lagavulin","floor":6,"turns":6},{"damage":22,"enemies":"3 Sentries","floor":13,"turns":5},{"damage":1,"enemies":"Large Slime","floor":14,"turns":6},{"damage":41,"enemies":"Slime Boss","floor":16,"turns":6}],"seed_played":"-7568002453989526586","potions_obtained":[{"floor":2,"key":"SkillPotion"},{"floor":4,"key":"Energy Potion"},{"floor":6,"key":"DistilledChaos"}],"is_trial":false,"path_per_floor":["M","M","M","M","$","E","$","R","T","R","?","T","E","M","R","B"],"character_chosen":"IRONCLAD","items_purchased":[],"campfire_rested":0,"item_purchase_floors":[],"current_hp_per_floor":[73,76,75,75,75,52,52,52,52,52,52,52,36,41,41,0,0],"gold":49,"neow_bonus":"REMOVE_TWO","is_daily":false,"chose_seed":false,"campfire_upgraded":2,"win_rate":0.0,"timestamp":1614386687,"path_taken":["M","M","M","M","$","E","?","R","T","R","?","?","E","M","R","BOSS"],"items_purchased_type":[],"build_version":"2020-12-22","purchased_purges":1,"victory":false,"max_hp_per_floor":[80,80,80,80,80,80,80,80,80,80,80,80,80,80,80,80,80],"card_choices":[{"not_picked":["Body Slam","Intimidate"],"picked":"Rage","floor":1},{"not_picked":["Shrug It Off","Whirlwind"],"picked":"Pommel Strike","floor":2},{"not_picked":["Corruption","Pommel Strike","Anger"],"picked":"SKIP","floor":3},{"not_picked":["Iron Wave","Rupture"],"picked":"Demon Form","floor":4},{"not_picked":["Headbutt","Seeing Red"],"picked":"Cleave","floor":6},{"not_picked":["Body Slam","Headbutt","Iron Wave"],"picked":"SKIP","floor":13},{"not_picked":["Body Slam","Pommel Strike","Havoc"],"picked":"SKIP","floor":14}],"player_experience":365597,"relics_obtained":[{"floor":6,"key":"Omamori"},{"floor":12,"key":"infinitespire:Golems Mask"},{"floor":13,"key":"Nunchaku"}],"event_choices":[],"is_beta":false,"boss_relics":[],"items_purged_floors":[7],"is_endless":false,"potions_floor_spawned":[2,4,6],"killed_by":"Slime Boss","ascension_level":0}}