{"host":"m0bekkrd201b63ug","time":1614395831,"event":{"mods":["AchievementEnabler","BaseMod","Colored Powertips","Highlight Path","Minty Spire (QoL Compilation)","Rare Cards Sparkle","StSLib","SuperFastMode","everything is the same but u backflip on backflip","slay the spire mod where everything is the same but ironclad has a cowboy hat"],"gold_per_floor":[114,189,154,165,20,47,47,64,64,110,121,121,155,165,165,239,239,258,278,278,292,292,292],"floor_reached":22,"language":"ENG","playtime":710,"items_purged":[],"score":393,"play_id":"aa5cb3f6-fa2f-417d-b6ac-839cf84b4550","local_time":"20210227001711","is_ascension_mode":true,"campfire_choices":[{"data":"Streamline","floor":7.0,"key":"SMITH"},{"data":"Auto Shields","floor":12.0,"key":"SMITH"},{"floor":15.0,"key":"REST"}],"circlet_count":0,"master_deck":["AscendersBane","Strike_B","Strike_B","Strike_B","Strike_B","Defend_B","Defend_B","Defend_B","Defend_B","Zap","Dualcast","Barrage","Auto Shields+1","Streamline+1","Stack","Cold Snap","Hologram","Rebound","All For One","Steam","Necronomicurse","Go for the Eyes"],"relics":["Cracked Core","NeowsBlessing","Bag of Marbles","Du-Vu Doll","CaptainsWheel","Ancient Tea Set","Bag of Preparation","Runic Pyramid","Necronomicon"],"acts_visited":["Exordium","TheCity"],"potions_floor_usage":[],"damage_taken":[{"damage":0.0,"enemies":"Small Slimes","floor":1.0,"turns":1.0},{"damage":0.0,"enemies":"2 Louse","floor":4.0,"turns":1.0},{"damage":0.0,"enemies":"Gremlin Nob","floor":6.0,"turns":1.0},{"damage":2.0,"enemies":"Jaw Worm","floor":8.0,"turns":3.0},{"damage":9.0,"enemies":"Lagavulin","floor":10.0,"turns":6.0},{"damage":14.0,"enemies":"Gremlin Gang","floor":11.0,"turns":5.0},{"damage":14.0,"enemies":"Gremlin Nob","floor":13.0,"turns":4.0},{"damage":15.0,"enemies":"Exordium Thugs","floor":14.0,"turns":6.0},{"damage":24.0,"enemies":"Slime Boss","floor":16.0,"turns":11.0},{"damage":13.0,"enemies":"3 Byrds","floor":18.0,"turns":6.0},{"damage":16.0,"enemies":"2 Thieves","floor":19.0,"turns":4.0},{"damage":7.0,"enemies":"Chosen and Byrds","floor":21.0,"turns":5.0},{"damage":5,"enemies":"Centurion and Healer","floor":22,"turns":2}],"seed_played":"-3187351650327905005","potions_obtained":[{"floor":1.0,"key":"SkillPotion"},{"floor":6.0,"key":"ColorlessPotion"},{"floor":10.0,"key":"Ancient Potion"},{"floor":18.0,"key":"GamblersBrew"}],"is_trial":false,"path_per_floor":["M","?","?","M","$","E","R","M","T","E","M","R","E","M","R","B",null,"M","M","?","M","M"],"character_chosen":"DEFECT","items_purchased":["Bag of Marbles"],"campfire_rested":1,"item_purchase_floors":[5],"current_hp_per_floor":[64,53,70,70,70,70,70,68,68,59,45,45,31,16,37,13,57,44,28,12,5,0,0],"gold":292,"neow_bonus":"THREE_ENEMY_KILL","is_daily":false,"chose_seed":false,"campfire_upgraded":2,"win_rate":0.0,"timestamp":1614395831,"path_taken":["M","?","?","M","?","E","R","M","T","E","M","R","E","M","R","BOSS","M","?","?","M","M"],"items_purchased_type":["Relic"],"build_version":"2020-12-22","purchased_purges":0,"victory":false,"max_hp_per_floor":[71,71,71,71,71,71,71,71,71,71,71,71,71,71,71,71,71,71,71,71,71,71,71],"card_choices":[{"not_picked":["Skim","Heatsinks"],"picked":"Barrage","floor":1.0},{"not_picked":["Lockon","Streamline"],"picked":"Auto Shields","floor":4.0},{"not_picked":["Conserve Battery","Steam Power"],"picked":"Streamline","floor":6.0},{"not_picked":["Rebound","Defragment"],"picked":"Stack","floor":8.0},{"not_picked":["Stack","Compile Driver","Gash"],"picked":"SKIP","floor":10.0},{"not_picked":["Sunder","Thunder Strike","Cold Snap"],"picked":"SKIP","floor":11.0},{"not_picked":["Sunder","Thunder Strike"],"picked":"Cold Snap","floor":11.0},{"not_picked":["Sweeping Beam","Streamline"],"picked":"Hologram","floor":13.0},{"not_picked":["Tempest","Gash"],"picked":"Rebound","floor":14.0},{"not_picked":["Amplify","Hyperbeam"],"picked":"All For One","floor":16.0},{"not_picked":["Coolheaded","Stack","Static Discharge"],"picked":"SKIP","floor":18.0},{"not_picked":["Capacitor","Reinforced Body"],"picked":"Steam","floor":19.0},{"not_picked":["Auto Shields","Ball Lightning"],"picked":"Go for the Eyes","floor":21.0}],"player_experience":313489,"relics_obtained":[{"floor":6.0,"key":"Du-Vu Doll"},{"floor":9.0,"key":"CaptainsWheel"},{"floor":10.0,"key":"Ancient Tea Set"},{"floor":13.0,"key":"Bag of Preparation"},{"floor":20.0,"key":"Necronomicon"}],"event_choices":[{"damage_healed":0.0,"max_hp_gain":0.0,"max_hp_loss":0.0,"gold_gain":75.0,"event_name":"World of Goop","player_choice":"Gather Gold","floor":2.0,"gold_loss":0.0,"damage_taken":11.0},{"damage_healed":17.0,"max_hp_gain":0.0,"max_hp_loss":0.0,"gold_gain":0.0,"event_name":"The Cleric","player_choice":"Healed","floor":3.0,"gold_loss":35.0,"damage_taken":0.0},{"damage_healed":0.0,"max_hp_gain":0.0,"max_hp_loss":0.0,"gold_gain":0.0,"event_name":"Cursed Tome","player_choice":"Obtained Book","floor":20.0,"gold_loss":0.0,"damage_taken":16.0}],"is_beta":false,"boss_relics":[{"not_picked":["Snecko Eye","Busted Crown"],"picked":"Runic Pyramid"}],"items_purged_floors":[],"is_endless":false,"potions_floor_spawned":[1,6,10,18],"killed_by":"Centurion and Healer","ascension_level":14}}