{"host":"d02vqrhhew441p6s","time":1614399767,"event":{"mods":["BaseMod","Downfall","Duelist Mod","Halation","Infinite Spire","Minty Spire (QoL Compilation)","StSLib"],"gold_per_floor":[125,136,136,136,25,37,137,137,169,169,189,205,205,205],"floor_reached":13,"language":"ENG","playtime":533,"items_purged":[],"score":129,"play_id":"07a7e405-4b46-4004-b969-e55889f12b7b","local_time":"20210227052247","is_ascension_mode":true,"campfire_choices":[{"data":"theDuelist:NaturiaHorneedle","floor":1,"key":"SMITH"},{"data":"theDuelist:SummoningSwarm","floor":8,"key":"SMITH"},{"data":"theDuelist:NaturiaSunflower","floor":10,"key":"SMITH"}],"circlet_count":0,"master_deck":["AscendersBane","theDuelist:CastleWalls","theDuelist:CastleWalls","theDuelist:CastleWalls","theDuelist:NaturiaBeast","theDuelist:NaturiaCliff","theDuelist:NaturiaRock","theDuelist:NaturiaTulip","theDuelist:Sparks","theDuelist:Sparks","theDuelist:Sparks","theDuelist:NaturiaHorneedle+1","theDuelist:NaturiaSunflower+1","Regret","theDuelist:WeepingIdol","theDuelist:SummoningSwarm+1","theDuelist:NaturiaGuardian","theDuelist:FluteKuriboh","theDuelist:NaturiaBeast","theDuelist:NaturiaBarkion","theDuelist:NaturiaSacredTree"],"relics":["theDuelist:MillenniumPuzzle","theDuelist:CardPoolRelic","theDuelist:CardPoolBasicRelic","theDuelist:BoosterPackPoolRelic","theDuelist:CardPoolAddRelic","theDuelist:CardPoolMinusRelic","theDuelist:CardPoolSaveRelic","theDuelist:CardPoolOptionsRelic","Pen Nib","theDuelist:DuelistTeaSet","theDuelist:ShopToken","theDuelist:MillenniumCoin","theDuelist:YugiMirror"],"acts_visited":["Exordium"],"potions_floor_usage":[12,13],"damage_taken":[{"damage":0,"enemies":"Small Slimes","floor":2,"turns":3},{"damage":2,"enemies":"downfall:FleeingMerchant","floor":5,"turns":4},{"damage":1,"enemies":"Jaw Worm","floor":6,"turns":3},{"damage":15,"enemies":"Gremlin Nob","floor":9,"turns":5},{"damage":0,"enemies":"Cultist","floor":11,"turns":3},{"damage":20,"enemies":"3 Louse","floor":12,"turns":3},{"damage":33,"enemies":"3 Sentries","floor":13,"turns":6}],"seed_played":"-8419845800967493740","potions_obtained":[{"floor":9,"key":"GamblersBrew"},{"floor":11,"key":"PowerPotion"},{"floor":12,"key":"theDuelist:ExtraOrbsBottle"}],"is_trial":false,"path_per_floor":["R","M","?","?","$","M","T","R","E","R","M","M","E"],"character_chosen":"THE_DUELIST","items_purchased":["theDuelist:ShopToken","theDuelist:SummoningSwarm"],"campfire_rested":0,"item_purchase_floors":[5,5],"current_hp_per_floor":[72,72,72,66,64,63,63,63,48,48,48,28,0,0],"gold":205,"neow_bonus":"ONE_RANDOM_RARE_CARD","is_daily":false,"chose_seed":false,"campfire_upgraded":3,"win_rate":0.0,"timestamp":1614399767,"path_taken":["R","M","?","?","$","M","T","R","E","R","M","M","E"],"items_purchased_type":["Relic","Card"],"build_version":"2020-12-22","purchased_purges":0,"victory":false,"max_hp_per_floor":[80,80,80,80,80,80,80,80,80,80,80,80,80,80],"card_choices":[{"not_picked":["theDuelist:NaturiaCliff","theDuelist:LonefireBlossom","theDuelist:NaturiaMantis","theDuelist:FossilExcavation"],"picked":"theDuelist:NaturiaSunflower","floor":2},{"not_picked":["theDuelist:DestroyerGolem","theDuelist:MudGolem","theDuelist:BigKoala","theDuelist:CatapultZone"],"picked":"theDuelist:WeepingIdol","floor":5},{"not_picked":["theDuelist:FuryFire","theDuelist:NaturiaParadizo"],"picked":"theDuelist:NaturiaGuardian","floor":6},{"not_picked":["theDuelist:BigFire","theDuelist:Mudora","theDuelist:WeepingIdol","theDuelist:Reload"],"picked":"theDuelist:FluteKuriboh","floor":9},{"not_picked":["theDuelist:CopyPlant","theDuelist:NaturiaStagBeetle","theDuelist:NaturiaBeans","theDuelist:ClosedForest"],"picked":"theDuelist:NaturiaBarkion","floor":11},{"not_picked":["theDuelist:ConvulsionNature","theDuelist:NaturalDisaster","theDuelist:LeodrakeMane","theDuelist:NaturiaForest"],"picked":"theDuelist:NaturiaSacredTree","floor":12}],"player_experience":648413,"relics_obtained":[{"floor":7,"key":"theDuelist:MillenniumCoin"},{"floor":9,"key":"theDuelist:YugiMirror"}],"event_choices":[{"damage_healed":0,"gold_gain":0,"player_choice":"Box","damage_taken":0,"relics_obtained":["Pen Nib"],"max_hp_gain":0,"max_hp_loss":0,"event_name":"Big Fish","floor":3,"gold_loss":0,"cards_obtained":["Regret"]},{"damage_healed":0,"gold_gain":0,"player_choice":"Dig - random Duelist relic","duelist":true,"damage_taken":0,"max_hp_gain":0,"max_hp_loss":0,"event_name":"Aknamkanon\u0027s Tomb","floor":4,"gold_loss":0}],"is_beta":false,"boss_relics":[],"items_purged_floors":[],"is_endless":false,"potions_floor_spawned":[6,9,11,12],"killed_by":"3 Sentries","ascension_level":11}}