{"host":"stk82ot58bnorhun","time":1614432679,"event":{"mods":["BaseMod","Colored Powertips","Downfall","Energized Spire","Highlight Path","Minty Spire (QoL Compilation)","Replay The Spire","StSLib","SuperFastMode","UnlockEverythingMod"],"gold_per_floor":[99,117,117,135,135,170,170,180,17,29,46,59,59,72,86,191,191,91,101,101,119,119,19,66,77,106,6,39,51,51,201,220,220,220,220],"floor_reached":33,"language":"ZHS","playtime":2169,"items_purged":["downfall:Aged"],"score":306,"play_id":"10fc0778-6ade-4b16-a89f-1b39c76fb3c0","local_time":"20210227213119","is_ascension_mode":true,"campfire_choices":[{"floor":13,"key":"REST"},{"floor":18,"key":"RECALL"},{"floor":23,"key":"REST"},{"floor":27,"key":"REST"},{"floor":30,"key":"REST"}],"circlet_count":0,"master_deck":["bronze:Replicate","bronze:Goto","bronze:Frontload","bronze:Branch","bronze:Frontload","bronze:Turbo","bronze:Repulsor","bronze:Iterate","bronze:Fortify","bronze:Optimize","bronze:Hardcode","bronze:Break","bronze:Safeguard","bronze:BronzeOrb","bronze:ClassDefault","bronze:ShipIt","bronze:BugBarrage","bronze:DelayedSlice+1","RitualDagger","bronze:Turbo+1","bronze:Turbo","bronze:BuggyMess+1","bronze:RecursiveStrike"],"relics":["Ring of Chaos","Pandora\u0027s Box","downfall:HeartBlessingGreen","downfall:HeartBlessingBlue","Slimebound:StickyStick","Divine Protection","downfall:HeartBlessingRed","Replay:Mystery Machine"],"acts_visited":["Exordium","TheCity"],"potions_floor_usage":[6,14,16,16,33,33,33,33],"damage_taken":[{"damage":5,"enemies":"2 Louse","floor":2,"turns":3},{"damage":18,"enemies":"Cultist","floor":4,"turns":5},{"damage":31,"enemies":"Lagavulin","floor":6,"turns":11},{"damage":3,"enemies":"Jaw Worm","floor":8,"turns":6},{"damage":0,"enemies":"downfall:FleeingMerchant","floor":9,"turns":4},{"damage":9,"enemies":"Lots of Slimes","floor":10,"turns":8},{"damage":7,"enemies":"downfall:LooterAlt","floor":11,"turns":5},{"damage":1,"enemies":"2 Fungi Beasts","floor":12,"turns":3},{"damage":12,"enemies":"Exordium Thugs","floor":14,"turns":8},{"damage":0,"enemies":"Exordium Wildlife","floor":15,"turns":5},{"damage":13,"enemies":"WA_ARCHETYPE_RETAIN","floor":16,"turns":5},{"damage":34,"enemies":"Shell Parasite","floor":19,"turns":6},{"damage":9,"enemies":"Chosen","floor":21,"turns":5},{"damage":6,"enemies":"3 Cultists","floor":25,"turns":5},{"damage":26,"enemies":"Book of Stabbing","floor":26,"turns":5},{"damage":29,"enemies":"Replay:Snechameleon","floor":28,"turns":8},{"damage":0,"enemies":"Chosen and Byrds","floor":29,"turns":5},{"damage":3,"enemies":"Snake Plant","floor":32,"turns":4},{"damage":40,"enemies":"SI_MIRROR_ARCHETYPE","floor":33,"turns":8}],"seed_played":"-4166329071118781009","potions_obtained":[{"floor":4,"key":"SpeedPotion"},{"floor":8,"key":"AttackPotion"},{"floor":11,"key":"Weak Potion"},{"floor":14,"key":"PowerPotion"},{"floor":25,"key":"bronze:FreeFunctionsPotion"},{"floor":28,"key":"EntropicBrew"}],"is_trial":false,"path_per_floor":["R","M","?","M","?","E","T","M","$","M","M","M","R","M","M","B",null,"R","M","?","M","?","R","T","M","E","R","E","M","R","?","M","B"],"character_chosen":"THE_AUTOMATON","items_purchased":["bronze:Repulsor"],"campfire_rested":4,"item_purchase_floors":[9],"current_hp_per_floor":[70,65,65,47,47,16,16,13,28,19,12,11,32,20,20,7,70,70,36,36,27,21,55,55,49,23,47,18,18,42,42,39,0,0,0],"gold":220,"neow_bonus":"BOSS_RELIC","is_daily":false,"chose_seed":false,"campfire_upgraded":0,"win_rate":0.0,"timestamp":1614432679,"path_taken":["R","M","?","?","?","E","T","M","$","M","M","M","R","M","M","BOSS","R","?","?","M","?","R","T","M","E","R","E","M","R","?","M","BOSS"],"items_purchased_type":["Card"],"build_version":"2020-12-22","purchased_purges":1,"victory":false,"max_hp_per_floor":[70,70,70,70,70,70,70,70,70,70,70,70,70,70,70,70,70,70,70,70,70,70,80,80,80,80,80,80,80,80,80,80,80,80,80],"card_choices":[{"not_picked":["bronze:BitShift","bronze:Separator"],"picked":"bronze:Frontload","floor":2},{"not_picked":["bronze:DelayedSlice","bronze:Verify"],"picked":"bronze:Branch","floor":4},{"not_picked":["bronze:WildBeam","bronze:BugBarrage","bronze:Invalidate"],"picked":"SKIP","floor":6},{"not_picked":["bronze:BronzeArmor","bronze:Safeguard","bronze:WildBeam"],"picked":"SKIP","floor":8},{"not_picked":["bronze:Backtrace","bronze:CutThrough"],"picked":"bronze:Turbo","floor":9},{"not_picked":["bronze:BuggyMess","bronze:CutThrough"],"picked":"bronze:Iterate","floor":10},{"not_picked":["bronze:GetLatest","bronze:Overload"],"picked":"bronze:Fortify","floor":11},{"not_picked":["bronze:InfiniteBeams","bronze:ChildClass"],"picked":"bronze:Optimize","floor":12},{"not_picked":["bronze:ForceShield","bronze:ChildClass"],"picked":"bronze:Hardcode","floor":14},{"not_picked":["bronze:Philosophize","bronze:InfiniteBeams","bronze:Flail"],"picked":"SKIP","floor":15},{"not_picked":["bronze:SpaghettiCode","bronze:Virus"],"picked":"bronze:AlphaBuild","floor":16},{"not_picked":["bronze:DigitalCarnage","bronze:ForceShield"],"picked":"bronze:BugBarrage","floor":19},{"not_picked":["bronze:Shield","bronze:Invalidate"],"picked":"bronze:DelayedSlice+1","floor":21},{"not_picked":["bronze:Overload","bronze:BugBarrage","bronze:OilSpill"],"picked":"SKIP","floor":25},{"not_picked":["bronze:GetLatest","bronze:Repair"],"picked":"bronze:Turbo+1","floor":26},{"not_picked":["bronze:WildBeam","bronze:ClassDefault"],"picked":"bronze:Turbo","floor":28},{"not_picked":["bronze:FineTuning","bronze:Shield"],"picked":"bronze:BuggyMess+1","floor":29},{"not_picked":["bronze:OilSpill","bronze:Iterate"],"picked":"bronze:RecursiveStrike","floor":32}],"player_experience":104072,"relics_obtained":[{"floor":6,"key":"MealTicket"},{"floor":24,"key":"Slimebound:StickyStick"},{"floor":26,"key":"Divine Protection"},{"floor":28,"key":"Replay:Mystery Machine"}],"event_choices":[],"is_beta":false,"boss_relics":[{"not_picked":["Kintsugi","Honey Jar"],"picked":"Pandora\u0027s Box"}],"items_purged_floors":[9],"is_endless":false,"potions_floor_spawned":[4,8,11,14,25,28],"killed_by":"SI_MIRROR_ARCHETYPE","ascension_level":1}}