{"host":"bxn2em57qlx5u4i0","time":1614388735,"event":{"mods":["BaseMod","Colored Map","Colored Powertips","Highlight Path","Minty Spire (QoL Compilation)","Random Character Button","Relic Sorter","Relic Stats","StSLib","SuperFastMode"],"gold_per_floor":[18,18,38,38,50,75,87,87,110,110,140,140,152,166,166,240,240,250,8,8,20,34,34,61,61,61,76,405,72,103,103,103,181,181,199,199,217,242,242,242,274,274,300,332,332,367,73,102,102,102,102,102,102,102,128,128],"floor_reached":57,"language":"ENG","playtime":2168,"items_purged":["Strike_G","Strike_G","Pain"],"score":3143,"play_id":"c9392aa3-81a1-418f-b4a5-34cf532320ed","local_time":"20210226201855","is_ascension_mode":true,"campfire_choices":[{"data":"Bane","floor":8.0,"key":"SMITH"},{"data":"Well Laid Plans","floor":10.0,"key":"SMITH"},{"floor":12.0,"key":"REST"},{"data":"Neutralize","floor":15.0,"key":"SMITH"},{"data":"Corpse Explosion","floor":23.0,"key":"SMITH"},{"data":"Caltrops","floor":25.0,"key":"SMITH"},{"data":"Noxious Fumes","floor":32.0,"key":"SMITH"},{"data":"Sadistic Nature","floor":40.0,"key":"SMITH"},{"data":"Malaise","floor":42.0,"key":"SMITH"},{"floor":45.0,"key":"RECALL"},{"data":"Bandage Up","floor":49.0,"key":"SMITH"},{"data":"Survivor","floor":53,"key":"SMITH"}],"circlet_count":0,"master_deck":["AscendersBane","Strike_G","Strike_G","Defend_G","Defend_G","Defend_G","Defend_G","Survivor+1","Neutralize+1","Deadly Poison+1","Bane+1","Well Laid Plans+1","Backflip","Corpse Explosion+1","PiercingWail","Caltrops+1","Footwork+1","Noxious Fumes+1","Adrenaline","Footwork+1","Malaise+1","Bandage Up+1","Sadistic Nature+1","Backflip","Backflip"],"relics":["Ring of the Snake","Vajra","Anchor","Happy Flower","Coffee Dripper","Lee\u0027s Waffle","Thread and Needle","Question Card","Old Coin","Bag of Preparation","Black Star","Torii","WarpedTongs","Art of War","Molten Egg 2","Ancient Tea Set","Omamori","Gremlin Horn","HornCleat","Oddly Smooth Stone","Dream Catcher","Boot","Toy Ornithopter","Nunchaku"],"acts_visited":["Exordium","TheCity","TheBeyond","TheEnding"],"potions_floor_usage":[55,56],"damage_taken":[{"damage":0.0,"enemies":"2 Louse","floor":1.0,"turns":4.0},{"damage":0.0,"enemies":"Small Slimes","floor":3.0,"turns":4.0},{"damage":7.0,"enemies":"Cultist","floor":5.0,"turns":4.0},{"damage":14.0,"enemies":"Lagavulin","floor":6.0,"turns":6.0},{"damage":5.0,"enemies":"Looter","floor":7.0,"turns":4.0},{"damage":27.0,"enemies":"3 Sentries","floor":11.0,"turns":10.0},{"damage":8.0,"enemies":"Lots of Slimes","floor":13.0,"turns":4.0},{"damage":0.0,"enemies":"Blue Slaver","floor":14.0,"turns":3.0},{"damage":4.0,"enemies":"The Guardian","floor":16.0,"turns":9.0},{"damage":4.0,"enemies":"2 Thieves","floor":18.0,"turns":2.0},{"damage":3.0,"enemies":"Spheric Guardian","floor":21.0,"turns":5.0},{"damage":0.0,"enemies":"3 Cultists","floor":22.0,"turns":2.0},{"damage":13.0,"enemies":"Slavers","floor":24.0,"turns":3.0},{"damage":2.0,"enemies":"Cultist and Chosen","floor":27.0,"turns":4.0},{"damage":4.0,"enemies":"Book of Stabbing","floor":28.0,"turns":5.0},{"damage":9.0,"enemies":"Slavers","floor":30.0,"turns":4.0},{"damage":11.0,"enemies":"Collector","floor":33.0,"turns":8.0},{"damage":7.0,"enemies":"Orb Walker","floor":35.0,"turns":4.0},{"damage":0.0,"enemies":"3 Darklings","floor":37.0,"turns":3.0},{"damage":0.0,"enemies":"Mind Bloom Boss Battle","floor":38.0,"turns":7.0},{"damage":2.0,"enemies":"Nemesis","floor":41.0,"turns":8.0},{"damage":11.0,"enemies":"Giant Head","floor":44.0,"turns":8.0},{"damage":18.0,"enemies":"Nemesis","floor":46.0,"turns":7.0},{"damage":0.0,"enemies":"Reptomancer","floor":48.0,"turns":5.0},{"damage":0,"enemies":"Donu and Deca","floor":50,"turns":7},{"damage":1,"enemies":"Time Eater","floor":51,"turns":13},{"damage":7,"enemies":"Shield and Spear","floor":55,"turns":6},{"damage":51,"enemies":"The Heart","floor":56,"turns":11}],"seed_played":"8873475358866129988","potions_obtained":[{"floor":5.0,"key":"SkillPotion"},{"floor":6.0,"key":"Explosive Potion"},{"floor":11.0,"key":"FearPotion"},{"floor":13.0,"key":"FearPotion"},{"floor":16.0,"key":"Explosive Potion"},{"floor":21.0,"key":"Regen Potion"},{"floor":24.0,"key":"DuplicationPotion"},{"floor":28.0,"key":"FearPotion"},{"floor":35.0,"key":"Block Potion"},{"floor":46.0,"key":"Swift Potion"},{"floor":55,"key":"PowerPotion"}],"is_trial":false,"path_per_floor":["M","?","M","?","M","E","M","R","T","R","E","R","M","M","R","B",null,"M","$","?","M","M","R","E","R","T","M","E","$","E","?","R","B",null,"M","?","M","?","?","R","E","R","T","E","R","E","$","E","R","B","B",null,"R","$","E","B",null],"character_chosen":"THE_SILENT","items_purchased":["Lee\u0027s Waffle","Noxious Fumes","Adrenaline","Oddly Smooth Stone"],"campfire_rested":1,"item_purchase_floors":[19,29,29,47],"current_hp_per_floor":[59,59,59,59,52,38,33,33,33,33,6,25,17,17,17,13,53,49,73,73,70,70,70,67,67,67,65,61,61,52,52,52,41,65,58,48,52,56,56,56,58,58,58,51,51,37,37,41,41,47,52,68,68,68,66,22],"gold":128,"neow_bonus":"REMOVE_TWO","is_daily":false,"chose_seed":false,"campfire_upgraded":10,"win_rate":0.0,"timestamp":1614388735,"path_taken":["M","?","M","?","M","E","M","R","T","R","E","R","M","M","R","BOSS","M","$","?","M","M","R","E","R","T","M","E","$","E","?","R","BOSS","M","?","M","?","?","R","E","R","T","E","R","E","$","E","R","BOSS","BOSS","R","$","E","BOSS"],"items_purchased_type":["Relic","Card","Card","Relic"],"build_version":"2020-12-22","purchased_purges":3,"victory":true,"max_hp_per_floor":[66,66,66,66,66,66,66,66,66,66,66,66,66,66,66,66,66,66,73,73,73,73,73,73,73,73,73,73,73,73,73,73,73,73,73,73,73,73,73,73,73,73,73,73,73,73,73,73,73,73,73,73,73,73,73,73],"relic_stats":{"Lee\u0027s Waffle":24,"Happy Flower":[42],"Torii":15,"Gremlin Horn":[6,6],"counters":[28,160],"Bag of Preparation":[24],"Question Card":15,"Boot":[12],"WarpedTongs":[58],"Dream Catcher":0,"Nunchaku":[1],"Black Star":5,"Art of War":[16],"obtain_stats":[{"Lee\u0027s Waffle":19,"Happy Flower":11,"Torii":38,"Gremlin Horn":46,"Vajra":6,"Oddly Smooth Stone":47,"Thread and Needle":24,"Bag of Preparation":30,"Omamori":44,"Question Card":26,"Ancient Tea Set":44,"Boot":48,"Old Coin":28,"WarpedTongs":39,"Anchor":9,"Dream Catcher":48,"Nunchaku":55,"HornCleat":46,"Molten Egg 2":41,"Coffee Dripper":17,"Black Star":34,"Art of War":41,"Toy Ornithopter":55,"Ring of the Snake":0},{"Lee\u0027s Waffle":10,"Happy Flower":6,"Torii":20,"Gremlin Horn":23,"Vajra":4,"Oddly Smooth Stone":23,"Thread and Needle":13,"Bag of Preparation":16,"Omamori":22,"Question Card":13,"Ancient Tea Set":22,"Boot":24,"Old Coin":15,"WarpedTongs":20,"Anchor":5,"Dream Catcher":24,"Nunchaku":27,"HornCleat":23,"Molten Egg 2":21,"Coffee Dripper":9,"Black Star":17,"Art of War":21,"Toy Ornithopter":27,"Ring of the Snake":0},{"Lee\u0027s Waffle":50,"Happy Flower":32,"Torii":95,"Gremlin Horn":118,"Vajra":18,"Oddly Smooth Stone":118,"Thread and Needle":60,"Bag of Preparation":73,"Omamori":111,"Question Card":60,"Ancient Tea Set":111,"Boot":123,"Old Coin":69,"WarpedTongs":95,"Anchor":22,"Dream Catcher":123,"Nunchaku":149,"HornCleat":118,"Molten Egg 2":103,"Coffee Dripper":48,"Black Star":81,"Art of War":103,"Toy Ornithopter":149,"Ring of the Snake":0}],"Toy Ornithopter":1,"Ring of the Snake":[56]},"card_choices":[{"not_picked":["Acrobatics","Eviscerate"],"picked":"Deadly Poison","floor":1.0},{"not_picked":["Expertise","Flying Knee","Outmaneuver"],"picked":"SKIP","floor":3.0},{"not_picked":["Caltrops","Envenom"],"picked":"Bane","floor":5.0},{"not_picked":["Eviscerate","Cloak And Dagger","Prepared"],"picked":"SKIP","floor":6.0},{"not_picked":["Infinite Blades","Dagger Throw"],"picked":"Well Laid Plans","floor":7.0},{"not_picked":["Well Laid Plans","Doppelganger"],"picked":"Backflip","floor":11.0},{"not_picked":["Deflect","Outmaneuver","Flying Knee"],"picked":"SKIP","floor":13.0},{"not_picked":["Slice","Distraction","Dodge and Roll"],"picked":"SKIP","floor":14.0},{"not_picked":["Phantasmal Killer","Doppelganger"],"picked":"Corpse Explosion","floor":16.0},{"not_picked":["Underhanded Strike","Flying Knee","Deadly Poison"],"picked":"SKIP","floor":18.0},{"not_picked":["Slice","Tactician","Quick Slash"],"picked":"SKIP","floor":21.0},{"not_picked":["Finisher","Blade Dance+1"],"picked":"PiercingWail","floor":22.0},{"not_picked":["Envenom","Sucker Punch"],"picked":"Caltrops","floor":24.0},{"not_picked":["Underhanded Strike","Expertise","Cloak And Dagger","Flying Knee"],"picked":"SKIP","floor":27.0},{"not_picked":["Outmaneuver","Bane","PiercingWail"],"picked":"Footwork+1","floor":28.0},{"not_picked":["Poisoned Stab","Acrobatics","Choke","Deflect"],"picked":"SKIP","floor":30.0},{"not_picked":["Envenom","Tools of the Trade","Night Terror"],"picked":"Malaise","floor":33.0},{"not_picked":["Endless Agony","Poisoned Stab+1","Dagger Throw+1","PiercingWail"],"picked":"SKIP","floor":35.0},{"not_picked":["Forethought","Flash of Steel","Purity"],"picked":"Bandage Up","floor":36.0},{"not_picked":["Flash of Steel","Trip","Thinking Ahead"],"picked":"Sadistic Nature","floor":36.0},{"not_picked":["Expertise","Slice","Masterful Stab","Accuracy+1"],"picked":"SKIP","floor":37.0},{"not_picked":["Skewer+1","Acrobatics","Crippling Poison","Flying Knee+1"],"picked":"SKIP","floor":41.0},{"not_picked":["Cloak And Dagger","Flying Knee+1","Doppelganger"],"picked":"Backflip","floor":44.0},{"not_picked":["Prepared","Dodge and Roll","Bouncing Flask","Tactician"],"picked":"SKIP","floor":46.0},{"not_picked":["Calculated Gamble","Well Laid Plans","Sucker Punch+1"],"picked":"Backflip","floor":48.0},{"not_picked":["Sucker Punch+1","Blade Dance","Bane+1","Dash+1"],"picked":"SKIP","floor":55}],"player_experience":3063264,"relics_obtained":[{"floor":6.0,"key":"Vajra"},{"floor":9.0,"key":"Anchor"},{"floor":11.0,"key":"Happy Flower"},{"floor":24.0,"key":"Thread and Needle"},{"floor":26.0,"key":"Question Card"},{"floor":28.0,"key":"Old Coin"},{"floor":30.0,"key":"Bag of Preparation"},{"floor":38.0,"key":"Torii"},{"floor":41.0,"key":"Art of War"},{"floor":41.0,"key":"Molten Egg 2"},{"floor":44.0,"key":"Ancient Tea Set"},{"floor":44.0,"key":"Omamori"},{"floor":46.0,"key":"Gremlin Horn"},{"floor":46.0,"key":"HornCleat"},{"floor":48.0,"key":"Dream Catcher"},{"floor":48.0,"key":"Boot"},{"floor":55,"key":"Toy Ornithopter"},{"floor":55,"key":"Nunchaku"}],"event_choices":[{"damage_healed":0.0,"max_hp_gain":0.0,"max_hp_loss":0.0,"gold_gain":0.0,"event_name":"Living Wall","player_choice":"Grow","floor":2.0,"gold_loss":0.0,"damage_taken":0.0,"cards_upgraded":["Deadly Poison"]},{"damage_healed":0.0,"max_hp_gain":0.0,"max_hp_loss":0.0,"gold_gain":0.0,"event_name":"Liars Game","player_choice":"Ignored","floor":4.0,"gold_loss":0.0,"damage_taken":0.0},{"damage_healed":0.0,"max_hp_gain":0.0,"max_hp_loss":0.0,"gold_gain":0.0,"event_name":"Cursed Tome","player_choice":"Ignored","floor":20.0,"gold_loss":0.0,"damage_taken":0.0},{"damage_healed":0.0,"max_hp_gain":0.0,"max_hp_loss":0.0,"gold_gain":0.0,"event_name":"Duplicator","player_choice":"Copied","floor":31.0,"gold_loss":0.0,"damage_taken":0.0,"cards_obtained":["Footwork"]},{"damage_healed":0.0,"max_hp_gain":0.0,"max_hp_loss":0.0,"gold_gain":0.0,"event_name":"SensoryStone","player_choice":"Memory 3","floor":36.0,"gold_loss":0.0,"damage_taken":10.0},{"damage_healed":0.0,"max_hp_gain":0.0,"max_hp_loss":0.0,"gold_gain":0.0,"event_name":"MindBloom","player_choice":"Fight","floor":38.0,"gold_loss":0.0,"damage_taken":0.0},{"damage_healed":0.0,"max_hp_gain":0.0,"max_hp_loss":0.0,"gold_gain":0.0,"event_name":"Accursed Blacksmith","player_choice":"Rummage","floor":39.0,"gold_loss":0.0,"damage_taken":0.0,"relics_obtained":["WarpedTongs"],"cards_obtained":["Pain"]}],"is_beta":false,"boss_relics":[{"not_picked":["Philosopher\u0027s Stone","Fusion Hammer"],"picked":"Coffee Dripper"},{"not_picked":["SacredBark","HoveringKite"],"picked":"Black Star"}],"items_purged_floors":[19,29,47],"is_endless":false,"potions_floor_spawned":[5,6,11,13,16,21,24,28,30,33,35,46,55],"ascension_level":20}}