{"host":"yobtt7pjhlphl8u1","time":1614389583,"event":{"mods":["Act Like it!","BaseMod","DeckTracker","Downfall","Minty Spire (QoL Compilation)","MostiFishMod","StSLib"],"gold_per_floor":[99,113,133,149,149,149,149,162,162,175,175,192,192,32,44,141,141,141,161,161,161,161,161,161],"floor_reached":22,"language":"ZHS","playtime":892,"items_purged":["Slimebound:Defend_Slimebound"],"score":176,"play_id":"b94b2aaa-9e37-4618-8603-e6c9b671322f","local_time":"20210227093303","is_ascension_mode":false,"campfire_choices":[{"data":"Slimebound:Split","floor":1.0,"key":"SMITH"},{"data":"Slimebound:LevelUp","floor":9,"key":"SMITH"},{"data":"Slimebound:MassRepurpose","floor":13,"key":"SMITH"},{"data":"Slimebound:LeadByExample","floor":18,"key":"SMITH"}],"circlet_count":0,"master_deck":["Slimebound:Strike_Slimebound+1","Slimebound:Strike_Slimebound+1","Slimebound:Tackle","Slimebound:Defend_Slimebound","Slimebound:Defend_Slimebound","Slimebound:Defend_Slimebound","Slimebound:Split+1","Slimebound:CorrosiveSpit","Slimebound:SlimeTap","Slimebound:SplitMire","Slimebound:LevelUp+1","Slimebound:LevelUp+1","Slimebound:MassRepurpose+1","Slimebound:Repurpose","Slimebound:LeadByExample+1","Slimebound:RallyTheTroops","Slimebound:CheckThePlaybook"],"relics":["Slimebound:AbsorbEndCombat","Whetstone","Philosopher\u0027s Stone"],"acts_visited":["TheCity"],"potions_floor_usage":[16,16],"damage_taken":[{"damage":3.0,"enemies":"Small Slimes","floor":2.0,"turns":3.0},{"damage":0,"enemies":"Cultist","floor":3,"turns":3},{"damage":0,"enemies":"ats:Genji","floor":4,"turns":1},{"damage":12,"enemies":"Blue Slaver","floor":8,"turns":2},{"damage":0,"enemies":"2 Fungi Beasts","floor":10,"turns":3},{"damage":6,"enemies":"Exordium Wildlife","floor":12,"turns":4},{"damage":0,"enemies":"downfall:FleeingMerchant","floor":14,"turns":4},{"damage":15,"enemies":"Exordium Thugs","floor":15,"turns":3},{"damage":25,"enemies":"WA_ARCHETYPE_RETAIN","floor":16,"turns":5},{"damage":2,"enemies":"Chosen","floor":19,"turns":3},{"damage":53,"enemies":"3 Byrds","floor":22,"turns":3}],"seed_played":"3779052552611139142","potions_obtained":[{"floor":2.0,"key":"Fire Potion"},{"floor":12,"key":"Fire Potion"}],"is_trial":false,"path_per_floor":["R","M","M","M","?","?","T","M","R","M","?","M","R","$","M","B",null,"R","M","?","?","M"],"character_chosen":"SLIMEBOUND","items_purchased":["Slimebound:LeadByExample"],"campfire_rested":0,"item_purchase_floors":[14],"current_hp_per_floor":[71,71,71,71,71,71,71,61,61,65,65,61,61,63,50,29,71,71,71,47,47,0,0,0],"gold":161,"neow_bonus":"TEN_PERCENT_HP_BONUS","is_daily":false,"chose_seed":false,"campfire_upgraded":4,"win_rate":0.0,"timestamp":1614389583,"path_taken":["R","M","M","M","?","?","T","M","R","M","?","?","R","$","M","BOSS","R","M","?","?","M"],"items_purchased_type":["Card"],"build_version":"2020-12-22","purchased_purges":1,"victory":false,"max_hp_per_floor":[71,71,71,71,71,71,71,71,71,71,71,71,71,71,71,71,71,71,71,71,71,71,71,71],"card_choices":[{"not_picked":["Slimebound:Prepare","Slimebound:SlimeSpikes"],"picked":"Slimebound:SlimeTap","floor":2.0},{"not_picked":["Slimebound:SplitAcid","Slimebound:Chomp"],"picked":"Slimebound:SplitMire","floor":3},{"not_picked":["Slimebound:RollThrough","Slimebound:BestDefense","Slimebound:LivingWall"],"picked":"SKIP","floor":4},{"not_picked":["Slimebound:ComboTackle","Slimebound:Repurpose"],"picked":"Slimebound:LevelUp","floor":8},{"not_picked":["Slimebound:FlameTackle","Slimebound:LeechingTouch","Slimebound:PressTheAttack"],"picked":"SKIP","floor":10},{"not_picked":["Slimebound:Nibble","Slimebound:SplitLeeching"],"picked":"Slimebound:MassRepurpose","floor":12},{"not_picked":["Slimebound:ComboTackle","Slimebound:ViciousTackle"],"picked":"Slimebound:Repurpose","floor":14},{"not_picked":["Slimebound:TongueLash","Slimebound:SplitBruiser","Slimebound:LeechEnergy"],"picked":"SKIP","floor":15},{"not_picked":["Slimebound:MassRepurpose","Slimebound:PrepareCrush"],"picked":"Slimebound:RallyTheTroops","floor":16},{"not_picked":["Slimebound:SlimeBrawl","Slimebound:GrowthPunch+1","Slimebound:FinishingTackle"],"picked":"SKIP","floor":19}],"player_experience":3026,"relics_obtained":[{"floor":7,"key":"Whetstone"}],"event_choices":[],"is_beta":false,"boss_relics":[{"not_picked":["Fusion Hammer","Sozu"],"picked":"Philosopher\u0027s Stone"}],"items_purged_floors":[14],"is_endless":false,"potions_floor_spawned":[2,12],"killed_by":"3 Byrds","ascension_level":0}}