{"host":"7cp3z5w0tcrrm8ys","time":1614397012,"event":{"mods":["AchievementEnabler","BaseMod","DeckTracker","Minty Spire (QoL Compilation)","StSLib","SuperFastMode"],"gold_per_floor":[112,126,126,143,156,156,205,48,71,83,83,8,19,47,47,47,47],"floor_reached":16,"language":"KOR","playtime":374,"items_purged":["Strike_R"],"score":274,"play_id":"3e42f0e8-b639-4982-9833-84379e94c582","local_time":"20210227123652","is_ascension_mode":true,"campfire_choices":[{"data":"Bash","floor":6,"key":"SMITH"},{"floor":11,"key":"REST"},{"data":"Shockwave","floor":15,"key":"SMITH"}],"circlet_count":0,"master_deck":["AscendersBane","Strike_R","Strike_R","Strike_R","Strike_R","Defend_R","Defend_R","Defend_R","Defend_R","Bash+1","Offering","Flex","Carnage","Dropkick","Battle Trance","Metallicize","Dropkick","Shockwave+1","Impervious"],"relics":["Burning Blood","Vajra","Oddly Smooth Stone","Orrery","Nunchaku","Ornamental Fan"],"acts_visited":["Exordium"],"potions_floor_usage":[7,10,14,16],"damage_taken":[{"damage":7,"enemies":"Cultist","floor":1,"turns":3},{"damage":8,"enemies":"Jaw Worm","floor":2,"turns":2},{"damage":26,"enemies":"Small Slimes","floor":4,"turns":4},{"damage":12,"enemies":"Looter","floor":5,"turns":3},{"damage":26,"enemies":"3 Sentries","floor":7,"turns":5},{"damage":4,"enemies":"Blue Slaver","floor":10,"turns":3},{"damage":8,"enemies":"Red Slaver","floor":13,"turns":2},{"damage":0,"enemies":"Gremlin Nob","floor":14,"turns":2},{"damage":37,"enemies":"The Guardian","floor":16,"turns":8}],"seed_played":"722973969856760413","potions_obtained":[{"floor":2,"key":"DuplicationPotion"},{"floor":4,"key":"ColorlessPotion"},{"floor":7,"key":"DuplicationPotion"},{"floor":13,"key":"SkillPotion"}],"is_trial":false,"path_per_floor":["M","M","?","M","M","R","E","$","T","M","R","$","M","E","R","B"],"character_chosen":"IRONCLAD","items_purchased":["Orrery"],"campfire_rested":1,"item_purchase_floors":[8],"current_hp_per_floor":[67,65,54,34,28,28,8,8,8,10,30,30,28,34,34,0,0],"gold":47,"neow_bonus":"THREE_RARE_CARDS","is_daily":false,"chose_seed":false,"campfire_upgraded":2,"win_rate":0.0,"timestamp":1614397012,"path_taken":["M","M","?","M","M","R","E","?","T","M","R","$","M","E","R","BOSS"],"items_purchased_type":["Relic"],"build_version":"2020-12-22","purchased_purges":1,"victory":false,"max_hp_per_floor":[68,68,68,68,68,68,68,68,68,68,68,68,68,68,68,68,68],"card_choices":[{"not_picked":["Berserk","Impervious"],"picked":"Offering","floor":0},{"not_picked":["Body Slam","Infernal Blade"],"picked":"Flex","floor":1},{"not_picked":["Spot Weakness","Ghostly Armor"],"picked":"Carnage","floor":2},{"not_picked":["Heavy Blade","Flex","Corruption"],"picked":"SKIP","floor":4},{"not_picked":["Uppercut","Havoc"],"picked":"Dropkick","floor":5},{"not_picked":["Wild Strike","Carnage","Headbutt"],"picked":"SKIP","floor":7},{"not_picked":["Hemokinesis","Heavy Blade"],"picked":"Battle Trance","floor":8},{"not_picked":["True Grit","Reckless Charge"],"picked":"Metallicize","floor":8},{"not_picked":["Carnage","Clothesline"],"picked":"Dropkick","floor":10},{"not_picked":["Thunderclap","Sword Boomerang"],"picked":"Shockwave","floor":13},{"not_picked":["Flex","Sever Soul"],"picked":"Impervious","floor":14}],"player_experience":838152,"relics_obtained":[{"floor":7,"key":"Oddly Smooth Stone"},{"floor":9,"key":"Nunchaku"},{"floor":14,"key":"Ornamental Fan"}],"event_choices":[{"damage_healed":0,"gold_gain":0,"player_choice":"Success","damage_taken":11,"relics_obtained":["Vajra"],"max_hp_gain":0,"max_hp_loss":0,"event_name":"Scrap Ooze","floor":3,"gold_loss":0}],"is_beta":false,"boss_relics":[],"items_purged_floors":[12],"is_endless":false,"potions_floor_spawned":[2,4,7,13],"killed_by":"The Guardian","ascension_level":20}}