{"host":"v0dnu0zs4qo0v13s","time":1614448757,"event":{"mods":["BaseMod","Colored Map","Colored Powertips","Minty Spire (QoL Compilation)","Relic Stats","StSLib","SuperFastMode","everything is the same but u backflip on backflip"],"gold_per_floor":[117,117,392,402,402,55,126,126,198,215,215,231,231,263,263,334,334,347,364,364,103,128,128,28,28,28,54,64,64,64,75,75,152,152,171,0,11,11,11],"floor_reached":38,"language":"ENG","playtime":2260,"items_purged":["Defend_P","Pain"],"score":709,"play_id":"6afbf1c1-4a48-4795-ab3b-c6f3470b10d8","local_time":"20210227125917","is_ascension_mode":true,"campfire_choices":[{"floor":8.0,"key":"REST"},{"data":"FlurryOfBlows","floor":11.0,"key":"SMITH"},{"data":"MentalFortress","floor":13.0,"key":"SMITH"},{"floor":15.0,"key":"REST"},{"floor":23.0,"key":"REST"},{"floor":29.0,"key":"REST"},{"floor":32.0,"key":"REST"}],"circlet_count":0,"master_deck":["AscendersBane","Strike_P+1","Strike_P+1","Eruption","Vigilance","SignatureMove","Vengeance","FlurryOfBlows+1","EmptyMind","Decay","Wireheading","MentalFortress+1","DevaForm","Scrawl","CutThroughFate+1","ReachHeaven","EmptyFist","FlyingSleeves","Wallop","EmptyBody","LikeWater","Injury","Fasting2","WaveOfTheHand","ThirdEye+1","Vault","Evaluate+1","TalkToTheHand+1","Halt+1"],"relics":["Cursed Key","Chemical X","Mummified Hand","White Beast Statue","GoldenEye","VioletLotus","Whetstone","Regal Pillow","Astrolabe","Red Mask"],"acts_visited":["Exordium","TheCity","TheBeyond"],"potions_floor_usage":[],"damage_taken":[{"damage":7.0,"enemies":"Jaw Worm","floor":1.0,"turns":3.0},{"damage":1.0,"enemies":"Small Slimes","floor":4.0,"turns":2.0},{"damage":0.0,"enemies":"Cultist","floor":10.0,"turns":2.0},{"damage":13.0,"enemies":"3 Louse","floor":12.0,"turns":4.0},{"damage":6.0,"enemies":"Gremlin Nob","floor":14.0,"turns":1.0},{"damage":38.0,"enemies":"Hexaghost","floor":16.0,"turns":7.0},{"damage":27.0,"enemies":"Shell Parasite","floor":18.0,"turns":4.0},{"damage":4.0,"enemies":"Spheric Guardian","floor":19.0,"turns":3.0},{"damage":0.0,"enemies":"Snake Plant","floor":25.0,"turns":1.0},{"damage":41.0,"enemies":"Slavers","floor":27.0,"turns":7.0},{"damage":22.0,"enemies":"Centurion and Healer","floor":28.0,"turns":4.0},{"damage":6.0,"enemies":"Shelled Parasite and Fungi","floor":31.0,"turns":2.0},{"damage":33.0,"enemies":"Champ","floor":33.0,"turns":11.0},{"damage":35.0,"enemies":"3 Shapes","floor":35.0,"turns":5.0},{"damage":12.0,"enemies":"Orb Walker","floor":37.0,"turns":4.0},{"damage":2,"enemies":"Sphere and 2 Shapes","floor":38,"turns":2}],"seed_played":"-8759427824535265277","potions_obtained":[{"floor":1.0,"key":"SneckoOil"},{"floor":10.0,"key":"SkillPotion"},{"floor":12.0,"key":"SmokeBomb"},{"floor":14.0,"key":"AttackPotion"},{"floor":18.0,"key":"DistilledChaos"},{"floor":27.0,"key":"SkillPotion"},{"floor":28.0,"key":"AttackPotion"},{"floor":31.0,"key":"ColorlessPotion"},{"floor":33.0,"key":"Explosive Potion"},{"floor":35.0,"key":"SpeedPotion"}],"is_trial":false,"path_per_floor":["M","?","?","M","?","$","T","R","T","M","R","M","R","E","R","B",null,"M","M","?","$","T","R","$","M","T","E","M","R","$","M","R","B",null,"M","?","M","M"],"character_chosen":"WATCHER","items_purchased":["Chemical X","FlurryOfBlows","EmptyMind","Wallop","EmptyBody","LikeWater","FairyPotion"],"campfire_rested":5,"item_purchase_floors":[6,6,6,21,21,21,24],"current_hp_per_floor":[54,40,40,39,39,39,39,59,59,59,59,46,46,40,60,22,57,30,26,26,26,26,46,46,46,46,5,6,41,41,35,68,35,60,25,25,13,11,11],"gold":11,"neow_bonus":"BOSS_RELIC","is_daily":false,"chose_seed":false,"campfire_upgraded":2,"win_rate":0.0,"timestamp":1614448757,"path_taken":["M","?","?","?","?","$","?","R","T","?","R","M","R","E","R","BOSS","M","M","?","$","?","R","?","M","T","E","M","R","$","M","R","BOSS","M","?","M","M"],"items_purchased_type":["Relic","Card","Card","Card","Card","Card","Potion"],"build_version":"2020-12-22","purchased_purges":2,"victory":false,"max_hp_per_floor":[68,68,68,68,68,68,68,68,68,68,68,68,68,68,68,68,68,68,68,68,68,68,68,68,68,68,68,68,68,68,68,68,68,68,68,68,68,68,68],"relic_stats":{"Regal Pillow":28,"counters":[16,62],"Mummified Hand":[39],"Astrolabe":["Evaluate","TalkToTheHand","Halt"],"VioletLotus":[10],"Chemical X":[1],"Whetstone":["CutThroughFate","Strike_P"],"Cursed Key":3,"GoldenEye":[57],"obtain_stats":[{"Regal Pillow":27,"Mummified Hand":7,"Astrolabe":34,"VioletLotus":17,"Red Mask":36,"Chemical X":6,"Whetstone":22,"PureWater":0,"Cursed Key":0,"GoldenEye":14,"White Beast Statue":9},{"Regal Pillow":10,"Mummified Hand":2,"Astrolabe":13,"VioletLotus":6,"Red Mask":14,"Chemical X":2,"Whetstone":8,"PureWater":0,"Cursed Key":0,"GoldenEye":5,"White Beast Statue":2},{"Regal Pillow":34,"Mummified Hand":5,"Astrolabe":51,"VioletLotus":19,"Red Mask":56,"Chemical X":5,"Whetstone":26,"PureWater":0,"Cursed Key":0,"GoldenEye":12,"White Beast Statue":5}]},"card_choices":[{"not_picked":["EmptyFist","BowlingBash"],"picked":"SignatureMove","floor":1.0},{"not_picked":["SashWhip","Prostrate"],"picked":"Vengeance","floor":4.0},{"not_picked":["CrushJoints","Crescendo"],"picked":"Wireheading","floor":10.0},{"not_picked":["SignatureMove","TalkToTheHand"],"picked":"MentalFortress","floor":12.0},{"not_picked":["DeceiveReality","Devotion"],"picked":"DevaForm","floor":14.0},{"not_picked":["DevaForm","Establishment"],"picked":"Scrawl","floor":16.0},{"not_picked":["BowlingBash+1","JustLucky"],"picked":"CutThroughFate","floor":18.0},{"not_picked":["FlurryOfBlows","CrushJoints"],"picked":"ReachHeaven","floor":19.0},{"not_picked":["EmptyFist+1","Indignation"],"picked":"Fasting2","floor":27.0},{"not_picked":["FlyingSleeves","CutThroughFate+1"],"picked":"WaveOfTheHand","floor":28.0},{"not_picked":["FlyingSleeves","EmptyBody"],"picked":"ThirdEye+1","floor":31.0},{"not_picked":["Blasphemy","LessonLearned"],"picked":"Vault","floor":33.0},{"not_picked":["PathToVictory","Halt","Vengeance"],"picked":"SKIP","floor":35.0},{"not_picked":["Consecrate","Wireheading","Halt"],"picked":"SKIP","floor":37.0}],"player_experience":791167,"relics_obtained":[{"floor":7.0,"key":"Mummified Hand"},{"floor":9.0,"key":"White Beast Statue"},{"floor":14.0,"key":"GoldenEye"},{"floor":22.0,"key":"Whetstone"},{"floor":27.0,"key":"Regal Pillow"}],"event_choices":[{"damage_healed":0.0,"max_hp_gain":0.0,"max_hp_loss":0.0,"gold_gain":0.0,"event_name":"Shining Light","player_choice":"Entered Light","floor":2.0,"gold_loss":0.0,"damage_taken":14.0,"cards_upgraded":["Strike_P","Strike_P"]},{"damage_healed":0.0,"max_hp_gain":0.0,"max_hp_loss":0.0,"gold_gain":275.0,"event_name":"Golden Shrine","player_choice":"Desecrate","floor":3.0,"gold_loss":0.0,"damage_taken":0.0,"cards_obtained":["Regret"]},{"cards_removed":["Regret"],"damage_healed":0.0,"max_hp_gain":0.0,"max_hp_loss":0.0,"gold_gain":0.0,"event_name":"Fountain of Cleansing","player_choice":"Removed Curses","floor":5.0,"gold_loss":0.0,"damage_taken":0.0},{"damage_healed":0.0,"max_hp_gain":0.0,"max_hp_loss":0.0,"gold_gain":0.0,"cards_transformed":["Strike_P","Defend_P"],"event_name":"Drug Dealer","player_choice":"Became Test Subject","floor":20.0,"gold_loss":0.0,"damage_taken":0.0,"cards_obtained":["EmptyFist","FlyingSleeves"]},{"damage_healed":0.0,"max_hp_gain":0.0,"max_hp_loss":0.0,"gold_gain":0.0,"event_name":"Tomb of Lord Red Mask","player_choice":"Paid","floor":36.0,"gold_loss":171.0,"damage_taken":0.0,"relics_obtained":["Red Mask"]}],"is_beta":false,"boss_relics":[{"not_picked":["Sozu","SlaversCollar"],"picked":"VioletLotus"},{"not_picked":["Snecko Eye","Runic Pyramid"],"picked":"Astrolabe"}],"items_purged_floors":[6,21],"is_endless":false,"potions_floor_spawned":[1,10,12,14,16,18,19,25,27,28,31,33,35,37],"killed_by":"Sphere and 2 Shapes","ascension_level":14}}