{"host":"za9ilm1uiwmpmin1","time":1614440133,"event":{"mods":["AchievementEnabler","BaseMod","Downfall","Friendly Minions","KomeijiMod","Lobotomy","Minty Spire (QoL Compilation)","MostiFishMod","Remilia£®¿Ÿ√◊¿Ú—«£©","StSLib","TestMod","Waifu the Spire"],"gold_per_floor":[116,116,131,144,159,192,205,233,233,233,233,233,233,158,158,232,232,246,266,166,166,166,200,200,235,261,261,99,131,131,142,142,219,219,233,0,0,18,43,68,68,98,146,146,21,33,68,81,81,81,81,81,81,81,81,112,112],"floor_reached":58,"language":"ZHS","playtime":1451,"items_purged":["champ:Strike","champ:Strike","Confused"],"score":3818,"play_id":"3aae775b-ce5a-4168-b281-6bdc848e5466","local_time":"20210227233533","is_ascension_mode":true,"campfire_choices":[{"data":"champ:Duel","floor":10,"key":"SMITH"},{"data":"champ:Execute","floor":12,"key":"SMITH"},{"floor":15,"key":"RECALL"},{"data":"champ:Defend","floor":24,"key":"SMITH"},{"data":"champ:Defend","floor":27,"key":"SMITH"},{"data":"champ:Strike","floor":30,"key":"SMITH"},{"data":"champ:Strike","floor":32,"key":"SMITH"},{"floor":41,"key":"REST"},{"floor":49,"key":"REST"},{"floor":54,"key":"REST"}],"circlet_count":0,"master_deck":["champ:Strike+1","champ:Strike+1","champ:Defend+1","champ:Defend+1","champ:Defend+1","champ:Defend+1","champ:Execute+1","champ:Taunt+1","champ:Duel+1"],"relics":["DaveBox","testmod-TestBox","testmod-Prudence","PatriotShield","ChiXiaoBlade","SynthV:TestCard","HoshigumaDish","War Paint","FeatherPendant","Nilry\u0027s Codex","SentryEyes","White Beast Statue","ScarletDevilRocket","Civilization","Akabeko","xbg","Red Mask","CombinedTypeHook","Bronze Scales","testmod-CasingShield","Regal Pillow","Pen Nib","hexamod:BolsterEngine","Whetstone"],"acts_visited":["Exordium","TheCity","TheBeyond","TheEnding"],"potions_floor_usage":[57,57],"damage_taken":[{"damage":0,"enemies":"2 Louse","floor":1,"turns":2},{"damage":0,"enemies":"Cultist","floor":3,"turns":2},{"damage":0,"enemies":"Jaw Worm","floor":4,"turns":1},{"damage":0,"enemies":"Large Slime","floor":5,"turns":2},{"damage":0,"enemies":"Gremlin Nob","floor":6,"turns":2},{"damage":0,"enemies":"Lots of Slimes","floor":7,"turns":3},{"damage":20,"enemies":"Lagavulin","floor":8,"turns":2},{"damage":20,"enemies":"The Guardian","floor":16,"turns":5},{"damage":35,"enemies":"Chosen","floor":18,"turns":1},{"damage":0,"enemies":"2 Thieves","floor":19,"turns":2},{"damage":30,"enemies":"Slavers","floor":23,"turns":3},{"damage":30,"enemies":"Gremlin Leader","floor":25,"turns":2},{"damage":0,"enemies":"Book of Stabbing","floor":29,"turns":2},{"damage":10,"enemies":"Shelled Parasite and Fungi","floor":31,"turns":2},{"damage":50,"enemies":"Champ","floor":33,"turns":4},{"damage":10,"enemies":"Orb Walker","floor":35,"turns":1},{"damage":0,"enemies":"3 Darklings","floor":38,"turns":2},{"damage":0,"enemies":"Mind Bloom Boss Battle","floor":39,"turns":3},{"damage":10,"enemies":"Reptomancer","floor":40,"turns":3},{"damage":30,"enemies":"Nemesis","floor":42,"turns":1},{"damage":0,"enemies":"Sphere and 2 Shapes","floor":46,"turns":2},{"damage":30,"enemies":"Giant Head","floor":47,"turns":3},{"damage":0,"enemies":"Maw","floor":48,"turns":3},{"damage":60,"enemies":"Time Eater","floor":50,"turns":5},{"damage":30,"enemies":"Donu and Deca","floor":51,"turns":4},{"damage":20,"enemies":"Shield and Spear","floor":56,"turns":3},{"damage":115,"enemies":"The Heart","floor":57,"turns":6}],"seed_played":"-4190910056707045639","potions_obtained":[{"floor":6,"key":"Energy Potion"},{"floor":16,"key":"SpeedPotion"},{"floor":31,"key":"PowerPotion"},{"floor":33,"key":"PowerPotion"},{"floor":40,"key":"testmod-TimePotion"}],"is_trial":false,"path_per_floor":["M","?","M","M","M","E","M","E","T","R","?","R","?","$","R","B",null,"M","M","$","?","?","E","R","E","T","R","$","E","R","M","R","B",null,"M","?","?","M","?","E","R","E","T","T","$","M","E","M","R","B","B",null,null,"R","$","E","B",null],"character_chosen":"THE_CHAMP","items_purchased":["Civilization"],"campfire_rested":3,"item_purchase_floors":[28],"current_hp_per_floor":[73,73,73,73,73,73,73,73,73,73,73,73,73,73,73,73,79,79,79,79,79,58,58,58,58,58,58,58,59,59,62,62,66,83,88,88,88,93,98,103,109,114,114,114,114,119,124,129,129,134,139,139,139,139,139,144,94],"gold":112,"neow_bonus":"BOSS_RELIC","is_daily":false,"chose_seed":false,"campfire_upgraded":6,"win_rate":0.0,"timestamp":1614440133,"path_taken":["M","?","M","M","M","E","?","E","T","R","?","R","?","$","R","BOSS","M","M","?","?","?","E","R","E","T","R","$","E","R","M","R","BOSS","M","?","?","M","?","E","R","E","T","?","?","?","E","M","R","BOSS","BOSS","R","$","E","BOSS"],"items_purchased_type":["Relic"],"build_version":"2020-12-22","purchased_purges":3,"victory":true,"max_hp_per_floor":[81,81,81,81,81,81,81,81,81,81,81,81,81,81,81,81,81,81,81,81,81,81,81,81,81,81,81,81,82,82,85,85,89,89,94,94,94,99,104,109,109,114,114,114,114,119,124,129,129,134,139,139,139,139,139,144,149],"card_choices":[{"not_picked":["champ:GutPunch","champ:Shatter","champ:Haymaker"],"picked":"SKIP","floor":1},{"not_picked":["champ:FanOfKnives","champ:RisingSlash","champ:IronFortress","champ:PreciseThrust"],"picked":"champ:Duel","floor":3},{"not_picked":["champ:CrownThrow","champ:FanOfKnives","champ:SetATrap","champ:DeathBlow","champ:GladiatorStyle"],"picked":"SKIP","floor":4},{"not_picked":["champ:EnchantShield","champ:DefensiveShout","champ:AdrenalArmor","champ:CalledShot","champ:GutPunch"],"picked":"SKIP","floor":5},{"not_picked":["champ:FlashCut","champ:FancyFootwork","champ:Parry","champ:SkillfulDodge","champ:FanOfKnives"],"picked":"SKIP","floor":6},{"not_picked":["champ:TornadoPunch","champ:SwordSigil","champ:Shatter","champ:Endure","champ:FocusedBerserking"],"picked":"SKIP","floor":7},{"not_picked":["champ:ArenaPreparation","champ:ShieldSigil","champ:PerfectedStrike","champ:Encircle","champ:HeartStrike"],"picked":"SKIP","floor":8},{"not_picked":["champ:Endure","champ:ShieldSigil","champ:DefensiveShout","champ:BerserkersShout+1","champ:SetATrap"],"picked":"SKIP","floor":18},{"not_picked":["champ:BringItOn","champ:Backstep","champ:Haymaker","champ:FancyFootwork","champ:AdrenalArmor"],"picked":"SKIP","floor":19},{"not_picked":["champ:DefensiveStyle","champ:PreciseThrust","champ:SwordSigil","champ:CrownThrow","champ:PerfectedStrike+1"],"picked":"SKIP","floor":23},{"not_picked":["champ:SwordThrow","champ:TornadoPunch","champ:BladeFlurry","champ:FlashCut","champ:EnchantShield"],"picked":"SKIP","floor":25},{"not_picked":["champ:UltimateStance","champ:FancyFootwork","champ:PreciseThrust","champ:DefensiveStyle","champ:Shatter"],"picked":"SKIP","floor":29},{"not_picked":["champ:TornadoPunch","champ:GutPunch","champ:SetATrap","champ:Circumvent","champ:CrownThrow"],"picked":"SKIP","floor":31},{"not_picked":["champ:Backstep","champ:ViciousMockery","champ:Circumvent","champ:Shatter","champ:SetATrap"],"picked":"SKIP","floor":35},{"not_picked":["champ:Haymaker","champ:PreemptiveStrike","champ:RisingSlash","champ:TornadoPunch","champ:FlashCut"],"picked":"SKIP","floor":38},{"not_picked":["champ:Haymaker","champ:Circumvent","champ:RageSigil","champ:EndlessRage","champ:DefensiveStyle"],"picked":"SKIP","floor":40},{"not_picked":["champ:Endure+1","champ:BringItOn","champ:VampiricStrike","champ:GutPunch","champ:Backstep"],"picked":"SKIP","floor":42},{"not_picked":["champ:AdrenalArmor+1","champ:FanOfKnives","champ:Endure+1","champ:ShieldWall","champ:Encircle"],"picked":"SKIP","floor":46},{"not_picked":["champ:TornadoPunch","champ:FocusedBerserking","champ:Backstep","champ:IronFortress","champ:Shatter+1"],"picked":"SKIP","floor":47},{"not_picked":["champ:CrookedStrike","champ:StrikeOfGenius","champ:CrownThrow","champ:Encircle","champ:DefensiveShout+1"],"picked":"SKIP","floor":48},{"not_picked":["champ:AdrenalArmor","champ:Circumvent+1","champ:CrownThrow","champ:Parry+1","champ:SwordSigil"],"picked":"SKIP","floor":56}],"player_experience":1390261,"relics_obtained":[{"floor":1,"key":"SynthV:TestCard"},{"floor":6,"key":"HoshigumaDish"},{"floor":8,"key":"War Paint"},{"floor":22,"key":"Nilry\u0027s Codex"},{"floor":23,"key":"SentryEyes"},{"floor":25,"key":"White Beast Statue"},{"floor":26,"key":"ScarletDevilRocket"},{"floor":29,"key":"Akabeko"},{"floor":39,"key":"CombinedTypeHook"},{"floor":40,"key":"Bronze Scales"},{"floor":42,"key":"testmod-CasingShield"},{"floor":43,"key":"Regal Pillow"},{"floor":44,"key":"Pen Nib"},{"floor":47,"key":"hexamod:BolsterEngine"},{"floor":56,"key":"Whetstone"}],"event_choices":[{"damage_healed":0,"gold_gain":0,"player_choice":"Upgraded","damage_taken":0,"max_hp_gain":0,"max_hp_loss":0,"event_name":"Upgrade Shrine","floor":2,"gold_loss":0,"cards_upgraded":["champ:Taunt"]},{"damage_healed":0,"gold_gain":0,"player_choice":"Obtained Book","damage_taken":21,"max_hp_gain":0,"max_hp_loss":0,"event_name":"Cursed Tome","floor":22,"gold_loss":0},{"damage_healed":0,"gold_gain":0,"player_choice":"Paid","damage_taken":0,"relics_obtained":["Red Mask"],"max_hp_gain":0,"max_hp_loss":0,"event_name":"Tomb of Lord Red Mask","floor":36,"gold_loss":233},{"damage_healed":0,"gold_gain":0,"player_choice":"Fight","damage_taken":0,"max_hp_gain":0,"max_hp_loss":0,"event_name":"MindBloom","floor":39,"gold_loss":0}],"is_beta":false,"boss_relics":[{"not_picked":["BloodWine","Fusion Hammer"],"picked":"FeatherPendant"},{"not_picked":["Tiny House","testmod-NegativeEmotionEnhancer"],"picked":"xbg"}],"items_purged_floors":[14,20,45],"is_endless":false,"potions_floor_spawned":[6,16,23,29,31,33,35,38,39,40,42,46,47,48,56],"ascension_level":20}}