{"host":"dek0ge2ymcy9iwwu","time":1614456231,"event":{"mods":["Act Like it!","BaseMod","BetterRewards","CatGirl Mod","Chen","Conspire","Defuse TimeMaze Blight","Energized Spire","Gensokyo","GifTheSpireLib","Hubris","Infinite Spire","Key Reminder","Koishi","Marisa（霧雨　魔理沙）","Minty Spire (QoL Compilation)","Prisma Mod","Remilia（蕾米莉?）","Replay The Spire","StSLib","Stuff the Spire","The Animator","The Jungle","The Necromancer","The Servant 0.9.4"],"gold_per_floor":[118,118,136,156,172,192,223,223,223,241,288,298,298,318,318,438,438,473,484,519,551,588,588,625,625,649,669,74,102,102,153,153,292,392,410,410,410,410,410],"floor_reached":38,"language":"ENG","playtime":3242,"items_purged":[],"score":527,"play_id":"0d653630-b87c-4527-991c-dc2104870160","local_time":"20210227210351","is_ascension_mode":true,"campfire_choices":[{"data":"RedMoon","floor":15,"key":"SMITH"},{"floor":23,"key":"REST"},{"floor":25,"key":"REST"}],"circlet_count":0,"master_deck":["Strike_RM","Strike_RM","Strike_RM","Strike_RM","Defend_RM","Defend_RM","Defend_RM","Defend_RM","RedMoon+1","ScarletShoot","CharismaGuard","VampirishNight+1","StarOfDavid","Stigmanizer","BombardNight","FavorOfDestiny","CharismaGuard","RedRainbow","NightDance","ScarletMeister+1","UltimateOffering+1","VampireKiss","ScarletDevil+1","FitfulNightmare","TwelveNightmare","BloodRain+1","HunterOfTheNight+1","CharismaGuard+1","StuffTheSpire:PlasmaPunch+1","BloodyCatastrophe+1","BloodyCatastrophe+1","FavorOfDestiny+1","EndlessAdversity+1","ChainGang","BadLadyScramble+1","BloodRain+1","MastersStateliness+1","Looming Evil"],"relics":["ScarletHat","hubris:Towel","Pantograph","Mango","Golden Egg","StuffTheSpire:RubySignet","Gensokyo:OccultBall","energizedSpire:RedRose","StuffTheSpire:GrapeVine","Membership Card","StuffTheSpire:Nightcore","infinitespire:FocusingShard","PreservedInsect","Bronze Scales","Replay:Wanted Poster","Replay:Bottled Snecko","Ring of Searing","Ring of Fangs"],"acts_visited":["Exordium","Gensokyo:Gensokyo","Gensokyo:Gensokyoer"],"potions_floor_usage":[7,7,11,16,16,16,18,20,22,22,22,24,29,29,29,31,33,33,35],"damage_taken":[{"damage":0,"enemies":"Gensokyo:Python","floor":1,"turns":4},{"damage":0,"enemies":"Gensokyo:3_Fairies","floor":3,"turns":6},{"damage":0,"enemies":"Gensokyo:Gryphon","floor":4,"turns":6},{"damage":9,"enemies":"Gensokyo:LivingMonolith","floor":5,"turns":6},{"damage":0,"enemies":"Gensokyo:5_Fairies","floor":6,"turns":5},{"damage":0,"enemies":"Gensokyo:Mamizou","floor":7,"turns":6},{"damage":0,"enemies":"Gensokyo:3_Kodama","floor":10,"turns":7},{"damage":3,"enemies":"Gensokyo:Aya","floor":11,"turns":5},{"damage":4,"enemies":"Gensokyo:Gryphon_and_Rabbit","floor":12,"turns":7},{"damage":0,"enemies":"Gensokyo:VengefulSpirit","floor":14,"turns":3},{"damage":65,"enemies":"Gensokyo:Reimu","floor":16,"turns":18},{"damage":7,"enemies":"Gensokyo:2_Gloops","floor":18,"turns":6},{"damage":48,"enemies":"Gensokyo:AngelMirror","floor":19,"turns":3},{"damage":24,"enemies":"Gensokyo:3_Gloops","floor":20,"turns":4},{"damage":20,"enemies":"Gensokyo:Wraith","floor":21,"turns":6},{"damage":17,"enemies":"Gensokyo:Swordslinger","floor":22,"turns":6},{"damage":35,"enemies":"Gensokyo:Monolith_and_Dog","floor":24,"turns":6},{"damage":14,"enemies":"Gensokyo:Slime_Group","floor":27,"turns":6},{"damage":14,"enemies":"Gensokyo:Koishi","floor":29,"turns":4},{"damage":32,"enemies":"Gensokyo:Tenshi","floor":31,"turns":5},{"damage":76,"enemies":"Gensokyo:Eternal_Rivals","floor":33,"turns":14},{"damage":6,"enemies":"Gensokyo:3_Bats","floor":35,"turns":4},{"damage":7,"enemies":"Gensokyo:AncientGuardian","floor":38,"turns":2}],"seed_played":"-4997070489171326253","potions_obtained":[{"floor":1,"key":"AttackPotion"},{"floor":6,"key":"CultistPotion"},{"floor":10,"key":"Explosive Potion"},{"floor":12,"key":"Explosive Potion"},{"floor":12,"key":"ColorlessPotion"},{"floor":14,"key":"FearPotion"},{"floor":16,"key":"Adrenaline Potion"},{"floor":18,"key":"Explosive Potion"},{"floor":19,"key":"Reflective Coating"},{"floor":19,"key":"LiquidBronze"},{"floor":21,"key":"Energy Potion"},{"floor":21,"key":"AttackPotion"},{"floor":22,"key":"BlessingOfTheForge"},{"floor":22,"key":"Dexterity Potion"},{"floor":24,"key":"SpeedPotion"},{"floor":24,"key":"Elixir"},{"floor":27,"key":"Fire Potion"},{"floor":33,"key":"Explosive Potion"},{"floor":35,"key":"SteroidPotion"}],"is_trial":false,"path_per_floor":["M","?","M","M","M","M","E","?","T","M","E","M","?","M","R","B",null,"M","M","M","M","M","R","M","R","T","M","$","E","?","E","R","B",null,"M","T","?","M"],"character_chosen":"REMILIA","items_purchased":["Membership Card","StuffTheSpire:Nightcore","infinitespire:FocusingShard","CharismaGuard","StuffTheSpire:PlasmaPunch","BloodyCatastrophe","FavorOfDestiny","AttackPotion"],"campfire_rested":2,"item_purchase_floors":[28,28,28,28,28,28,28,28],"current_hp_per_floor":[82,82,82,82,73,82,82,75,75,82,84,86,86,87,87,48,96,90,48,40,29,22,50,27,55,55,44,44,36,36,7,35,11,96,94,94,94,87,87],"gold":410,"neow_bonus":"TEN_PERCENT_HP_BONUS","is_daily":false,"chose_seed":false,"campfire_upgraded":1,"win_rate":0.0,"timestamp":1614456231,"path_taken":["M","?","M","M","M","M","E","?","T","?","E","M","?","M","R","BOSS","M","M","M","M","M","R","M","R","T","M","$","E","?","E","R","BOSS","M","?","?","?"],"items_purchased_type":["Relic","Relic","Relic","Card","Card","Card","Card","Potion"],"build_version":"2020-12-22","purchased_purges":0,"victory":false,"max_hp_per_floor":[82,82,82,82,82,82,82,96,96,96,96,96,96,96,96,96,96,96,96,96,96,96,96,96,96,96,96,96,96,96,96,96,96,96,96,96,96,96,96],"card_choices":[{"not_picked":["DiffusionOfMisfortune","UnderTheZenith"],"picked":"CharismaGuard","floor":1},{"not_picked":["EndlessAdversity","BlasphemousPunishment"],"picked":"DevilSight","floor":3},{"not_picked":["ReincarnationDial","BloodyTrap"],"picked":"VampirishNight","floor":4},{"not_picked":["Stigmanizer","ScarletDream"],"picked":"StarOfDavid","floor":5},{"not_picked":["MastersStateliness","StarOfDavid"],"picked":"Stigmanizer","floor":6},{"not_picked":["ScarletDevil","MastersStateliness"],"picked":"BombardNight","floor":7},{"not_picked":["DiffusionOfMisfortune","StarOfDavid"],"picked":"FavorOfDestiny","floor":10},{"not_picked":["Stigmanizer","HellCatastrophe"],"picked":"CharismaGuard","floor":11},{"not_picked":["BloodyMagicSquare","MastersStateliness"],"picked":"RedRainbow","floor":12},{"not_picked":["RedRainbow","UnderTheZenith"],"picked":"NightDance","floor":14},{"not_picked":["BloodyCatastrophe","BatForm"],"picked":"ScarletMeister","floor":16},{"not_picked":["FavorOfDestiny","DevilSight"],"picked":"UltimateOffering+1","floor":18},{"not_picked":["BlasphemousPunishment","LeisurelyOfLord"],"picked":"VampireKiss","floor":19},{"not_picked":["UnderTheZenith","RedRainbow"],"picked":"ScarletDevil+1","floor":20},{"not_picked":["MastersStateliness","ScarletGensokyo+1"],"picked":"FitfulNightmare","floor":21},{"not_picked":["FavorOfDestiny","UltimateOffering"],"picked":"TwelveNightmare","floor":22},{"not_picked":["NightDance","VampireKiss"],"picked":"BloodRain","floor":24},{"not_picked":["RedRainbow","ScarletDevilSign"],"picked":"HunterOfTheNight+1","floor":27},{"not_picked":["TwelveNightmare","GlobalNightmare"],"picked":"EndlessAdversity+1","floor":29},{"not_picked":["DiffusionOfMisfortune","RedNightlessCastle"],"picked":"BadLadyScramble+1","floor":31},{"not_picked":["BloodyHallows","BloodyCatastrophe"],"picked":"BloodRain","floor":33},{"not_picked":["CharismaGuard+1","DevilSight+1"],"picked":"MastersStateliness+1","floor":35}],"player_experience":344131,"relics_obtained":[{"floor":7,"key":"Pantograph"},{"floor":9,"key":"Golden Egg"},{"floor":11,"key":"StuffTheSpire:RubySignet"},{"floor":16,"key":"Gensokyo:OccultBall"},{"floor":26,"key":"StuffTheSpire:GrapeVine"},{"floor":29,"key":"PreservedInsect"},{"floor":31,"key":"Bronze Scales"},{"floor":33,"key":"Gensokyo:OccultBall"},{"floor":36,"key":"Replay:Bottled Snecko"},{"floor":37,"key":"Ring of Searing"},{"floor":37,"key":"Ring of Fangs"}],"event_choices":[],"is_beta":false,"boss_relics":[{"not_picked":["Tiny House","hubris:RunicObelisk"],"picked":"energizedSpire:RedRose"},{"not_picked":["Kintsugi","energizedSpire:OgreHead"],"picked":"Replay:Wanted Poster"}],"items_purged_floors":[],"is_endless":false,"potions_floor_spawned":[1,6,10,12,14,16,19,21,22,24,27],"killed_by":"Gensokyo:AncientGuardian","ascension_level":1}}