{"host":"fbdlh90rovbiajun","time":1614454357,"event":{"mods":["AchievementEnabler","BaseMod","Colored Map","Keyboard Shortcuts","Minty Spire (QoL Compilation)","SuperFastMode"],"gold_per_floor":[116,41,116,129,146,146,171,20,44,44,44],"floor_reached":10,"language":"KOR","playtime":107,"items_purged":[],"score":106,"play_id":"3f546a54-0389-4b42-9a9d-f714f2186d2a","local_time":"20210228043237","is_ascension_mode":true,"campfire_choices":[{"data":"Eruption","floor":6.0,"key":"SMITH"}],"circlet_count":0,"master_deck":["AscendersBane","Strike_P","Strike_P","Strike_P","Strike_P","Defend_P","Defend_P","Defend_P","Defend_P","Eruption+1","Vigilance","Adaptation","SandsOfTime"],"relics":["PureWater","NeowsBlessing","Orichalcum","Omamori","Centennial Puzzle"],"acts_visited":["Exordium"],"potions_floor_usage":[],"damage_taken":[{"damage":0.0,"enemies":"2 Louse","floor":1.0,"turns":1.0},{"damage":0.0,"enemies":"Jaw Worm","floor":4.0,"turns":1.0},{"damage":0.0,"enemies":"Cultist","floor":5.0,"turns":1.0},{"damage":32.0,"enemies":"Gremlin Nob","floor":7.0,"turns":4.0},{"damage":24,"enemies":"3 Sentries","floor":10,"turns":2}],"seed_played":"5846777396698463556","potions_obtained":[{"floor":7.0,"key":"BottledMiracle"}],"is_trial":false,"path_per_floor":["M","$","?","M","M","R","E","$","T","E"],"character_chosen":"WATCHER","items_purchased":["Adaptation","Omamori"],"campfire_rested":0,"item_purchase_floors":[2,8],"current_hp_per_floor":[65,65,54,54,54,54,22,22,22,0,0],"gold":44,"neow_bonus":"THREE_ENEMY_KILL","is_daily":false,"chose_seed":false,"campfire_upgraded":1,"win_rate":0.0,"timestamp":1614454357,"path_taken":["M","$","?","M","M","R","E","$","T","E"],"items_purchased_type":["Card","Relic"],"build_version":"2020-12-22","purchased_purges":0,"victory":false,"max_hp_per_floor":[72,72,72,72,72,72,72,72,72,72,72],"card_choices":[{"not_picked":["CutThroughFate","EmptyBody","Indignation"],"picked":"SKIP","floor":1.0},{"not_picked":["CrushJoints","BattleHymn","Worship"],"picked":"SKIP","floor":4.0},{"not_picked":["CutThroughFate","Crescendo"],"picked":"SandsOfTime","floor":5.0},{"not_picked":["DeceiveReality","Conclude","Establishment"],"picked":"SKIP","floor":7.0}],"player_experience":152742,"relics_obtained":[{"floor":7.0,"key":"Orichalcum"},{"floor":9,"key":"Centennial Puzzle"}],"event_choices":[{"damage_healed":0.0,"max_hp_gain":0.0,"max_hp_loss":0.0,"gold_gain":75.0,"event_name":"World of Goop","player_choice":"Gather Gold","floor":3.0,"gold_loss":0.0,"damage_taken":11.0}],"is_beta":false,"boss_relics":[],"items_purged_floors":[],"is_endless":false,"potions_floor_spawned":[7],"killed_by":"3 Sentries","ascension_level":12}}