{"host":"lktusdb9orijgc6z","time":1614397306,"event":{"mods":["BaseMod","Bestiary","Colored Map","Colored Powertips","Filter the Spire","Minty Spire (QoL Compilation)","Permanent Neow","Quick Restart","Relic Stats","StSLib","everything is the same but u backflip on backflip","slay the spire mod where everything is the same but ironclad has a cowboy hat"],"gold_per_floor":[119,177,188,14,26,58,58,86,138,154,182,204,234,234,234,315,315,344,344,74,101,191,191,215,250,250,108,127,127,127],"floor_reached":29,"language":"ENG","playtime":1090,"items_purged":["Strike_G","Well Laid Plans+1"],"score":646,"play_id":"aae8bedd-9819-457a-adb8-bda1c4828094","local_time":"20210227044146","is_ascension_mode":true,"campfire_choices":[{"data":"Blade Dance","floor":7.0,"key":"SMITH"},{"data":"Well Laid Plans","floor":15.0,"key":"SMITH"},{"floor":23,"key":"REST"}],"circlet_count":0,"master_deck":["AscendersBane","Strike_G","Strike_G","Strike_G","Strike_G","Defend_G","Defend_G","Survivor","Neutralize","Eviscerate+1","Backstab+1","Concentrate+1","Blade Dance+1","Eviscerate","Acrobatics","Predator","Acrobatics","Terror","Adrenaline","Setup+1","Underhanded Strike","Dagger Spray+1","Phantasmal Killer","PiercingWail","Dagger Throw"],"relics":["Astrolabe","Pantograph","Anchor","CeramicFish","Lantern","TungstenRod","Runic Pyramid","Kunai","Sundial","Nunchaku"],"acts_visited":["Exordium","TheCity"],"potions_floor_usage":[18,25,25,28],"damage_taken":[{"damage":0.0,"enemies":"Small Slimes","floor":1.0,"turns":2.0},{"damage":12.0,"enemies":"Jaw Worm","floor":3.0,"turns":2.0},{"damage":0.0,"enemies":"2 Louse","floor":5.0,"turns":1.0},{"damage":8.0,"enemies":"Gremlin Nob","floor":6.0,"turns":3.0},{"damage":18.0,"enemies":"Lagavulin","floor":8.0,"turns":6.0},{"damage":0.0,"enemies":"Lots of Slimes","floor":10.0,"turns":3.0},{"damage":12.0,"enemies":"3 Sentries","floor":11.0,"turns":6.0},{"damage":0.0,"enemies":"Exordium Wildlife","floor":12.0,"turns":1.0},{"damage":2.0,"enemies":"Lagavulin","floor":13.0,"turns":4.0},{"damage":0,"enemies":"Slime Boss","floor":16,"turns":3},{"damage":0,"enemies":"3 Byrds","floor":18,"turns":3},{"damage":20,"enemies":"Spheric Guardian","floor":21,"turns":4},{"damage":0,"enemies":"Centurion and Healer","floor":24,"turns":4},{"damage":19,"enemies":"Gremlin Leader","floor":25,"turns":3},{"damage":7,"enemies":"Snake Plant","floor":28,"turns":4},{"damage":10,"enemies":"Sentry and Sphere","floor":29,"turns":2}],"seed_played":"6397961629694576821","potions_obtained":[{"floor":3.0,"key":"LiquidBronze"},{"floor":5.0,"key":"EssenceOfSteel"},{"floor":12.0,"key":"SkillPotion"},{"floor":16,"key":"Strength Potion"},{"floor":21,"key":"AttackPotion"},{"floor":25,"key":"SkillPotion"}],"is_trial":false,"path_per_floor":["M","?","M","$","M","E","R","E","T","M","E","M","E","?","R","B",null,"M","?","$","M","?","R","M","E","T","$","M","M"],"character_chosen":"THE_SILENT","items_purchased":["Acrobatics","Predator","Kunai","PiercingWail"],"campfire_rested":1,"item_purchase_floors":[4,4,20,27],"current_hp_per_floor":[59,59,47,47,47,39,39,21,21,21,9,9,7,7,7,32,58,58,41,41,21,11,32,32,13,13,13,6,0,0],"gold":127,"neow_bonus":"BOSS_RELIC","is_daily":false,"chose_seed":false,"campfire_upgraded":2,"win_rate":0.0,"timestamp":1614397306,"path_taken":["M","?","M","$","M","E","R","E","T","M","E","M","E","?","R","BOSS","M","?","$","M","?","R","M","E","T","$","?","M"],"items_purchased_type":["Card","Card","Relic","Card"],"build_version":"2020-12-22","purchased_purges":2,"victory":false,"max_hp_per_floor":[66,66,66,66,66,66,66,66,66,66,66,66,66,66,66,66,66,66,71,71,71,71,71,71,71,71,71,71,71,71],"relic_stats":{"Nunchaku":[1],"counters":[16,51],"Sundial":[0],"Astrolabe":["Eviscerate","Backstab","Concentrate"],"Pantograph":25,"CeramicFish":72,"Kunai":[9],"obtain_stats":[{"Anchor":8,"Lantern":11,"Nunchaku":26,"Sundial":25,"Astrolabe":0,"Pantograph":6,"CeramicFish":9,"Kunai":20,"TungstenRod":13,"Ring of the Snake":0,"Runic Pyramid":17},{"Anchor":5,"Lantern":7,"Nunchaku":14,"Sundial":14,"Astrolabe":0,"Pantograph":4,"CeramicFish":5,"Kunai":11,"TungstenRod":9,"Ring of the Snake":0,"Runic Pyramid":10},{"Anchor":14,"Lantern":23,"Nunchaku":45,"Sundial":45,"Astrolabe":0,"Pantograph":8,"CeramicFish":14,"Kunai":34,"TungstenRod":28,"Ring of the Snake":0,"Runic Pyramid":31}],"TungstenRod":10},"card_choices":[{"not_picked":["Quick Slash","Masterful Stab"],"picked":"Blade Dance","floor":1.0},{"not_picked":["Sucker Punch","Deflect"],"picked":"Eviscerate","floor":3.0},{"not_picked":["Slice","Backflip"],"picked":"Acrobatics","floor":5.0},{"not_picked":["Backstab","Deflect"],"picked":"Well Laid Plans","floor":6.0},{"not_picked":["Cloak And Dagger","Finisher","Escape Plan"],"picked":"SKIP","floor":8.0},{"not_picked":["Outmaneuver","Slice","Accuracy"],"picked":"SKIP","floor":10.0},{"not_picked":["Outmaneuver","Sucker Punch","Cloak And Dagger"],"picked":"SKIP","floor":11.0},{"not_picked":["Leg Sweep","Blade Dance"],"picked":"Terror","floor":12.0},{"not_picked":["Prepared","Outmaneuver","Storm of Steel"],"picked":"SKIP","floor":13.0},{"not_picked":["Doppelganger","Envenom"],"picked":"Adrenaline","floor":16},{"not_picked":["Poisoned Stab","Terror"],"picked":"Setup+1","floor":18},{"not_picked":["Accuracy+1","Dodge and Roll"],"picked":"Underhanded Strike","floor":21},{"not_picked":["Quick Slash","Slice"],"picked":"Dagger Spray+1","floor":24},{"not_picked":["Riddle With Holes","Accuracy"],"picked":"Phantasmal Killer","floor":25},{"not_picked":["Caltrops","Quick Slash"],"picked":"Dagger Throw","floor":28}],"player_experience":825049,"relics_obtained":[{"floor":6.0,"key":"Pantograph"},{"floor":8.0,"key":"Anchor"},{"floor":9.0,"key":"CeramicFish"},{"floor":11.0,"key":"Lantern"},{"floor":13.0,"key":"TungstenRod"},{"floor":25,"key":"Sundial"},{"floor":26,"key":"Nunchaku"}],"event_choices":[{"damage_healed":0.0,"max_hp_gain":0.0,"max_hp_loss":0.0,"gold_gain":58.0,"event_name":"Golden Wing","player_choice":"Gained Gold","floor":2.0,"gold_loss":0.0,"damage_taken":0.0},{"damage_healed":0.0,"max_hp_gain":0.0,"max_hp_loss":0.0,"gold_gain":0.0,"event_name":"Scrap Ooze","player_choice":"Fled","floor":14.0,"gold_loss":0.0,"damage_taken":0.0},{"damage_healed":0,"gold_gain":0,"player_choice":"Shed Blood","damage_taken":23,"max_hp_gain":5,"max_hp_loss":0,"event_name":"Forgotten Altar","floor":19,"gold_loss":0},{"damage_healed":0,"gold_gain":90,"player_choice":"GOLD ","damage_taken":12,"max_hp_gain":0,"max_hp_loss":0,"event_name":"Knowing Skull","floor":22,"potions_obtained":[],"gold_loss":0,"cards_obtained":[]}],"is_beta":false,"boss_relics":[{"not_picked":["Empty Cage","Cursed Key"],"picked":"Runic Pyramid"}],"items_purged_floors":[4,27],"is_endless":false,"potions_floor_spawned":[3,5,6,12,16,21,25],"killed_by":"Sentry and Sphere","ascension_level":20}}