{"host":"kj5ejyofr70ax6r3","time":1614459963,"event":{"mods":["BaseMod","BetterRewards","Colored Map","GifTheSpireLib","Minty Spire (QoL Compilation)","Reliquary","Replay The Spire","Shop Mod","StSLib","The Dragon Tamer"],"gold_per_floor":[119,119,119,144,164,164,207,207,207,250,250,493,506,138,138,262,262,281,381,406,430,345,385,385,418,464,499,499,537,537,24,24,150,150,168,182,182,203,203,239,239,239,239],"floor_reached":42,"language":"ENG","playtime":1704,"items_purged":["CommonCold"],"score":1029,"play_id":"5bf68fbb-2302-41bb-aeed-0ce290719c64","local_time":"20210227150603","is_ascension_mode":true,"campfire_choices":[{"floor":6,"key":"REST"},{"floor":8,"key":"REST"},{"floor":11,"key":"REST"},{"floor":15,"key":"REST"},{"floor":24,"key":"REST"},{"floor":28,"key":"REST"},{"floor":32,"key":"REST"},{"floor":41,"key":"REST"}],"circlet_count":0,"master_deck":["Strike_B","Strike_B","Strike_B","Strike_B","Defend_B","Defend_B","Defend_B","Defend_B","Zap","Dualcast","Storm+1","Capacitor","Heatsinks","Defragment","Mirror Shield+1","White Noise","Crystallizer","Steam","Doom and Gloom","ReplayRNGCard+1","Aggregate","Barrage+1","White Noise","Heatsinks","Loop","Beam Cell","Consume+1","Heatsinks","Replay:BasicMightCard","Mirror Shield","Aggregate","Chaos+1","Static Discharge","Buffer","Machine Learning"],"relics":["Cracked Core","reliquary:ThirdArm","Golden Idol","Darkstone Periapt","Mummified Hand","Toy Ornithopter","ReplayTheSpireMod:CursedCoin","Orichalcum","MerchantsRug","SlaversCollar","MealTicket","Replay:Mystery Machine","reliquary:RosewoodLute","PreservedInsect","Pen Nib","Red Mask","ReplayTheSpireMod:TigerMarble","Guide Book","reliquary:WritOfMandamus","Replay:PocketPolymizer","Solar Panel"],"acts_visited":["Exordium","TheCity","TheBeyond"],"potions_floor_usage":[21,27,27,29,33],"damage_taken":[{"damage":2,"enemies":"Jaw Worm","floor":1,"turns":3},{"damage":8,"enemies":"2 Louse","floor":4,"turns":3},{"damage":0,"enemies":"Cultist","floor":5,"turns":3},{"damage":26,"enemies":"Gremlin Nob","floor":7,"turns":4},{"damage":29,"enemies":"3 Sentries","floor":10,"turns":5},{"damage":0,"enemies":"2 Fungi Beasts","floor":13,"turns":2},{"damage":0,"enemies":"Slime Boss","floor":16,"turns":6},{"damage":17,"enemies":"3 Byrds","floor":18,"turns":4},{"damage":6,"enemies":"Spheric Guardian","floor":20,"turns":3},{"damage":8,"enemies":"Centurion and Healer","floor":21,"turns":2},{"damage":30,"enemies":"Gremlin Leader","floor":23,"turns":5},{"damage":30,"enemies":"Book of Stabbing","floor":25,"turns":5},{"damage":22,"enemies":"Gremlin Leader","floor":27,"turns":4},{"damage":7,"enemies":"Masked Bandits","floor":29,"turns":2},{"damage":3,"enemies":"Pondfish","floor":33,"turns":5},{"damage":28,"enemies":"3 Darklings","floor":35,"turns":4},{"damage":27,"enemies":"Orb Walker","floor":36,"turns":3},{"damage":1,"enemies":"4 Shapes","floor":38,"turns":2},{"damage":49,"enemies":"Reptomancer","floor":40,"turns":4},{"damage":27,"enemies":"Spire Growth","floor":42,"turns":3}],"seed_played":"2724297379661056186","potions_obtained":[{"floor":7,"key":"Weak Potion"},{"floor":10,"key":"Reflective Coating"},{"floor":13,"key":"Energy Potion"},{"floor":20,"key":"PowerPotion"},{"floor":25,"key":"LiquidMemories"},{"floor":29,"key":"Regen Potion"},{"floor":33,"key":"FairyPotion"}],"is_trial":false,"path_per_floor":["M","?","?","M","M","R","E","R","T","E","R","?","M","$","R","B",null,"M","?","M","M","?","E","R","E","T","E","R","?","?","$","R","B",null,"M","M","?","M","?","E","R","M"],"character_chosen":"DEFECT","items_purchased":["Storm","ReplayTheSpireMod:CursedCoin","Orichalcum","MerchantsRug","Capacitor","Doom and Gloom","ReplayTheSpireMod:TigerMarble","Guide Book","Heatsinks","Strength Potion","Replay:BasicMightCard"],"campfire_rested":8,"item_purchase_floors":[0,14,14,14,14,14,31,31,31,31,31],"current_hp_per_floor":[73,55,55,47,47,69,43,65,65,36,58,40,40,46,70,70,81,64,64,58,55,55,25,49,19,19,7,31,29,29,44,68,74,81,53,26,26,25,25,3,27,0,0],"gold":239,"neow_bonus":"","is_daily":false,"chose_seed":false,"campfire_upgraded":0,"win_rate":0.0,"timestamp":1614459963,"path_taken":["M","?","?","M","?","R","E","R","T","E","R","?","?","$","R","BOSS","M","?","M","?","?","E","R","E","T","E","R","?","?","?","R","BOSS","M","M","?","?","?","E","R","M"],"items_purchased_type":["Card","Relic","Relic","Relic","Card","Card","Relic","Relic","Card","Potion","Card"],"build_version":"2020-12-22","purchased_purges":1,"victory":false,"max_hp_per_floor":[75,75,75,75,75,75,75,75,75,75,75,75,75,81,81,81,81,81,81,81,81,81,81,81,81,81,81,81,81,81,81,81,81,81,81,81,81,81,81,81,81,81,81],"card_choices":[{"not_picked":["Gash","Redo"],"picked":"Capacitor","floor":1},{"not_picked":["ReplaySolidLightProjector","Barrage"],"picked":"Heatsinks","floor":4},{"not_picked":["Force Field","Storm"],"picked":"Defragment","floor":5},{"not_picked":["Turbo","Rebound"],"picked":"Mirror Shield","floor":7},{"not_picked":["Darkness","Steam"],"picked":"White Noise","floor":10},{"not_picked":["Gash","Steam"],"picked":"Crystallizer","floor":12},{"not_picked":["Streamline","BasicCrystalCard"],"picked":"Steam","floor":13},{"not_picked":["Meteor Strike","Fission"],"picked":"ReplayRNGCard","floor":16},{"not_picked":["Hologram","Turbo"],"picked":"Aggregate","floor":18},{"not_picked":["Beam Cell","Reinforced Body"],"picked":"Barrage+1","floor":20},{"not_picked":["Redo+1","Chaos"],"picked":"White Noise","floor":21},{"not_picked":["BasicCrystalCard","Reprogram+1"],"picked":"Heatsinks","floor":23},{"not_picked":["Meteor Strike","Turbo"],"picked":"Loop","floor":25},{"not_picked":["Barrage","Skim"],"picked":"Beam Cell","floor":27},{"not_picked":["Rebound","Ball Lightning+1"],"picked":"Consume+1","floor":29},{"not_picked":["Multi-Cast","ReplayRNGCard"],"picked":"Mirror Shield","floor":33},{"not_picked":["Leap","Lockon"],"picked":"Aggregate","floor":35},{"not_picked":["Cold Snap","Doom and Gloom"],"picked":"Chaos+1","floor":36},{"not_picked":["Gash+1","Streamline+1"],"picked":"Static Discharge","floor":38},{"not_picked":["Defragment","Stack+1"],"picked":"Buffer","floor":40}],"player_experience":151930,"relics_obtained":[{"floor":7,"key":"Darkstone Periapt"},{"floor":9,"key":"Mummified Hand"},{"floor":10,"key":"Toy Ornithopter"},{"floor":23,"key":"Replay:Mystery Machine"},{"floor":25,"key":"reliquary:RosewoodLute"},{"floor":26,"key":"PreservedInsect"},{"floor":27,"key":"Pen Nib"},{"floor":29,"key":"Red Mask"},{"floor":40,"key":"Solar Panel"}],"event_choices":[{"damage_healed":0,"gold_gain":0,"player_choice":"Take Damage","damage_taken":18,"relics_obtained":["Golden Idol"],"max_hp_gain":0,"max_hp_loss":0,"event_name":"Golden Idol","floor":2,"gold_loss":0},{"damage_healed":0,"gold_gain":0,"player_choice":"Forge","damage_taken":0,"max_hp_gain":0,"max_hp_loss":0,"event_name":"Accursed Blacksmith","floor":3,"gold_loss":0,"cards_upgraded":["Storm"]},{"damage_healed":0,"gold_gain":100,"player_choice":"Pray","damage_taken":0,"max_hp_gain":0,"max_hp_loss":0,"event_name":"Golden Shrine","floor":19,"gold_loss":0},{"damage_healed":0,"gold_gain":0,"player_choice":"Obtained Relic","damage_taken":0,"relics_obtained":["MealTicket"],"max_hp_gain":0,"max_hp_loss":0,"event_name":"Addict","floor":22,"gold_loss":85},{"damage_healed":0,"gold_gain":0,"player_choice":"Fought Bandits","damage_taken":0,"max_hp_gain":0,"max_hp_loss":0,"event_name":"Masked Bandits","floor":29,"gold_loss":0},{"damage_healed":0,"gold_gain":0,"player_choice":"Ignored","damage_taken":0,"max_hp_gain":0,"max_hp_loss":0,"event_name":"Ghosts","floor":30,"gold_loss":0},{"damage_healed":0,"gold_gain":0,"player_choice":"Gave Potion","damage_taken":0,"relics_obtained":["Replay:PocketPolymizer"],"max_hp_gain":0,"max_hp_loss":0,"event_name":"WeMeetAgain","floor":37,"gold_loss":0},{"damage_healed":0,"gold_gain":0,"player_choice":"Ignored","damage_taken":0,"max_hp_gain":0,"max_hp_loss":0,"event_name":"Purifier","floor":39,"gold_loss":0}],"is_beta":false,"boss_relics":[{"not_picked":["ChewingGum","Kintsugi"],"picked":"SlaversCollar"},{"not_picked":["Inserter","FrozenCore"],"picked":"reliquary:WritOfMandamus"}],"items_purged_floors":[14],"is_endless":false,"potions_floor_spawned":[7,10,13,20,25,29,33],"killed_by":"Spire Growth","ascension_level":2}}