{"host":"yrbbd32mtuqddxkv","time":1614433652,"event":{"mods":["Act Like it!","Astrologer","BaseMod","Gensokyo","GungeonMod","Marisa£®ÏF”Í°°ƒß¿Ì…≥£©","Minty Spire (QoL Compilation)","Quick Restart","Reimu£®≤©¿ˆ¡È√Œ£©","Reliquary","Remilia£®¿Ÿ√◊¿Ú—«£©","Replay The Spire","StSLib","The Runesmith","The Servant 0.9.4"],"gold_per_floor":[115,115,215,18,68,109,121,158,240,286,298,310,334,361,373,483,495,520,532,644,673,685,697,697],"floor_reached":23,"language":"ZHS","playtime":1011,"items_purged":["Strike_P"],"score":485,"play_id":"9371c2bb-131c-4089-8bbc-9330e57eb20b","local_time":"20210227214732","is_ascension_mode":true,"campfire_choices":[{"data":"FlawlessForm","floor":12.0,"key":"SMITH"},{"data":"MurderousAura","floor":15.0,"key":"SMITH"}],"circlet_count":0,"master_deck":["Strike_S","Strike_S","Strike_S","Strike_S","Defend_S","Defend_S","Defend_S","Defend_S","KidneyShot","Exchange","Defend_MRS","MurderousAura+1","DualDimension","Rearm","Barrier","Amnesia","Parasite","FastForward","FlawlessForm+1","Gluttony_TH","StarChef","Pain","LightFlow","CommonCold","ReplayTheSpireMod:Faulty Equipment","Shame","Languid","Spin","Regret","Lust_TH","Shame","ReplayTheSpireMod:Restless Dread","Alleviate+1","Injury","Voices","Normality","Parasite","Lust_TH","BottledTime"],"relics":["Uniform","Mango","ReplayTheSpireMod:Ring of Addiction","Potion Belt","Chameleon Ring","Ring of Greed","MawBank","The Courier","reliquary:WeakTea","StoneCalendar","Kunai","reliquary:Stiletto","KneeBrace","reliquary:RedCape","Gensokyo:ConquerorOfFear","RomanBracelet","Gambling Chip","DemoMod:GlassGuonStoneRelic"],"acts_visited":["Gensokyo:Gensokyo","Gensokyo:Gensokyoer"],"potions_floor_usage":[],"damage_taken":[{"damage":5.0,"enemies":"Gensokyo:Gryphon","floor":1.0,"turns":4.0},{"damage":16.0,"enemies":"Gensokyo:Cirno","floor":6.0,"turns":9.0},{"damage":0.0,"enemies":"Gensokyo:Mamizou","floor":8.0,"turns":12.0},{"damage":0.0,"enemies":"Gensokyo:Aya","floor":10.0,"turns":7.0},{"damage":0.0,"enemies":"Gensokyo:Python","floor":13.0,"turns":5.0},{"damage":0.0,"enemies":"Gensokyo:2_Kodama","floor":14.0,"turns":7.0},{"damage":0.0,"enemies":"Gensokyo:Yukari","floor":16.0,"turns":9.0},{"damage":0.0,"enemies":"Gensokyo:CosmicMonolith","floor":18.0,"turns":5.0},{"damage":0.0,"enemies":"Gensokyo:CosmicMonolith","floor":20.0,"turns":9.0},{"damage":22.0,"enemies":"Gensokyo:3_Dogs","floor":21.0,"turns":6.0},{"damage":1,"enemies":"Gensokyo:Reisen","floor":23,"turns":1}],"seed_played":"-3830838315446594131","potions_obtained":[{"floor":5.0,"key":"EssenceOfSteel"},{"floor":5.0,"key":"Energy Potion"},{"floor":5.0,"key":"SpeedPotion"},{"floor":6.0,"key":"PowerPotion"},{"floor":10.0,"key":"MagicPotion:ReiMu"},{"floor":14.0,"key":"SteroidPotion"},{"floor":21.0,"key":"SpeedPotion"}],"is_trial":false,"path_per_floor":["M","?","?","$","?","E","$","E","T","E","T","R","M","M","R","B",null,"M","?","?","M","?","E"],"character_chosen":"THE_SERVANT","items_purchased":["Rearm","Barrier"],"campfire_rested":0,"item_purchase_floors":[4,4],"current_hp_per_floor":[60,53,53,53,53,37,37,37,37,37,37,37,37,37,37,37,77,77,77,77,55,55,54,54],"gold":697,"neow_bonus":"THREE_RARE_CARDS","is_daily":false,"chose_seed":false,"campfire_upgraded":2,"win_rate":0.0,"timestamp":1614433652,"path_taken":["M","?","?","$","?","E","?","E","T","E","?","R","M","?","R","BOSS","M","?","?","?","?","E"],"items_purchased_type":["Card","Card"],"build_version":"2020-12-22","purchased_purges":1,"victory":false,"max_hp_per_floor":[65,79,79,79,79,79,79,79,79,77,77,77,77,77,77,77,77,77,77,77,77,77,77,77],"card_choices":[{"not_picked":["FloweringNight","Dilation"],"picked":"MurderousAura","floor":0.0},{"not_picked":["Starlight","Collapse"],"picked":"DualDimension","floor":1.0},{"not_picked":["Replace","Rewind"],"picked":"FastForward","floor":6.0},{"not_picked":["Revamp","WasteNot"],"picked":"FlawlessForm","floor":8.0},{"not_picked":["Shuttle","WasteNot","FastForward"],"picked":"SKIP","floor":10.0},{"not_picked":["Replace","TimeWarp","Rewind"],"picked":"SKIP","floor":13.0},{"not_picked":["Moondial","Spin"],"picked":"StarChef","floor":14.0},{"not_picked":["FlawlessForm","KillingDoll"],"picked":"LightFlow","floor":16.0},{"not_picked":["Manipulate","BestPractice+1"],"picked":"Spin","floor":18.0},{"not_picked":["Comet","Starlight"],"picked":"Alleviate+1","floor":21.0}],"player_experience":939299,"relics_obtained":[{"floor":5.0,"key":"ReplayTheSpireMod:Ring of Addiction"},{"floor":5.0,"key":"Potion Belt"},{"floor":5.0,"key":"Chameleon Ring"},{"floor":5.0,"key":"Ring of Greed"},{"floor":5.0,"key":"MawBank"},{"floor":5.0,"key":"The Courier"},{"floor":6.0,"key":"reliquary:WeakTea"},{"floor":8.0,"key":"StoneCalendar"},{"floor":9.0,"key":"Kunai"},{"floor":10.0,"key":"reliquary:Stiletto"},{"floor":11.0,"key":"KneeBrace"},{"floor":20.0,"key":"RomanBracelet"},{"floor":20.0,"key":"Gambling Chip"},{"floor":20.0,"key":"Gensokyo:ConquerorOfFear"}],"event_choices":[],"is_beta":false,"boss_relics":[{"not_picked":["reliquary:WritOfMandamus","MysterySword"],"picked":"reliquary:RedCape"}],"items_purged_floors":[4],"is_endless":false,"potions_floor_spawned":[6,10,14,21],"killed_by":"Gensokyo:Reisen","ascension_level":4}}