{"host":"zxd2l8an9de7z7b9","time":1614410171,"event":{"mods":["100% Spire Juice","2.2 Compatiblity","AchievementEnabler","BaseMod","CapriCore","Colored Map","Colored Powertips","Marisa£¨Ùöéë¡¡Øª×âÞÞ£©","Minty Spire (QoL Compilation)","Rare Cards Sparkle","StSLib","SuperFastMode","Td1madao Mod","everything is the same but u backflip on backflip"],"gold_per_floor":[114,39,39,59,73,92,103,103,126,126,126,126,146,163,163,266,266,281,281,293,193,210,210,210],"floor_reached":23,"language":"KOR","playtime":671,"items_purged":["Strike_R","Strike_R"],"score":185,"play_id":"b0a54f20-6f71-4dc7-afe4-22145934d5d6","local_time":"20210227161611","is_ascension_mode":false,"campfire_choices":[{"data":"Dark Embrace","floor":8.0,"key":"SMITH"},{"data":"True Grit","floor":10.0,"key":"SMITH"},{"data":"Bash","floor":12.0,"key":"SMITH"},{"data":"Body Slam","floor":15,"key":"SMITH"}],"circlet_count":0,"master_deck":["Strike_R","Strike_R","Defend_R","Defend_R","Defend_R","Defend_R","Bash+1","Body Slam","True Grit+1","Feel No Pain","Flame Barrier","Cleave","Dark Embrace+1","Body Slam+1","Bludgeon","Feed","Perfected Strike","Clash+1"],"relics":["Burning Blood","Regal Pillow","Sozu"],"acts_visited":["Exordium","TheCity"],"potions_floor_usage":[16,16],"damage_taken":[{"damage":1.0,"enemies":"Jaw Worm","floor":1.0,"turns":3.0},{"damage":0.0,"enemies":"Small Slimes","floor":4.0,"turns":3.0},{"damage":0.0,"enemies":"2 Louse","floor":5.0,"turns":4.0},{"damage":9.0,"enemies":"Red Slaver","floor":6.0,"turns":8.0},{"damage":2.0,"enemies":"Blue Slaver","floor":7.0,"turns":6.0},{"damage":0.0,"enemies":"Looter","floor":13.0,"turns":5.0},{"damage":4,"enemies":"Red Slaver","floor":14,"turns":4},{"damage":62,"enemies":"Hexaghost","floor":16,"turns":8},{"damage":12,"enemies":"Shell Parasite","floor":18,"turns":5},{"damage":29,"enemies":"Spheric Guardian","floor":20,"turns":6},{"damage":11,"enemies":"Cultist and Chosen","floor":22,"turns":6},{"damage":44,"enemies":"Slavers","floor":23,"turns":3}],"seed_played":"6630232883247948602","potions_obtained":[{"floor":5.0,"key":"Explosive Potion"},{"floor":7.0,"key":"ColorlessPotion"},{"floor":13.0,"key":"BlessingOfTheForge"},{"floor":16,"key":"SkillPotion"}],"is_trial":false,"path_per_floor":["M","$","?","M","M","M","M","R","T","R","?","R","M","M","R","B",null,"M","?","M","$","M","E"],"character_chosen":"IRONCLAD","items_purchased":[],"campfire_rested":0,"item_purchase_floors":[],"current_hp_per_floor":[80,80,85,85,85,82,85,85,85,85,78,78,84,85,85,29,85,79,79,56,56,51,7,7],"gold":210,"neow_bonus":"THREE_CARDS","is_daily":false,"chose_seed":false,"campfire_upgraded":4,"win_rate":0.0,"timestamp":1614410171,"path_taken":["M","$","?","M","M","M","M","R","T","R","?","R","M","M","R","BOSS","M","?","M","$","M","E"],"items_purchased_type":[],"build_version":"2020-12-22","purchased_purges":2,"victory":false,"max_hp_per_floor":[80,80,85,85,85,85,85,85,85,85,85,85,85,85,85,85,85,85,85,85,85,85,85,85],"card_choices":[{"not_picked":["Ghostly Armor","Second Wind"],"picked":"Body Slam","floor":0.0},{"not_picked":["Body Slam","Havoc"],"picked":"True Grit","floor":1.0},{"not_picked":["Flex","Sword Boomerang"],"picked":"Feel No Pain","floor":4.0},{"not_picked":["Headbutt","Flame Barrier","Pummel"],"picked":"SKIP","floor":5.0},{"not_picked":["Headbutt","Pummel"],"picked":"Flame Barrier","floor":5.0},{"not_picked":["Armaments","Warcry"],"picked":"Cleave","floor":6.0},{"not_picked":["Sword Boomerang","Clash"],"picked":"Dark Embrace","floor":7.0},{"not_picked":["Cleave","Inflame"],"picked":"Body Slam","floor":13.0},{"not_picked":["Anger","Havoc"],"picked":"Bludgeon","floor":14},{"not_picked":["Bludgeon","Demon Form"],"picked":"Feed","floor":16},{"not_picked":["Disarm","True Grit+1"],"picked":"Perfected Strike","floor":18},{"not_picked":["Iron Wave","Armaments"],"picked":"Clash+1","floor":20},{"not_picked":["Heavy Blade","Flex","True Grit"],"picked":"SKIP","floor":22}],"player_experience":484731,"relics_obtained":[{"floor":9.0,"key":"Regal Pillow"}],"event_choices":[{"damage_healed":0.0,"max_hp_gain":5.0,"max_hp_loss":0.0,"gold_gain":0.0,"event_name":"Big Fish","player_choice":"Donut","floor":3.0,"gold_loss":0.0,"damage_taken":0.0},{"cards_removed":["Strike_R"],"damage_healed":0.0,"max_hp_gain":0.0,"max_hp_loss":0.0,"gold_gain":0.0,"event_name":"Golden Wing","player_choice":"Card Removal","floor":11.0,"gold_loss":0.0,"damage_taken":7.0},{"damage_healed":0,"gold_gain":0,"player_choice":"0 cards matched","damage_taken":0,"max_hp_gain":0,"max_hp_loss":0,"event_name":"Match and Keep!","floor":19,"gold_loss":0,"cards_obtained":[]}],"is_beta":false,"boss_relics":[{"not_picked":["Runic Dome","Velvet Choker"],"picked":"Sozu"}],"items_purged_floors":[2,21],"is_endless":false,"potions_floor_spawned":[5,7,13,16,18,22],"killed_by":"Slavers","ascension_level":0}}