{"host":"puhn14s7bdwcyqz6","time":1614389980,"event":{"mods":["Aya Shameimaru","BaseMod","CapriCore","Koishi","Marisa（霧雨　魔理沙）","Minty Spire (QoL Compilation)","Reimu（博丽灵梦）","Remilia（蕾米莉亚）","StSLib","The Administrix","The Immortal","The Senshi","The Servant 0.9.4","Yakumo Yukari mod","Yuyuko"],"gold_per_floor":[115,135,149,164,48,48,77,87,113,131,131,156,57,77,77,173,173,185,195,41,53,53,53],"floor_reached":22,"language":"ENG","playtime":7312,"items_purged":[],"score":200,"play_id":"df5aa42c-f273-4417-92da-2e0089899af9","local_time":"20210226203940","is_ascension_mode":false,"campfire_choices":[{"floor":11,"key":"REST"},{"floor":15,"key":"REST"}],"circlet_count":0,"master_deck":["Fantasy Butterflies","Fantasy Butterflies","Fantasy Butterflies","Fantasy Butterflies","Fantasy Butterflies","Dreamy Sakura","Dreamy Sakura","Dreamy Sakura","Dreamy Sakura","Dreamy Sakura","Deathly Ground","Faramita\u0027s Temptation","Butterflies in Dream","Dying Butterflies","Childlike","Float on Moon","Bomb","Dancing Soul","Childlike","Ghostdom Sakura","Immigrant Phantom","Full Inky Sakura","Unborn Light","Dancing Soul","Serene Spring","Home of Suicide","Spear of Papilio","Wandering Soul+1","Butterflies Rainbow","City of Death","Phantom Gift","Spear of Papilio+1"],"relics":["Coronal","Yuyuko\u0027s fan","Bag of Marbles","theSenshi:SailorFukuRelic","Bronze Scales","SacredBark"],"acts_visited":["Exordium","TheCity"],"potions_floor_usage":[10,12,16,18,19],"damage_taken":[{"damage":46,"enemies":"Cultist","floor":1,"turns":6},{"damage":10,"enemies":"Small Slimes","floor":2,"turns":3},{"damage":2,"enemies":"2 Louse","floor":3,"turns":2},{"damage":14,"enemies":"2 Fungi Beasts","floor":4,"turns":2},{"damage":21,"enemies":"Lagavulin","floor":7,"turns":5},{"damage":26,"enemies":"Large Slime","floor":8,"turns":6},{"damage":30,"enemies":"3 Louse","floor":10,"turns":3},{"damage":22,"enemies":"Gremlin Nob","floor":12,"turns":5},{"damage":23,"enemies":"Lots of Slimes","floor":14,"turns":3},{"damage":32,"enemies":"Slime Boss","floor":16,"turns":9},{"damage":37,"enemies":"2 Thieves","floor":18,"turns":3},{"damage":25,"enemies":"Shell Parasite","floor":19,"turns":5},{"damage":11,"enemies":"Snecko","floor":21,"turns":4},{"damage":17,"enemies":"Centurion and Healer","floor":22,"turns":1}],"seed_played":"4429012340399650052","potions_obtained":[{"floor":1,"key":"ZuzhouPotion:ReiMu"},{"floor":3,"key":"Fire Potion"},{"floor":4,"key":"Explosive Potion"},{"floor":10,"key":"SteroidPotion"},{"floor":16,"key":"ColorlessPotion"}],"is_trial":false,"path_per_floor":["M","M","M","M","$","?","E","M","T","M","R","E","$","M","R","B",null,"M","M","$","M","M"],"character_chosen":"YUYOKO","items_purchased":["Bomb","Dancing Soul","Unborn Light","Dancing Soul","Butterflies Rainbow","City of Death","Phantom Gift"],"campfire_rested":2,"item_purchase_floors":[5,5,13,13,20,20,20],"current_hp_per_floor":[24,41,42,35,35,40,34,35,35,17,31,29,29,21,35,40,49,15,5,5,11,0,0],"gold":53,"neow_bonus":"TEN_PERCENT_HP_BONUS","is_daily":false,"chose_seed":false,"campfire_upgraded":0,"win_rate":0.0,"timestamp":1614389980,"path_taken":["M","M","M","M","$","?","E","M","T","M","R","E","$","M","R","BOSS","M","M","$","M","M"],"items_purchased_type":["Card","Card","Card","Card","Card","Card","Card"],"build_version":"2020-12-22","purchased_purges":0,"victory":false,"max_hp_per_floor":[44,44,44,44,44,49,49,49,49,49,49,49,49,49,49,49,49,49,49,49,49,49,49],"card_choices":[{"not_picked":["Immigrant Phantom","Stifle"],"picked":"Butterflies in Dream","floor":1},{"not_picked":["City of Death","End of Faramita"],"picked":"Dying Butterflies","floor":2},{"not_picked":["Unstable Ward","Unknown Petal"],"picked":"Childlike","floor":3},{"not_picked":["Gone","Stifle"],"picked":"Float on Moon","floor":4},{"not_picked":["Dancing Butterflies","Dark Wind"],"picked":"Childlike","floor":7},{"not_picked":["Sweet of Phantom","Gauzy Sakura"],"picked":"Ghostdom Sakura","floor":8},{"not_picked":["Dark Wind","Bloom"],"picked":"Immigrant Phantom","floor":10},{"not_picked":["Redemption of Death","Snow"],"picked":"Full Inky Sakura","floor":12},{"not_picked":["Butterflies in Dream","Song of Papilio"],"picked":"Serene Spring","floor":14},{"not_picked":["Float on Moon","Ghost Spot"],"picked":"Home of Suicide","floor":16},{"not_picked":["Song of Papilio","Become Phantom"],"picked":"Spear of Papilio","floor":18},{"not_picked":["Ghostdom Sakura","Immigrant Phantom+1"],"picked":"Wandering Soul+1","floor":19},{"not_picked":["The Forgotten Winter","Fondling of Papilio"],"picked":"Spear of Papilio+1","floor":21}],"player_experience":92037,"relics_obtained":[{"floor":7,"key":"Bag of Marbles"},{"floor":9,"key":"theSenshi:SailorFukuRelic"},{"floor":12,"key":"Bronze Scales"}],"event_choices":[{"damage_healed":0,"gold_gain":0,"player_choice":"Donut","damage_taken":0,"max_hp_gain":5,"max_hp_loss":0,"event_name":"Big Fish","floor":6,"gold_loss":0}],"is_beta":false,"boss_relics":[{"not_picked":["Velvet Choker","Busted Crown"],"picked":"SacredBark"}],"items_purged_floors":[],"is_endless":false,"potions_floor_spawned":[1,3,4,10,16],"killed_by":"Centurion and Healer","ascension_level":0}}