{"host":"8av5he6utbys9oi5","time":1614413143,"event":{"mods":["BaseMod","GungeonMod","Marisa£®ÏF”Í°°ƒß¿Ì…≥£©","Minty Spire (QoL Compilation)","Replay The Spire","StSLib"],"gold_per_floor":[112,112,126,144,159,184,184],"floor_reached":6,"language":"ZHS","playtime":418,"items_purged":[],"score":50,"play_id":"ac243ebe-e01c-44c1-ace6-6cbb50efc0fc","local_time":"20210227160543","is_ascension_mode":true,"campfire_choices":[],"circlet_count":0,"master_deck":["DemoMod:Strike_Huntress","DemoMod:Strike_Huntress","DemoMod:Strike_Huntress","DemoMod:Defend_Huntress","DemoMod:Defend_Huntress","DemoMod:Defend_Huntress","DemoMod:Defend_Huntress","DemoMod:Roll","DemoMod:ManualReload","DemoMod:RustySidearm","DemoMod:CrossBow","DemoMod:PotionOfGunFriendShip","DemoMod:FastSwitch","DemoMod:GunstockTap","DemoMod:ShadowBullets"],"relics":["Ring of Chaos","Happy Flower"],"acts_visited":["Exordium"],"potions_floor_usage":[],"damage_taken":[{"damage":0.0,"enemies":"Small Slimes","floor":1.0,"turns":5.0},{"damage":1,"enemies":"Jaw Worm","floor":3,"turns":4},{"damage":1,"enemies":"Cultist","floor":4,"turns":3},{"damage":1,"enemies":"3 Louse","floor":5,"turns":5},{"damage":40,"enemies":"3 Sentries","floor":6,"turns":12}],"seed_played":"406761519194961660","potions_obtained":[{"floor":3,"key":"FearPotion"}],"is_trial":false,"path_per_floor":["M","?","M","M","M","E"],"character_chosen":"HUNTRESS","items_purchased":[],"campfire_rested":0,"item_purchase_floors":[],"current_hp_per_floor":[70,70,69,68,67,27,27],"gold":184,"neow_bonus":"BOSS_RELIC","is_daily":false,"chose_seed":false,"campfire_upgraded":0,"win_rate":0.0,"timestamp":1614413143,"path_taken":["M","?","M","M","M","E"],"items_purchased_type":[],"build_version":"2020-12-22","purchased_purges":0,"victory":false,"max_hp_per_floor":[70,70,70,70,70,70,70],"card_choices":[{"not_picked":["DemoMod:TeaPot","DemoMod:StickyCrossBow"],"picked":"DemoMod:PotionOfGunFriendShip","floor":1.0},{"not_picked":["DemoMod:Polaris","DemoMod:PotionOfGunFriendShip"],"picked":"DemoMod:FastSwitch","floor":3},{"not_picked":["DemoMod:PotionOfGunFriendShip","DemoMod:HuntsMan"],"picked":"DemoMod:GunstockTap","floor":4},{"not_picked":["DemoMod:MachoBrace","DemoMod:TableSutra"],"picked":"DemoMod:ShadowBullets","floor":5}],"player_experience":222710,"relics_obtained":[{"floor":6,"key":"Happy Flower"}],"event_choices":[],"is_beta":false,"boss_relics":[],"items_purged_floors":[],"is_endless":false,"potions_floor_spawned":[3],"killed_by":"3 Sentries","ascension_level":1}}