{"host":"23qk1co0p3p8qz56","time":1614396885,"event":{"mods":["100% Spire Juice","AchievementEnabler","Act Like it!","Arknights","Aya Shameimaru","BaseMod","Better Note","Better Third Choice","BetterRewards","CapriCore","Chen","Colored Map","DNKmod","Downfall","Friendly Minions","Gensokyo","Gold Saver","Halation","HololiveMod","KinomotoSakuraMod(木之本?)","Koishi","KomeijiMod","Lobotomy","LobotomyExtend","Mari Mod (Legacy)","Mari\u0027s V1 Patch","Marisa（霧雨　魔理沙）","Minty Spire (QoL Compilation)","MostiFishMod","Prisma Mod","Railgun Mod","Reimu（博??梦）","Remilia（蕾米莉?）","RumiaBox-露米?的神秘盒子","StSLib","The Administrix","The Alterego","The Animator","The Immortal","The Senshi","Waifu the Spire","WarShipGirlsR/??少女R mod","Yakumo Yukari mod","Yohane!","Yuyuko"],"gold_per_floor":[10016,9743,9756,8832,8832,8858,8858,8886,8959,8994,8994,8994,9019,9019,9019,9118,9118,9132,9132,9132,9145,9163,9163,9197,9197,9197,9229,8017,8017,8017,8037,8037,8140,8140,8156,4732,4732,3712,3589,3589,3617,3617,3666,3694,3694,3572,3592,3592,3592,3592,3592,3592,3315,3342,3342],"floor_reached":56,"language":"ENG","playtime":4494,"items_purged":[],"score":1725,"play_id":"386565c9-c584-4dbe-8737-7a10b11a5292","local_time":"20210226203445","is_ascension_mode":true,"campfire_choices":[{"floor":7.0,"key":"RECALL"},{"data":"Shallow_ocean_purpleEX","floor":12.0,"key":"SMITH"},{"data":"Umbrella_purple","floor":15.0,"key":"SMITH"},{"data":"OmniscientAndOmnipotent_Monster_purple","floor":23.0,"key":"SMITH"},{"data":"EighthInstrument_OneDividesIntoTwo_purple","floor":25.0,"key":"SMITH"},{"data":"OmniscientAndOmnipotent_Monster_purple","floor":30.0,"key":"SMITH"},{"data":"WangLiang_OokamiKakushi_purple","floor":32.0,"key":"SMITH"},{"data":"WorldDissolvedintheRealm_purple","floor":40,"key":"SMITH"},{"data":"Mirror_FormAndEmptin_purple","floor":42,"key":"SMITH"},{"data":"Observe_purple_2","floor":45,"key":"SMITH"},{"data":"Observe_purple_1","floor":49,"key":"SMITH"},{"data":"GluttonyofRealm_purpleEX","floor":52,"key":"SMITH"}],"circlet_count":0,"master_deck":["AT_purpleEX","AT_purpleEX","AT_purpleEX","AT_purpleEX","Defend_purpleEX","Defend_purpleEX","Defend_purpleEX","Defend_purpleEX+1","Observe_purple_1+1","Observe_purple_2+1","GluttonyofRealm_purpleEX+1","DimensionStaggered_purple+1","CommonSense_AntiCommonSense_purple+1","Fantasy_PerpetualMotionMachine_purple+1","OmniscientAndOmnipotent_Monster_purple+1","Umbrella_purple+1","Mirror_FormAndEmptin_purple+1","Bait_HighSpeedFlying_purple","Boundary_DreamRealityDamnation_purple","Shallow_ocean_purpleEX+1","LoveAcrossDimensions_purple+1","Human_Monster_Realm_purple+1","UniverseChoice_purple+1","Computing_the_future_purpleEX+1","Line_surface_state_purple+1","EighthInstrument_OneDividesIntoTwo_purple+1","MNeedle_purple","Yakumo_Ran_purple+1","RealityDreamConfluencek_purple+1","WangLiang_OokamiKakushi_purple+1","Mirror_FourBoundary_purple+1","WorldDissolvedintheRealm_purple+1","OmniscientAndOmnipotent_Monster_purple+1","StateDuplicate_purple+1","WangLiang_LineAndCurveDreams_purple+1","ExistenceContinue_purple+1","WangLiang_OokamiKakushi_purple+1","Boundary_of_Extermination_purpleEX+1","Mirror_WaveAndshot_purple+1","Umbrella_purple+1","MeetDecomposer_purple+1","Boundary_DreamRealityDamnation_purple+1","ButterflyHabitatTemple_purple+1","StateErode_purple+1","SharpContractionReality_purple+1","StretchesForeverDream_purple+1","MNeedle_purple+1","Bait_HighSpeedFlying_purple+1","ProofOfUnderstanding_purple+1"],"relics":["Boundary_crack","Memoryfragments_purpleEX","SumBook","Frozen Egg 2","MagicDraw4","DaveBox","The Courier","SynthV:TestCard","LetterFromLob","Bag of Preparation","Kunai","theSenshi:SailorFukuRelic","Letter Opener","Pear","Toxic Egg 2","Strawberry","Antimatter_spacedebris","Ornamental Fan","GodSword6","Centennial Puzzle","Blue Candle","Busted Crown","Lizard Tail","MagicDraw1","White Beast Statue","Anchor","Oddly Smooth Stone","Bronze Scales","RuthlessExorcism:ReiMu","Happy Flower","Question Card","halation:TwoAmDonut","Philosopher\u0027s Stone","PreservedInsect","Nunchaku","SynthV:C4","Matryoshka","BionicSphere","War Paint","Omamori","Sundial","Shuriken","GodSword7","GodSword1","Darkstone Periapt","TungstenRod","ImprovedEquipment","Molten Egg 2","Gremlin Horn","Mastiff:ReiMu","ThegodofHakurei_purpleEX","DollysMirror","Orichalcum","BrkXgEgg","LastBattle","Bottled Lightning","theSenshi:FeatherClipsRelic","Tea:ReiMu","GoodDreamPillow","Unceasing Top","Bag of Marbles","InkBottle","Orrery","halation:PinkSoulGem","ClockworkSouvenir","Boot","Ccalipers"],"acts_visited":["Exordium","TheCity","TheBeyond","TheEnding"],"potions_floor_usage":[55,55,55],"damage_taken":[{"damage":0.0,"enemies":"Cultist","floor":1.0,"turns":3.0},{"damage":0.0,"enemies":"2 Louse","floor":3.0,"turns":1.0},{"damage":149.0,"enemies":"3 Sentries","floor":6.0,"turns":4.0},{"damage":124.0,"enemies":"Lagavulin","floor":8.0,"turns":4.0},{"damage":83.0,"enemies":"Gremlin Nob","floor":10.0,"turns":3.0},{"damage":55.0,"enemies":"Lagavulin","floor":13.0,"turns":4.0},{"damage":6.0,"enemies":"The Guardian","floor":16.0,"turns":5.0},{"damage":2.0,"enemies":"3 Byrds","floor":18.0,"turns":3.0},{"damage":0.0,"enemies":"2 Thieves","floor":21.0,"turns":3.0},{"damage":0.0,"enemies":"Chosen and Byrds","floor":22.0,"turns":3.0},{"damage":0.0,"enemies":"Slavers","floor":24.0,"turns":3.0},{"damage":0.0,"enemies":"Book of Stabbing","floor":27.0,"turns":2.0},{"damage":0.0,"enemies":"Snecko","floor":31.0,"turns":2.0},{"damage":0.0,"enemies":"Collector","floor":33.0,"turns":4.0},{"damage":0.0,"enemies":"3 Darklings","floor":35.0,"turns":2.0},{"damage":0,"enemies":"Nemesis","floor":41,"turns":3},{"damage":0,"enemies":"Reptomancer","floor":44,"turns":1},{"damage":0,"enemies":"3 Shapes","floor":47,"turns":1},{"damage":0,"enemies":"Awakened One","floor":50,"turns":2},{"damage":0,"enemies":"Shield and Spear","floor":54,"turns":1},{"damage":0,"enemies":"The Heart","floor":55,"turns":3}],"seed_played":"1115226156282295151","potions_obtained":[{"floor":1.0,"key":"AttackPotion"},{"floor":6.0,"key":"SkillPotion"},{"floor":16.0,"key":"PowerPotion"},{"floor":21.0,"key":"MagicPotion:ReiMu"},{"floor":22.0,"key":"AttackPotion"},{"floor":24.0,"key":"MagicPotion:ReiMu"},{"floor":31.0,"key":"SteroidPotion"},{"floor":33.0,"key":"Explosive Potion"},{"floor":35.0,"key":"DuplicationPotion"},{"floor":44,"key":"PanachePotion"},{"floor":47,"key":"DuplicationPotion"}],"is_trial":false,"path_per_floor":["M","$","M","$","T","E","R","E","T","E","M","R","E","?","R","B",null,"M","?","?","M","M","R","E","R","T","E","$","?","R","M","R","B",null,"M","$","?","$","?","R","E","R","T","E","R","$","M","?","R","B",null,"R","$","E","B",null],"character_chosen":"Youkari","items_purchased":["CommonSense_AntiCommonSense_purple+1","Fantasy_PerpetualMotionMachine_purple+1","OmniscientAndOmnipotent_Monster_purple","Bag of Preparation","Mirror_FormAndEmptin_purple","Bait_HighSpeedFlying_purple","Boundary_DreamRealityDamnation_purple","Shallow_ocean_purpleEX","Kunai","theSenshi:SailorFukuRelic","Letter Opener","Pear","WangLiang_OokamiKakushi_purple","Mirror_FourBoundary_purple+1","WorldDissolvedintheRealm_purple","Anchor","Oddly Smooth Stone","Bronze Scales","RuthlessExorcism:ReiMu","Happy Flower","Question Card","halation:TwoAmDonut","PreservedInsect","Nunchaku","SynthV:C4","Matryoshka","BionicSphere","War Paint","Omamori","Sundial","Shuriken","GodSword7","GodSword1","Darkstone Periapt","TungstenRod","ImprovedEquipment","Molten Egg 2","Gremlin Horn","Mastiff:ReiMu","ThegodofHakurei_purpleEX","DollysMirror","Orichalcum","Boundary_of_Extermination_purpleEX+1","Mirror_WaveAndshot_purple+1","BrkXgEgg","LastBattle","Bottled Lightning","theSenshi:FeatherClipsRelic","Tea:ReiMu","Orrery","Bait_HighSpeedFlying_purple+1","ClockworkSouvenir","Boot"],"campfire_rested":0,"item_purchase_floors":[2,2,2,2,4,4,4,4,4,4,4,4,28,28,28,28,28,28,28,28,28,28,36,36,36,36,36,36,36,36,36,36,36,36,36,36,36,36,36,36,36,36,38,38,38,38,38,38,38,46,53,53,53],"current_hp_per_floor":[503,503,506,516,516,379,379,255,255,174,174,174,119,114,114,111,523,526,526,526,529,532,532,535,535,535,535,535,535,535,535,535,535,535,538,538,538,538,538,538,538,538,538,538,538,538,538,538,538,538,538,538,538,538,538],"gold":3342,"neow_bonus":"ONE_RANDOM_RARE_CARD","is_daily":false,"chose_seed":false,"campfire_upgraded":11,"win_rate":0.0,"timestamp":1614396885,"path_taken":["M","?","M","$","?","E","R","E","T","E","M","R","E","?","R","BOSS","M","?","?","M","M","R","E","R","T","E","$","?","R","?","R","BOSS","M","$","?","$","?","R","E","R","T","E","R","$","M","?","R","BOSS","R","$","E","BOSS"],"items_purchased_type":["Card","Card","Card","Relic","Card","Card","Card","Card","Relic","Relic","Relic","Relic","Card","Card","Card","Relic","Relic","Relic","Relic","Relic","Relic","Relic","Relic","Relic","Relic","Relic","Relic","Relic","Relic","Relic","Relic","Relic","Relic","Relic","Relic","Relic","Relic","Relic","Relic","Relic","Relic","Relic","Card","Card","Relic","Relic","Relic","Relic","Relic","Relic","Card","Relic","Relic"],"build_version":"2020-12-22","purchased_purges":0,"victory":true,"max_hp_per_floor":[503,503,506,516,516,523,523,523,523,523,523,523,523,523,523,523,523,526,526,526,529,532,532,535,535,535,535,535,535,535,535,535,535,535,538,538,538,538,538,538,538,538,538,538,538,538,538,538,538,538,538,538,538,538,538],"card_choices":[{"not_picked":["MonsterNeedle_purple","Realm_recovery_purpleEX"],"picked":"DimensionStaggered_purple","floor":1.0},{"not_picked":["Bait_HighSpeedFlying_purple","RuleDissolution_purple","WatchEChange_purple","SharpContractionReality_purple"],"picked":"Umbrella_purple","floor":3.0},{"not_picked":["Worldmountain_purple","Umbrella_purple","DimensionStaggered_purple+1","Mirror_WaveAndshot_purple+1"],"picked":"LoveAcrossDimensions_purple+1","floor":6.0},{"not_picked":["Boundary_ObjectiveBoundary_purple+1","ButterflyHabitatTemple_purple+1","Worldmountain_purple","ExistenceContinue_purple"],"picked":"Human_Monster_Realm_purple+1","floor":8.0},{"not_picked":["Bait_Toxicbait_purple+1","Erosivefilter_purple+1","StretchesForeverDream_purple+1","Realm_recovery_purpleEX+1"],"picked":"MetroBOOM_purple+1","floor":10.0},{"not_picked":["AdvanceAttack_purple","Nest_LightFlightworm_purple","SfantasyHide_purple+1","Mirror_WaveAndshot_purple+1"],"picked":"UniverseChoice_purple+1","floor":13.0},{"not_picked":["Boundary_LifeAndDeath_purple+1","Mirror_TwoAndThreeElementRealm_purple+1","MagicEyes_LaplaceDemon_purple+1","GluttonyofRealm_purpleEX"],"picked":"Computing_the_future_purpleEX+1","floor":16.0},{"not_picked":["OmniscientAndOmnipotent_Monster_purple","Extrememeaning_purpleEX+1"],"picked":"Line_surface_state_purple+1","floor":18.0},{"not_picked":["Line_surface_state_purple+1","Charmbait_purple"],"picked":"EighthInstrument_OneDividesIntoTwo_purple","floor":21.0},{"not_picked":["StateDuplicate_purple+1","StateErode_purple+1"],"picked":"MNeedle_purple","floor":22.0},{"not_picked":["ExistenceContinue_purple","Boundary_ObjectiveBoundary_purple+1"],"picked":"Yakumo_Ran_purple+1","floor":24.0},{"not_picked":["StretchesForeverDream_purple+1","Worldmountain_purple+1"],"picked":"RealityDreamConfluencek_purple+1","floor":27.0},{"not_picked":["Computing_the_future_purpleEX+1","RuleDissolution_purple+1","DimensionStaggered_purple+1"],"picked":"StateDuplicate_purple+1","floor":31.0},{"not_picked":["LoveAcrossDimensions_purple+1","Fancifulhole_purple","Computing_the_future_purpleEX+1"],"picked":"WangLiang_LineAndCurveDreams_purple+1","floor":33.0},{"not_picked":["Charmbait_purple+1","RuleDissolution_purple+1","WeekHit_purple+1"],"picked":"ExistenceContinue_purple+1","floor":35.0},{"not_picked":["StateDuplicate_purple+1","Fantasy_PerpetualMotionMachine_purple+1","Erosivefilter_purple+1"],"picked":"Umbrella_purple+1","floor":41},{"not_picked":["Boundary_ObjectiveBoundary_purple+1","Realm_recovery_purpleEX+1","Umbrella_purple+1"],"picked":"MeetDecomposer_purple+1","floor":44},{"not_picked":["MetroBOOM_purple+1","Human_Monster_Realm_purple+1","DimensionStaggered_purple+1"],"picked":"Boundary_DreamRealityDamnation_purple+1","floor":46},{"not_picked":["StateErode_purple+1","DimensionStaggered_purple+1","Umbrella_purple+1"],"picked":"ButterflyHabitatTemple_purple+1","floor":46},{"not_picked":["BarrageBoundary_PipeDream_purple+1","GluttonyofRealm_purpleEX+1","Fantasy_PerpetualMotionMachine_purple+1"],"picked":"StateErode_purple+1","floor":46},{"not_picked":["AdvanceAttack_purple+1","Worldmountain_purple+1","PositiveMatter_Antimatter_Universe_purple+1"],"picked":"SharpContractionReality_purple+1","floor":46},{"not_picked":["Shallow_ocean_purpleEX+1","OmniscientAndOmnipotent_Monster_purple+1","Yakumo_Ran_purple+1"],"picked":"StretchesForeverDream_purple+1","floor":46},{"not_picked":["Mirror_FormAndEmptin_purple+1","Shallow_ocean_purpleEX+1","Worldmountain_purple+1"],"picked":"MNeedle_purple+1","floor":47},{"not_picked":["DimensionStaggered_purple+1","Fancifulhole_purple+1","MeetDecomposer_purple+1"],"picked":"ProofOfUnderstanding_purple+1","floor":54}],"player_experience":252490,"relics_obtained":[{"floor":1.0,"key":"SynthV:TestCard"},{"floor":1.0,"key":"LetterFromLob"},{"floor":5.0,"key":"Toxic Egg 2"},{"floor":6.0,"key":"Strawberry"},{"floor":8.0,"key":"Antimatter_spacedebris"},{"floor":9.0,"key":"Ornamental Fan"},{"floor":10.0,"key":"GodSword6"},{"floor":13.0,"key":"Centennial Puzzle"},{"floor":24.0,"key":"Lizard Tail"},{"floor":26.0,"key":"MagicDraw1"},{"floor":27.0,"key":"White Beast Statue"},{"floor":41,"key":"Unceasing Top"},{"floor":43,"key":"Bag of Marbles"},{"floor":44,"key":"InkBottle"},{"floor":54,"key":"Ccalipers"}],"event_choices":[{"damage_healed":0.0,"max_hp_gain":0.0,"max_hp_loss":0.0,"gold_gain":0.0,"event_name":"betterNote:BetterNote","player_choice":"Ignored","floor":19.0,"gold_loss":0.0,"damage_taken":0.0,"cards_obtained":["animator:Wiz"]},{"damage_healed":0.0,"max_hp_gain":0.0,"max_hp_loss":0.0,"gold_gain":0.0,"cards_transformed":["MetroBOOM_purple"],"event_name":"Transmorgrifier","player_choice":"Transformed","floor":29.0,"gold_loss":0.0,"damage_taken":0.0,"cards_obtained":["OmniscientAndOmnipotent_Monster_purple"]}],"is_beta":false,"boss_relics":[{"not_picked":["MoonlightInvasionPlan","halation:Yufonium"],"picked":"Busted Crown"},{"not_picked":["halation:LoveArrow","OneHitWonderSystem"],"picked":"Philosopher\u0027s Stone"}],"items_purged_floors":[],"is_endless":false,"potions_floor_spawned":[1,6,16,21,22,24,31,33,35,41,44,47,54],"ascension_level":1}}