{"host":"liu","time":1614417270,"event":{"mods":["100% Spire Juice","ATMod(°¢èªMod)","Act Like it!","Arknights","BaseMod","KinomotoSakuraMod(Ä¾Ö®±¾Ó£)","Lobotomy","Marisa£¨ìFÓê¡¡Ä§ÀíÉ³£©","Minty Spire (QoL Compilation)","Reimu£¨²©ÀöÁéÃÎ£©","Remilia£¨ÀÙÃ×ÀòÑÇ£©","StSLib","TestMod","The Construct","The Senshi","Youmu£¨»êÆÇÑýÃÎ£©","¡¾ÒÅÎï¿¨ÅÆ¡¿REMEMod"],"gold_per_floor":[112,187,103,119,519,550,550,584,663,689,699,699,699,716,716,836,836,1050,1264,1314,812,824,824,855,872,940,135,135,335,363,597,609,948,960,988,1000,1029,516,529,559,559,784,807,837,847,847,268,300,300,300,297],"floor_reached":52,"language":"ZHS","playtime":2037,"items_purged":["Strike_G","Strike_G","Defend_G","Defend_G","Strike_G"],"score":2642,"play_id":"73715ae5-70e3-42c0-86fd-2b0461e30f9e","local_time":"20210227171430","is_ascension_mode":true,"campfire_choices":[{"data":"AT_ChampionKick","floor":7.0,"key":"SMITH"},{"floor":15.0,"key":"REST"},{"data":"Justitia","floor":23.0,"key":"SMITH"},{"data":"Neutralize","floor":28.0,"key":"SMITH"},{"floor":32.0,"key":"REST"},{"data":"Cloak And Dagger","floor":41.0,"key":"SMITH"},{"floor":49.0,"key":"REST"}],"circlet_count":0,"master_deck":["AscendersBane","Strike_G","Strike_G+1","Defend_G","Defend_G","Defend_G","Survivor","Neutralize+1","Justitia+1","Blade Dance","Dagger Spray+1","AT_EssenceShift","AT_KingSlayer","Writhe","Parasite","Writhe","Backflip+1","Crippling Poison+1","Adrenaline+1","Writhe","Parasite","Injury","Cloak And Dagger+1","Acrobatics","Terror","AT_FocusSwordFire","Prepared","Parasite","Clumsy","REME_SpectralBlade","Cloak And Dagger+1","testmod-RabbitOfFibonacci"],"relics":["Ring of the Snake","AT_ATBox","testmod-TestBox","testmod-AscensionHeart","Tingsha","PreservedInsect","Whetstone","REME_PoisonedDagger","YidongShenshe:ReiMu","REME_DemonsWealth","Boot","Regal Pillow","AT_BellowingDragoncrestRing","AT_ImmortalShieldbow","AT_GuinsooRageblade","testmod-Register","testmod-Hope","MawBank","Ginger","testmod-BatchProcessingSystem","AT_PhaseBoots","Bag of Preparation","Orrery","PureWhite:ReiMu","Ice Cream","ScarletDevilRocket","StoneCalendar","AT_ForceNature","Happy Flower","testmod-InfectionSource"],"acts_visited":["Exordium","TheCity","TheBeyond"],"potions_floor_usage":[],"damage_taken":[{"damage":0.0,"enemies":"2 Louse","floor":1.0,"turns":1.0},{"damage":0.0,"enemies":"Jaw Worm","floor":4.0,"turns":2.0},{"damage":10.0,"enemies":"Gremlin Nob","floor":6.0,"turns":3.0},{"damage":0.0,"enemies":"3 Sentries","floor":8.0,"turns":1.0},{"damage":38.0,"enemies":"Lagavulin","floor":10.0,"turns":4.0},{"damage":0.0,"enemies":"Small Slimes","floor":11.0,"turns":2.0},{"damage":0.0,"enemies":"Gremlin Gang","floor":14.0,"turns":1.0},{"damage":19.0,"enemies":"Hexaghost","floor":16.0,"turns":11.0},{"damage":0.0,"enemies":"Shell Parasite","floor":18.0,"turns":7.0},{"damage":9.0,"enemies":"3 Byrds","floor":19.0,"turns":4.0},{"damage":8.0,"enemies":"Centurion and Healer","floor":22.0,"turns":5.0},{"damage":26.0,"enemies":"Slavers","floor":24.0,"turns":3.0},{"damage":0.0,"enemies":"Chosen and Byrds","floor":25.0,"turns":5.0},{"damage":0.0,"enemies":"Snecko","floor":30.0,"turns":3.0},{"damage":0.0,"enemies":"REME_1_Revenger","floor":31.0,"turns":3.0},{"damage":27.0,"enemies":"Champ","floor":33.0,"turns":8.0},{"damage":41.0,"enemies":"Orb Walker","floor":35.0,"turns":7.0},{"damage":0.0,"enemies":"3 Darklings","floor":37.0,"turns":2.0},{"damage":0.0,"enemies":"Maw","floor":39.0,"turns":4.0},{"damage":10.0,"enemies":"Giant Head","floor":40.0,"turns":4.0},{"damage":0.0,"enemies":"Mind Bloom Boss Battle","floor":42.0,"turns":4.0},{"damage":0.0,"enemies":"Reptomancer","floor":44.0,"turns":1.0},{"damage":0.0,"enemies":"4 Shapes","floor":45.0,"turns":1.0},{"damage":12.0,"enemies":"Giant Head","floor":48.0,"turns":5.0},{"damage":0.0,"enemies":"Awakened One","floor":50.0,"turns":4.0},{"damage":0,"enemies":"Donu and Deca","floor":51,"turns":3}],"seed_played":"9216167502152471359","potions_obtained":[{"floor":14.0,"key":"ZuzhouPotion:ReiMu"},{"floor":19.0,"key":"testmod-EscapePotion"},{"floor":24.0,"key":"Swift Potion"},{"floor":25.0,"key":"SkillPotion"},{"floor":37.0,"key":"SteroidPotion"},{"floor":42.0,"key":"Regen Potion"}],"is_trial":false,"path_per_floor":["M","?","$","M","?","E","R","E","T","E","M","?","?","M","R","B",null,"M","M","?","$","M","R","E","M","T","$","R","?","M","E","R","B",null,"M","?","M","$","M","E","R","?","T","E","M","?","$","E","R","B","B",null],"character_chosen":"THE_SILENT","items_purchased":["Blade Dance","Boot","Backflip","Regal Pillow","Crippling Poison","AT_GuinsooRageblade","testmod-Register","testmod-Hope","AT_SpeedBoots","Acrobatics","Bag of Preparation","Terror","Orrery","AT_ForceNature","Happy Flower"],"campfire_rested":3,"item_purchase_floors":[3,21,21,21,21,27,27,27,38,38,38,38,38,47,47],"current_hp_per_floor":[60,55,55,56,56,48,48,50,50,14,15,15,15,16,34,24,57,58,50,50,50,43,43,19,23,23,23,23,23,24,26,62,41,67,27,27,31,31,32,24,24,25,25,27,28,28,28,25,63,83,88],"gold":297,"neow_bonus":"ONE_RARE_RELIC","is_daily":false,"chose_seed":false,"campfire_upgraded":4,"win_rate":0.0,"timestamp":1614417270,"path_taken":["M","?","$","M","?","E","R","E","T","E","M","?","?","M","R","BOSS","M","?","?","$","M","R","E","M","T","$","R","?","M","E","R","BOSS","M","?","?","$","M","E","R","?","T","E","M","?","?","E","R","BOSS","BOSS"],"items_purchased_type":["Card","Relic","Card","Relic","Card","Relic","Relic","Relic","Relic","Card","Relic","Card","Relic","Relic","Relic"],"build_version":"2020-12-18","purchased_purges":5,"victory":true,"max_hp_per_floor":[60,60,60,60,60,61,61,62,62,63,63,63,63,63,63,68,68,68,68,68,68,68,68,69,69,69,69,69,69,69,70,70,75,75,75,75,75,75,75,76,76,76,76,77,77,77,77,78,78,83,88],"card_choices":[{"not_picked":["PiercingWail","Poisoned Stab","Sucker Punch"],"picked":"SKIP","floor":1.0},{"not_picked":["Deflect","AT_WomanClash"],"picked":"Dagger Spray","floor":4.0},{"not_picked":["Tools of the Trade","REME_ShadowForm"],"picked":"AT_EssenceShift","floor":6.0},{"not_picked":["AT_EssenceShift","Burst"],"picked":"AT_KingSlayer","floor":8.0},{"not_picked":["A Thousand Cuts","Wraith Form v2","Unload"],"picked":"SKIP","floor":10.0},{"not_picked":["Bane","Flechettes","Crippling Poison"],"picked":"SKIP","floor":11.0},{"not_picked":["Bane","Flechettes","Crippling Poison"],"picked":"SKIP","floor":11.0},{"not_picked":["Acrobatics","AT_WindFlip","Dodge and Roll"],"picked":"SKIP","floor":14.0},{"not_picked":["AT_ThistleTea","Deflect","Backflip+1"],"picked":"Parasite","floor":18.0},{"not_picked":["Tactician","Outmaneuver","Poisoned Stab+1"],"picked":"Writhe","floor":19.0},{"not_picked":["Flechettes+1","AT_FocusSwordFire","Slice","Parasite"],"picked":"SKIP","floor":22.0},{"not_picked":["REME_GrazeFinale","Unload","Unload","Shame"],"picked":"SKIP","floor":24.0},{"not_picked":["Outmaneuver","Poisoned Stab","Clumsy"],"picked":"Adrenaline","floor":25.0},{"not_picked":["AT_WindFlip","Backstab","Deflect+1","Normality"],"picked":"SKIP","floor":30.0},{"not_picked":["REME_GrazeFinale","Burst","Venomology"],"picked":"Parasite","floor":31.0},{"not_picked":["Envenom","A Thousand Cuts","AT_EssenceShift"],"picked":"Injury","floor":33.0},{"not_picked":["Deflect","Poisoned Stab","Normality"],"picked":"Cloak And Dagger","floor":35.0},{"not_picked":["Deadly Poison","Cloak And Dagger","Bane","Pain"],"picked":"SKIP","floor":37.0},{"not_picked":["Phantasmal Killer","Poisoned Stab","Decay"],"picked":"AT_FocusSwordFire","floor":38.0},{"not_picked":["Deflect+1","Sucker Punch","Parasite"],"picked":"Prepared","floor":38.0},{"not_picked":["Well Laid Plans","Skewer","Terror"],"picked":"Parasite","floor":38.0},{"not_picked":["Skewer","PiercingWail","Heel Hook","Doubt"],"picked":"SKIP","floor":39.0},{"not_picked":["Die Die Die","Phantasmal Killer","REME_CopyPotion","Doubt"],"picked":"SKIP","floor":40.0},{"not_picked":["Bouncing Flask","REME_ShadowStrike+1","Choke"],"picked":"Clumsy","floor":42.0},{"not_picked":["AT_EssenceShift","Malaise","Normality"],"picked":"REME_SpectralBlade","floor":44.0},{"not_picked":["Deflect+1","AT_WindFlip","Clumsy"],"picked":"Cloak And Dagger+1","floor":45.0},{"not_picked":["testmod-PainDetonator","testmod-Illusory"],"picked":"testmod-RabbitOfFibonacci","floor":46.0},{"not_picked":["Unload","AT_MyraUnstableElement","AT_EssenceShift","Regret"],"picked":"SKIP","floor":48.0}],"player_experience":426098,"relics_obtained":[{"floor":6.0,"key":"PreservedInsect"},{"floor":8.0,"key":"Whetstone"},{"floor":10.0,"key":"REME_PoisonedDagger"},{"floor":24.0,"key":"AT_BellowingDragoncrestRing"},{"floor":26.0,"key":"AT_ImmortalShieldbow"},{"floor":31.0,"key":"Ginger"},{"floor":40.0,"key":"PureWhite:ReiMu"},{"floor":42.0,"key":"Ice Cream"},{"floor":43.0,"key":"ScarletDevilRocket"},{"floor":44.0,"key":"StoneCalendar"},{"floor":48.0,"key":"testmod-InfectionSource"}],"event_choices":[{"damage_healed":0.0,"max_hp_gain":0.0,"max_hp_loss":0.0,"gold_gain":75.0,"event_name":"World of Goop","player_choice":"Gather Gold","floor":2.0,"gold_loss":0.0,"damage_taken":11.0},{"damage_healed":0.0,"max_hp_gain":0.0,"max_hp_loss":0.0,"gold_gain":400.0,"event_name":"¶÷ÂåË¹µÄÅÌ×Ó","player_choice":"Sell","floor":5.0,"relics_lost":["REME_ComplimentaryCards"],"gold_loss":0.0,"damage_taken":0.0},{"damage_healed":0.0,"max_hp_gain":0.0,"max_hp_loss":0.0,"gold_gain":0.0,"event_name":"yidonshenshe","player_choice":"´ø×ßÉñÉç","floor":12.0,"gold_loss":0.0,"damage_taken":0.0,"relics_obtained":["YidongShenshe:ReiMu"],"cards_obtained":["Poor:ReiMu"]},{"damage_healed":0.0,"max_hp_gain":0.0,"max_hp_loss":0.0,"gold_gain":0.0,"cards_transformed":["Poor:ReiMu"],"event_name":"Transmorgrifier","player_choice":"Transformed","floor":13.0,"gold_loss":0.0,"damage_taken":0.0,"cards_obtained":["Writhe"]},{"damage_healed":0.0,"max_hp_gain":0.0,"max_hp_loss":0.0,"gold_gain":50.0,"event_name":"Nest","player_choice":"Stole From Cult","floor":20.0,"gold_loss":0.0,"damage_taken":0.0},{"damage_healed":0.0,"max_hp_gain":0.0,"max_hp_loss":0.0,"gold_gain":0.0,"event_name":"The Mausoleum","player_choice":"Opened","floor":29.0,"gold_loss":0.0,"damage_taken":0.0,"relics_obtained":["MawBank"],"cards_obtained":["Writhe"]},{"cards_removed":["AT_ChampionKick"],"damage_healed":0.0,"max_hp_gain":0.0,"max_hp_loss":0.0,"gold_gain":0.0,"event_name":"Purifier","player_choice":"Purged","floor":36.0,"gold_loss":0.0,"damage_taken":0.0},{"damage_healed":0.0,"max_hp_gain":0.0,"max_hp_loss":0.0,"gold_gain":0.0,"event_name":"MindBloom","player_choice":"Fight","floor":42.0,"gold_loss":0.0,"damage_taken":0.0},{"damage_healed":0.0,"max_hp_gain":0.0,"max_hp_loss":0.0,"gold_gain":0.0,"event_name":"SensoryStone","player_choice":"Memory 1","floor":46.0,"gold_loss":0.0,"damage_taken":0.0}],"is_beta":true,"boss_relics":[{"not_picked":["Velvet Choker","testmod-KeyOfTheVoid"],"picked":"REME_DemonsWealth"},{"not_picked":["Empty Cage","testmod-IncinerationGenerator"],"picked":"testmod-BatchProcessingSystem"}],"items_purged_floors":[3,21,27,38,47],"is_endless":false,"potions_floor_spawned":[14,19,24,25,31,35,37,42,48],"ascension_level":20}}