{"host":"lw59ann91yhh6pk4","time":1614450334,"event":{"mods":["Act Like it!","BaseMod","Colored Map","Colored Powertips","Downfall","Duelist Mod","GifTheSpireLib","Hermit","MarisaÅiñ∂âJÅ@ñÇóùçπÅj","Minty Spire (QoL Compilation)","StSLib","The Animator","The Bug Knight","The Construct","The Cursed","The Disciple","The Hierophant","The Jungle","The Necromancer","The Runesmith","The Servant 0.9.4","slay the spire mod where everything is the same but ironclad has a cowboy hat"],"gold_per_floor":[99,109,109,122,114,114,114,124,134,153,163,185,219,232,245,344,344,244,263,6,17,17,31,85,85,100,0,14,49,67,79,99,203,203,203,221,221,239,210,210,210,265,275,175,175,195,195,214,226,226,226,226,226,226],"floor_reached":52,"language":"ENG","playtime":4466,"items_purged":["hexamod:SecondSeal","hexamod:ThirdSeal"],"score":791,"play_id":"2405370e-f88e-4cf1-94ae-4b9e71d10aa5","local_time":"20210227192534","is_ascension_mode":false,"campfire_choices":[{"data":"hexamod:Float","floor":1,"key":"SMITH"},{"data":"hexamod:RainOfEmbers","floor":6,"key":"SMITH"},{"floor":18,"key":"RECALL"},{"data":"hexamod:GhostflameBarrier","floor":27,"key":"SMITH"},{"data":"hexamod:ForkedFlame","floor":35,"key":"SMITH"},{"data":"expansioncontent:DashGenerateEvil","floor":44,"key":"SMITH"},{"floor":47,"key":"REST"}],"circlet_count":0,"master_deck":["hexamod:Defend","hexamod:Defend","hexamod:Defend","hexamod:Defend","hexamod:Sear","hexamod:Float+1","hexamod:RainOfEmbers+1","hexamod:FirstSeal","hexamod:FourthSeal","hexamod:Hexaguard","hexamod:VolcanoVisage+1","hexamod:SwordOfDarkness","hexamod:NightmareGuise","hexamod:DynamicBlow","hexamod:HexaLevel+1","hexamod:SoulSteal","hexamod:HeatCrush","hexamod:SwordOfDarkness","hexamod:GhostflameBarrier+1","hexamod:TimeOfNeed","hexamod:ShieldOfDarkness","expansioncontent:StudyTheSpire+1","hexamod:GhostShield+1","Iron Wave","hexamod:HeatCrush","hexamod:HeatCrush+1","Slimebound:Tackle+1","Slimebound:Tackle+1","Slimebound:Tackle+1","hexamod:Firestarter+1","hexamod:ForkedFlame+1","hexamod:RainOfEmbers","hexamod:HeatShield+1","hexamod:BurningTouch","hexamod:SearingWound","hexamod:RainOfEmbers","hexamod:GhostflameBarrier+1","hexamod:ExtraCrispy+1","hexamod:NightmareGuise+1","expansioncontent:DashGenerateEvil+1","expansioncontent:AwakenDeath+1","expansioncontent:InvincibleStrength+1","expansioncontent:PrepareCrush","animator:Curse_Nutcracker","hexamod:ThermalTransfer+1","hexamod:BurningTouch+1","hexamod:HeatShield"],"relics":["hexamod:SpiritBrand","Boot","Frozen Egg 2","HollowMod:LifeEnderRelic","Runic Dome","downfall:HeartBlessingGreen","Vajra","downfall:HeartBlessingRed","Toy Ornithopter","Cursed Key","hexamod:SoulConsumer","downfall:HeartBlessingBlue"],"acts_visited":["Exordium","TheCity","TheBeyond","TheEnding"],"potions_floor_usage":[16,16,32,33,33,33,33,33,33,42,43,45,50,50,50],"damage_taken":[{"damage":1,"enemies":"Jaw Worm","floor":2,"turns":3},{"damage":0,"enemies":"Cultist","floor":4,"turns":3},{"damage":6,"enemies":"2 Louse","floor":8,"turns":2},{"damage":5,"enemies":"downfall:LooterAlt","floor":9,"turns":3},{"damage":2,"enemies":"Lots of Slimes","floor":10,"turns":3},{"damage":3,"enemies":"Red Slaver","floor":11,"turns":4},{"damage":3,"enemies":"Large Slime","floor":12,"turns":5},{"damage":0,"enemies":"Gremlin Nob","floor":13,"turns":2},{"damage":2,"enemies":"Blue Slaver","floor":14,"turns":3},{"damage":8,"enemies":"Exordium Thugs","floor":15,"turns":3},{"damage":7,"enemies":"SI_SHIV_ARCHETYPE","floor":16,"turns":6},{"damage":0,"enemies":"Shell Parasite","floor":19,"turns":3},{"damage":0,"enemies":"downfall:FleeingMerchant","floor":20,"turns":4},{"damage":1,"enemies":"Centurion and Healer","floor":21,"turns":6},{"damage":18,"enemies":"Shelled Parasite and Fungi","floor":23,"turns":5},{"damage":4,"enemies":"Snake Plant","floor":26,"turns":3},{"damage":0,"enemies":"Snecko","floor":28,"turns":3},{"damage":10,"enemies":"Book of Stabbing","floor":29,"turns":3},{"damage":24,"enemies":"Centurion and Healer","floor":30,"turns":4},{"damage":6,"enemies":"Shelled Parasite and Fungi","floor":31,"turns":5},{"damage":9,"enemies":"3 Cultists","floor":32,"turns":4},{"damage":29,"enemies":"DF_ARCHETYPE_CLAW","floor":33,"turns":7},{"damage":7,"enemies":"3 Shapes","floor":36,"turns":4},{"damage":31,"enemies":"3 Darklings","floor":38,"turns":4},{"damage":5,"enemies":"downfall:FleeingMerchant","floor":39,"turns":4},{"damage":18,"enemies":"2 Orb Walkers","floor":42,"turns":3},{"damage":22,"enemies":"Sphere and 2 Shapes","floor":43,"turns":6},{"damage":23,"enemies":"Giant Head","floor":45,"turns":6},{"damage":30,"enemies":"Jaw Worm Horde","floor":46,"turns":4},{"damage":0,"enemies":"Transient","floor":48,"turns":5},{"damage":6,"enemies":"3 Darklings","floor":49,"turns":3},{"damage":59,"enemies":"WA_ARCHETYPE_DIVINITY","floor":50,"turns":10},{"damage":116,"enemies":"downfall:CharBossMerchant","floor":52,"turns":6}],"seed_played":"4853248961746271728","potions_obtained":[{"floor":2,"key":"Explosive Potion"},{"floor":9,"key":"ColorlessPotion"},{"floor":10,"key":"Weak Potion"},{"floor":11,"key":"Swift Potion"},{"floor":16,"key":"PowerPotion"},{"floor":21,"key":"AttackPotion"},{"floor":23,"key":"Energy Potion"},{"floor":23,"key":"LiquidMemories"},{"floor":31,"key":"EntropicBrew"},{"floor":32,"key":"Explosive Potion"},{"floor":33,"key":"SmokeBomb"},{"floor":36,"key":"Weak Potion"},{"floor":42,"key":"champ:CounterPotion"},{"floor":46,"key":"SkillPotion"},{"floor":46,"key":"ColorlessPotion"},{"floor":48,"key":"SpeedPotion"}],"is_trial":false,"path_per_floor":["R","M","?","M","?","R","T","M","M","M","M","M","E","M","M","B",null,"R","M","$","M","?","M","T","?","M","R","M","E","M","M","M","B",null,"R","M","?","M","$","?","T","?","M","R","E","M","R","M","M","B",null,"E"],"character_chosen":"THE_SPIRIT","items_purchased":["expansioncontent:StudyTheSpire","Regen Potion","expansioncontent:DashGenerateEvil"],"campfire_rested":1,"item_purchase_floors":[20,39,39],"current_hp_per_floor":[77,76,73,73,66,66,66,60,55,53,57,61,61,66,65,58,77,77,77,77,77,77,66,66,66,62,62,62,52,35,29,25,26,77,77,77,77,46,41,31,31,37,20,30,23,44,70,81,79,46,87,0,0,0],"gold":226,"neow_bonus":"TEN_PERCENT_HP_BONUS","is_daily":false,"chose_seed":false,"campfire_upgraded":5,"win_rate":0.0,"timestamp":1614450334,"path_taken":["R","M","?","M","?","R","T","M","M","M","M","M","E","M","M","BOSS","R","M","$","M","?","?","T","?","M","R","M","E","M","M","M","BOSS","R","M","?","?","?","?","T","?","M","R","E","M","R","?","M","BOSS","E"],"items_purchased_type":["Card","Potion","Card"],"build_version":"2020-12-22","purchased_purges":2,"victory":false,"max_hp_per_floor":[77,77,77,77,77,77,77,77,77,77,77,77,77,77,77,77,77,77,77,77,77,77,77,77,77,77,77,77,77,77,77,77,77,77,77,77,77,77,77,77,77,77,77,87,87,87,87,87,87,87,87,87,87,87],"card_choices":[{"not_picked":["hexamod:NecessarySacrifice","hexamod:GhostLash"],"picked":"hexamod:SpectersWail","floor":2},{"not_picked":["hexamod:PhantomCloak","hexamod:ThermalTransfer"],"picked":"hexamod:RainOfEmbers","floor":4},{"not_picked":["hexamod:AdvancingGuard","hexamod:ThirdSeal"],"picked":"hexamod:Hexaguard","floor":8},{"not_picked":["hexamod:GhostLash","hexamod:FastForward"],"picked":"hexamod:VolcanoVisage+1","floor":9},{"not_picked":["hexamod:CatchUp","hexamod:GhostLash"],"picked":"hexamod:SwordOfDarkness","floor":9},{"not_picked":["hexamod:Firestarter","hexamod:HauntingEcho"],"picked":"hexamod:NightmareGuise","floor":10},{"not_picked":["hexamod:FirstSeal","hexamod:FastForward"],"picked":"hexamod:DynamicBlow","floor":10},{"not_picked":["hexamod:FastForward","hexamod:GhostflameBarrier"],"picked":"hexamod:HexaLevel+1","floor":11},{"not_picked":["hexamod:EtherealExpedition","hexamod:Hexaguard"],"picked":"hexamod:SoulSteal","floor":12},{"not_picked":["hexamod:Firestarter","hexamod:CatchUp"],"picked":"hexamod:HeatCrush","floor":12},{"not_picked":["hexamod:NecessarySacrifice","hexamod:BacktrackSmack"],"picked":"hexamod:SwordOfDarkness","floor":13},{"not_picked":["hexamod:FourthSeal","hexamod:ThirdSeal"],"picked":"hexamod:GhostflameBarrier","floor":14},{"not_picked":["hexamod:Haunt","hexamod:SwordOfDarkness","hexamod:FastForward"],"picked":"SKIP","floor":15},{"not_picked":["hexamod:GhostOfSpirePresent+1","hexamod:HexaLevel+1"],"picked":"hexamod:TimeOfNeed","floor":16},{"not_picked":["hexamod:GhostOfSpireFuture+1","hexamod:NightmareStrike"],"picked":"hexamod:ShieldOfDarkness","floor":19},{"not_picked":["hexamod:GhostShield","hexamod:SpectersWail","hexamod:Firestarter"],"picked":"SKIP","floor":20},{"not_picked":["hexamod:Incineration","hexamod:NightmareStrike","hexamod:NightmareGuise"],"picked":"SKIP","floor":20},{"not_picked":["hexamod:BurningTouch","hexamod:AdvancingGuard"],"picked":"hexamod:GhostShield+1","floor":21},{"not_picked":["hexamod:GhostShield","hexamod:GhostOfSpireFuture+1","hexamod:HexaLevel+1"],"picked":"SKIP","floor":21},{"not_picked":["hexamod:GhostShield","hexamod:InspiringFlames"],"picked":"hexamod:HeatCrush","floor":23},{"not_picked":["hexamod:BacktrackSmack+1","hexamod:HauntingEcho"],"picked":"hexamod:HeatCrush+1","floor":23},{"not_picked":["hexamod:HeatCrush","hexamod:InspiringFlames+1"],"picked":"hexamod:Firestarter+1","floor":26},{"not_picked":["hexamod:NightmareStrike+1","hexamod:FastForward","hexamod:ShieldOfDarkness"],"picked":"SKIP","floor":28},{"not_picked":["hexamod:RetreatToShadows","hexamod:PhantomCloak+1"],"picked":"hexamod:ForkedFlame","floor":29},{"not_picked":["hexamod:EtherealExpedition+1","hexamod:NightmareGuise"],"picked":"hexamod:RainOfEmbers","floor":30},{"not_picked":["hexamod:NightmareGuise","hexamod:Hexaguard+1"],"picked":"hexamod:HeatShield+1","floor":30},{"not_picked":["hexamod:RecurringNightmare+1","hexamod:FourthSeal","hexamod:SwordOfDarkness"],"picked":"SKIP","floor":31},{"not_picked":["hexamod:BacktrackSmack","hexamod:Hexaguard"],"picked":"hexamod:BurningTouch","floor":32},{"not_picked":["hexamod:GhostOfSpirePresent+1","hexamod:ParanormalForm+1"],"picked":"hexamod:SearingWound","floor":33},{"not_picked":["hexamod:Haunt","hexamod:FastForward"],"picked":"hexamod:RainOfEmbers","floor":36},{"not_picked":["hexamod:Rewind","hexamod:ChargedBarrage"],"picked":"hexamod:GhostflameBarrier+1","floor":38},{"not_picked":["hexamod:StepThrough+1","hexamod:PhantomFireball"],"picked":"hexamod:ExtraCrispy+1","floor":38},{"not_picked":["hexamod:Incineration","hexamod:SoulSteal+1"],"picked":"hexamod:NightmareGuise+1","floor":39},{"not_picked":["expansioncontent:YouAreMine","expansioncontent:LastStand"],"picked":"expansioncontent:AwakenDeath","floor":40},{"not_picked":["expansioncontent:LastStand","expansioncontent:AwakenDeath"],"picked":"expansioncontent:InvincibleStrength","floor":40},{"not_picked":["expansioncontent:GuardianWhirl","expansioncontent:YouAreMine"],"picked":"expansioncontent:PrepareCrush","floor":40},{"not_picked":["hexamod:NightmareGuise+1","hexamod:Firestarter"],"picked":"hexamod:ThermalTransfer+1","floor":42},{"not_picked":["hexamod:AdvancingGuard+1","hexamod:HauntingEcho+1","hexamod:SpectersWail+1"],"picked":"SKIP","floor":43},{"not_picked":["hexamod:ThermalTransfer","hexamod:HeatMetal"],"picked":"hexamod:BurningTouch+1","floor":46},{"not_picked":["hexamod:Hexaguard","hexamod:SecondSeal","hexamod:GhostLash"],"picked":"SKIP","floor":48},{"not_picked":["hexamod:ChargedBarrage+1","hexamod:CatchUp"],"picked":"hexamod:HeatShield","floor":49}],"player_experience":153572,"relics_obtained":[{"floor":7,"key":"Frozen Egg 2"},{"floor":13,"key":"HollowMod:LifeEnderRelic"},{"floor":24,"key":"Vajra"},{"floor":29,"key":"Toy Ornithopter"},{"floor":42,"key":"hexamod:SoulConsumer"}],"event_choices":[{"damage_healed":0,"gold_gain":0,"player_choice":"Success","damage_taken":3,"relics_obtained":["Boot"],"max_hp_gain":0,"max_hp_loss":0,"event_name":"Scrap Ooze","floor":3,"gold_loss":0},{"cards_removed":["hexamod:Strike"],"damage_healed":0,"gold_gain":0,"player_choice":"Took Card","damage_taken":0,"max_hp_gain":0,"max_hp_loss":0,"event_name":"NoteForYourself","floor":22,"gold_loss":0,"cards_obtained":["Iron Wave"]},{"damage_healed":0,"gold_gain":0,"player_choice":"Fight","damage_taken":0,"max_hp_gain":0,"max_hp_loss":0,"event_name":"Mysterious Sphere","floor":42,"gold_loss":0}],"is_beta":false,"boss_relics":[{"not_picked":["Tiny House","Runesmith:UraniumAnvil"],"picked":"Runic Dome"},{"not_picked":["construct:ClawGrip","bronze:MakeshiftBattery"],"picked":"Cursed Key"}],"items_purged_floors":[20,39],"is_endless":false,"potions_floor_spawned":[2,10,11,12,14,16,21,23,30,32,42,46,48],"killed_by":"downfall:CharBossMerchant","ascension_level":0}}