{"host":"8e3sp1tozjyrh64l","time":1614455032,"event":{"mods":["BaseMod","Better Altar","Better Match","Better Note","Better Sensory Stone","Better Silent Start","Better Skull","Better Third Choice","BetterRewards","Curses Come First","Defuse TimeMaze Blight","Minty Spire (QoL Compilation)","Permanent Neow","Rare Cards Sparkle","Relic Sorter","Reliquary","Shop Mod","Spicy Shops","StSLib","SuperFastMode","Wandering Minibosses"],"gold_per_floor":[219,235,235,235,247,276,276,32,55,87,87,107,137,137,137,241,241,241,241],"floor_reached":18,"language":"ENG","playtime":521,"items_purged":[],"score":187,"play_id":"ec4d6a83-8183-444f-8a9f-694e83f369f5","local_time":"20210227124352","is_ascension_mode":true,"campfire_choices":[{"data":"All Out Attack","floor":7,"key":"SMITH"},{"data":"Neutralize","floor":11,"key":"SMITH"},{"data":"Blade Dance","floor":15,"key":"SMITH"}],"circlet_count":0,"master_deck":["Strike_G","Strike_G","Strike_G","Strike_G","Defend_G","Defend_G","Defend_G","Defend_G","Survivor","Neutralize+1","Dagger Spray+1","All Out Attack+1","Adrenaline","Blade Dance+1","After Image"],"relics":["Ring of the Snake","Omamori","Kunai","Bag of Marbles","reliquary:NewFriend","reliquary:PrincelyHelmet","reliquary:Craggleroot"],"acts_visited":["Exordium","TheCity"],"potions_floor_usage":[10,16],"damage_taken":[{"damage":0,"enemies":"Small Slimes","floor":1,"turns":4},{"damage":0,"enemies":"Cultist","floor":2,"turns":3},{"damage":0,"enemies":"2 Louse","floor":5,"turns":2},{"damage":20,"enemies":"3 Sentries","floor":6,"turns":6},{"damage":12,"enemies":"Lagavulin","floor":10,"turns":6},{"damage":0,"enemies":"2 Fungi Beasts","floor":12,"turns":2},{"damage":8,"enemies":"3 Sentries","floor":13,"turns":5},{"damage":8,"enemies":"Slime Boss","floor":16,"turns":8},{"damage":19,"enemies":"Shell Parasite","floor":18,"turns":5}],"seed_played":"2609675379704200622","potions_obtained":[{"floor":2,"key":"FearPotion"},{"floor":10,"key":"PowerPotion"},{"floor":16,"key":"EssenceOfSteel"}],"is_trial":false,"path_per_floor":["M","M","?","$","M","E","R","$","T","E","R","M","E","$","R","B",null,"M"],"character_chosen":"THE_SILENT","items_purchased":["Kunai"],"campfire_rested":0,"item_purchase_floors":[8],"current_hp_per_floor":[70,70,70,70,70,50,50,50,50,38,38,38,30,30,30,22,70,51,51],"gold":241,"neow_bonus":"HUNDRED_GOLD","is_daily":false,"chose_seed":false,"campfire_upgraded":3,"win_rate":0.0,"timestamp":1614455032,"path_taken":["M","M","?","$","?","E","R","?","T","E","R","M","E","$","R","BOSS","M"],"items_purchased_type":["Relic"],"build_version":"2020-12-22","purchased_purges":0,"victory":false,"max_hp_per_floor":[70,70,70,70,70,70,70,70,70,70,70,70,70,70,70,70,70,70,70],"card_choices":[{"not_picked":["Underhanded Strike","Dodge and Roll"],"picked":"Dagger Spray","floor":1},{"not_picked":["Deadly Poison","Acrobatics","Quick Slash"],"picked":"SKIP","floor":2},{"not_picked":["Masterful Stab","Tactician"],"picked":"All Out Attack","floor":5},{"not_picked":["Backflip","Skewer","PiercingWail"],"picked":"SKIP","floor":6},{"not_picked":["Bane","Eviscerate","Escape Plan"],"picked":"SKIP","floor":10},{"not_picked":["Cloak And Dagger","Sucker Punch"],"picked":"Adrenaline","floor":12},{"not_picked":["Endless Agony","Dash"],"picked":"Blade Dance","floor":13},{"not_picked":["Doppelganger","Venomology"],"picked":"After Image","floor":16}],"player_experience":950129,"relics_obtained":[{"floor":6,"key":"Omamori"},{"floor":9,"key":"Bag of Marbles"},{"floor":10,"key":"reliquary:NewFriend"},{"floor":13,"key":"reliquary:PrincelyHelmet"}],"event_choices":[{"damage_healed":0,"gold_gain":0,"player_choice":"Forge","damage_taken":0,"max_hp_gain":0,"max_hp_loss":0,"event_name":"Accursed Blacksmith","floor":3,"gold_loss":0,"cards_upgraded":["Dagger Spray"]}],"is_beta":false,"boss_relics":[{"not_picked":["Snecko Eye","reliquary:ThirdArm"],"picked":"reliquary:Craggleroot"}],"items_purged_floors":[],"is_endless":false,"potions_floor_spawned":[2,10,16],"killed_by":"Shell Parasite","ascension_level":1}}