{"host":"qc268ltokmxwqyrx","time":1614442091,"event":{"mods":["BaseMod","Colored Map","Minty Spire (QoL Compilation)","Relic Stats","Slay the Relics Exporter","StSLib","ojb\u0027s Info Mod"],"gold_per_floor":[99,99,99,99,99,99,99,99,99,99,99,99,99,14,14,14,14,14,0,0,0,0,0,0,0,0,0,0,0,0,0,0,0,0,0,0,0,0,0,0,0,0,0,0,0,0,0,0,0,0,0,0,0,0,0,0,0],"floor_reached":56,"language":"ENG","playtime":34754,"items_purged":[],"score":2122,"play_id":"4476b2f1-9661-49f2-b384-d4354df6c0d8","local_time":"20210227100811","is_ascension_mode":true,"campfire_choices":[{"data":"Predator","floor":7,"key":"SMITH"},{"floor":11,"key":"REST"},{"data":"Survivor","floor":15,"key":"SMITH"},{"data":"Storm of Steel","floor":24,"key":"SMITH"},{"floor":32,"key":"REST"},{"data":"Wraith Form v2","floor":40,"key":"SMITH"},{"data":"Well Laid Plans","floor":42,"key":"SMITH"},{"floor":45,"key":"RECALL"},{"floor":49,"key":"REST"},{"data":"Calculated Gamble","floor":53,"key":"SMITH"}],"circlet_count":0,"master_deck":["AscendersBane","Strike_G+1","Strike_G+1","Strike_G+1","Defend_G+1","Defend_G+1","Defend_G+1","Defend_G+1","Survivor+1","Neutralize","Predator+1","Blade Dance","Dagger Spray","Corpse Explosion","Crippling Poison","Acrobatics","Storm of Steel+1","Venomology","Malaise+1","Prepared","Calculated Gamble+1","Blade Dance+1","Expertise","PiercingWail","Wraith Form v2+1","Well Laid Plans+1","Acrobatics","Calculated Gamble+1","PiercingWail","Tactician+1"],"relics":["Ectoplasm","Singing Bowl","Blue Candle","Tough Bandages","FossilizedHelix","WristBlade","Centennial Puzzle","MealTicket","Regal Pillow","Pantograph","InkBottle","Empty Cage","Question Card","Unceasing Top","White Beast Statue"],"acts_visited":["Exordium","TheCity","TheBeyond","TheEnding"],"potions_floor_usage":[6,8,16,16,16,16,18,19,22,23,25,27,27,29,30,31,33,33,36,38,39,39,39,39,41,41,44,46,47,50,51,55,55,56,56],"damage_taken":[{"damage":2,"enemies":"Small Slimes","floor":1,"turns":4},{"damage":0,"enemies":"Cultist","floor":2,"turns":3},{"damage":4,"enemies":"2 Louse","floor":3,"turns":2},{"damage":6,"enemies":"Blue Slaver","floor":4,"turns":4},{"damage":16,"enemies":"3 Sentries","floor":6,"turns":7},{"damage":8,"enemies":"Gremlin Nob","floor":8,"turns":3},{"damage":0,"enemies":"Gremlin Gang","floor":10,"turns":4},{"damage":0,"enemies":"Lots of Slimes","floor":12,"turns":1},{"damage":20,"enemies":"Lagavulin","floor":13,"turns":6},{"damage":16,"enemies":"The Guardian","floor":16,"turns":11},{"damage":0,"enemies":"Chosen","floor":18,"turns":6},{"damage":8,"enemies":"2 Thieves","floor":19,"turns":2},{"damage":18,"enemies":"Snecko","floor":22,"turns":8},{"damage":16,"enemies":"Gremlin Leader","floor":23,"turns":5},{"damage":0,"enemies":"Slavers","floor":25,"turns":3},{"damage":6,"enemies":"Gremlin Leader","floor":27,"turns":3},{"damage":0,"enemies":"3 Cultists","floor":28,"turns":2},{"damage":16,"enemies":"Book of Stabbing","floor":29,"turns":6},{"damage":0,"enemies":"Chosen and Byrds","floor":30,"turns":3},{"damage":0,"enemies":"Snake Plant","floor":31,"turns":6},{"damage":65,"enemies":"Champ","floor":33,"turns":11},{"damage":23,"enemies":"3 Darklings","floor":35,"turns":2},{"damage":0,"enemies":"3 Shapes","floor":36,"turns":3},{"damage":3,"enemies":"3 Darklings","floor":38,"turns":3},{"damage":0,"enemies":"4 Shapes","floor":39,"turns":8},{"damage":0,"enemies":"Giant Head","floor":41,"turns":6},{"damage":0,"enemies":"Maw","floor":44,"turns":9},{"damage":18,"enemies":"Nemesis","floor":46,"turns":7},{"damage":0,"enemies":"Spire Growth","floor":47,"turns":4},{"damage":46,"enemies":"Donu and Deca","floor":50,"turns":7},{"damage":16,"enemies":"Awakened One","floor":51,"turns":17},{"damage":12,"enemies":"Shield and Spear","floor":55,"turns":6},{"damage":178,"enemies":"The Heart","floor":56,"turns":15}],"seed_played":"3456674552745068155","potions_obtained":[{"floor":1,"key":"Dexterity Potion"},{"floor":3,"key":"GamblersBrew"},{"floor":10,"key":"Fire Potion"},{"floor":13,"key":"EntropicBrew"},{"floor":16,"key":"Regen Potion"},{"floor":19,"key":"LiquidMemories"},{"floor":28,"key":"GhostInAJar"},{"floor":33,"key":"Ancient Potion"},{"floor":38,"key":"SkillPotion"},{"floor":41,"key":"SkillPotion"},{"floor":47,"key":"Strength Potion"},{"floor":55,"key":"Explosive Potion"}],"is_trial":false,"path_per_floor":["M","M","M","M","?","E","R","E","T","M","R","M","E","$","R","B",null,"M","M","?","?","M","E","R","E","T","E","M","E","M","M","R","B",null,"M","M","?","M","M","R","E","R","T","M","R","E","M","?","R","B","B",null,"R","$","E","B"],"character_chosen":"THE_SILENT","items_purchased":["Venomology"],"campfire_rested":3,"item_purchase_floors":[14],"current_hp_per_floor":[57,57,53,47,47,31,31,23,23,23,42,44,24,24,24,8,53,68,62,62,62,44,30,30,30,30,26,28,12,12,29,67,13,62,41,41,41,38,38,38,38,38,38,40,40,24,26,26,65,36,45,73,73,82,70,0,0],"gold":0,"neow_bonus":"BOSS_RELIC","is_daily":false,"chose_seed":false,"campfire_upgraded":6,"win_rate":0.0,"timestamp":1614442091,"path_taken":["M","M","M","M","?","E","R","E","T","M","R","M","E","$","R","BOSS","M","M","?","?","M","E","R","E","T","E","M","E","M","M","R","BOSS","M","M","?","M","M","R","E","R","T","M","R","E","M","?","R","BOSS","BOSS","R","$","E","BOSS"],"items_purchased_type":["Card"],"build_version":"2020-12-22","purchased_purges":0,"victory":false,"max_hp_per_floor":[66,66,66,66,66,66,66,66,66,66,66,68,68,68,68,68,68,68,70,70,70,70,72,72,72,72,74,76,76,76,78,78,78,78,80,80,76,76,76,76,76,76,76,78,78,80,82,82,82,82,82,82,82,82,82,82,82],"relic_stats":{"Regal Pillow":30,"Singing Bowl":20,"counters":[33,187],"Blue Candle":[2],"Question Card":4,"Tough Bandages":[1524],"Centennial Puzzle":[30],"Pantograph":65,"MealTicket":9,"Ectoplasm":766,"obtain_stats":[{"Regal Pillow":26,"Singing Bowl":6,"Blue Candle":8,"Empty Cage":34,"Question Card":41,"White Beast Statue":55,"Tough Bandages":9,"Centennial Puzzle":23,"WristBlade":17,"Pantograph":27,"MealTicket":25,"Ectoplasm":0,"FossilizedHelix":13,"InkBottle":29,"Unceasing Top":46,"Ring of the Snake":0},{"Regal Pillow":15,"Singing Bowl":5,"Blue Candle":6,"Empty Cage":21,"Question Card":26,"White Beast Statue":32,"Tough Bandages":6,"Centennial Puzzle":14,"WristBlade":10,"Pantograph":16,"MealTicket":15,"Ectoplasm":0,"FossilizedHelix":9,"InkBottle":18,"Unceasing Top":28,"Ring of the Snake":0},{"Regal Pillow":69,"Singing Bowl":20,"Blue Candle":23,"Empty Cage":100,"Question Card":122,"White Beast Statue":172,"Tough Bandages":23,"Centennial Puzzle":66,"WristBlade":45,"Pantograph":72,"MealTicket":69,"Ectoplasm":0,"FossilizedHelix":34,"InkBottle":80,"Unceasing Top":138,"Ring of the Snake":0}],"InkBottle":[79],"Unceasing Top":[18]},"card_choices":[{"not_picked":["Dagger Spray","Backflip"],"picked":"Predator","floor":1},{"not_picked":["Tactician","Sucker Punch"],"picked":"Blade Dance","floor":2},{"not_picked":["Flying Knee","PiercingWail"],"picked":"Dagger Spray","floor":3},{"not_picked":["Prepared","Outmaneuver","Bane"],"picked":"SKIP","floor":4},{"not_picked":["Dodge and Roll","Quick Slash"],"picked":"Corpse Explosion","floor":6},{"not_picked":["Endless Agony","Flechettes"],"picked":"Crippling Poison","floor":8},{"not_picked":["Finisher","Underhanded Strike"],"picked":"Acrobatics","floor":10},{"not_picked":["Deadly Poison","Escape Plan","Flying Knee"],"picked":"Singing Bowl","floor":12},{"not_picked":["Flechettes","Dagger Spray"],"picked":"Storm of Steel","floor":13},{"not_picked":["Glass Knife","Venomology"],"picked":"Malaise","floor":16},{"not_picked":["Underhanded Strike","Quick Slash"],"picked":"Prepared","floor":18},{"not_picked":["Dodge and Roll","Poisoned Stab","Prepared"],"picked":"Singing Bowl","floor":19},{"not_picked":["Bouncing Flask","Tactician"],"picked":"Calculated Gamble","floor":22},{"not_picked":["Bane","Dagger Spray","Crippling Poison"],"picked":"Singing Bowl","floor":23},{"not_picked":["Sucker Punch","Corpse Explosion"],"picked":"Blade Dance+1","floor":25},{"not_picked":["Deflect","Sucker Punch","Bouncing Flask"],"picked":"Singing Bowl","floor":27},{"not_picked":["Flechettes","Heel Hook","Calculated Gamble"],"picked":"Singing Bowl","floor":28},{"not_picked":["Choke","Outmaneuver"],"picked":"Expertise","floor":29},{"not_picked":["Slice","Dodge and Roll"],"picked":"PiercingWail","floor":30},{"not_picked":["Deflect","Underhanded Strike","Dagger Spray"],"picked":"Singing Bowl","floor":31},{"not_picked":["Envenom","Grand Finale"],"picked":"Wraith Form v2","floor":33},{"not_picked":["Bane","All Out Attack+1","Dagger Throw"],"picked":"Singing Bowl","floor":35},{"not_picked":["Prepared","Outmaneuver"],"picked":"Well Laid Plans","floor":36},{"not_picked":["Storm of Steel","Outmaneuver+1"],"picked":"Acrobatics","floor":38},{"not_picked":["PiercingWail","Masterful Stab"],"picked":"Calculated Gamble+1","floor":39},{"not_picked":["Concentrate","All Out Attack"],"picked":"PiercingWail","floor":41},{"not_picked":["Finisher","Quick Slash","Footwork","All Out Attack"],"picked":"Singing Bowl","floor":44},{"not_picked":["Tactician","Corpse Explosion","Quick Slash","Acrobatics"],"picked":"Singing Bowl","floor":46},{"not_picked":["Acrobatics","Flechettes","Flying Knee","Slice"],"picked":"Singing Bowl","floor":47},{"not_picked":["Dodge and Roll","Caltrops","Prepared"],"picked":"Tactician+1","floor":55}],"player_experience":1913955,"relics_obtained":[{"floor":6,"key":"Singing Bowl"},{"floor":8,"key":"Blue Candle"},{"floor":9,"key":"Tough Bandages"},{"floor":13,"key":"FossilizedHelix"},{"floor":23,"key":"Centennial Puzzle"},{"floor":25,"key":"MealTicket"},{"floor":26,"key":"Regal Pillow"},{"floor":27,"key":"Pantograph"},{"floor":29,"key":"InkBottle"},{"floor":41,"key":"Question Card"},{"floor":46,"key":"Unceasing Top"},{"floor":55,"key":"White Beast Statue"}],"event_choices":[{"cards_removed":["Defend_G"],"damage_healed":0,"gold_gain":0,"player_choice":"Purged","damage_taken":0,"max_hp_gain":0,"max_hp_loss":0,"event_name":"Purifier","floor":5,"gold_loss":0},{"damage_healed":0,"gold_gain":0,"player_choice":"Simplicity","damage_taken":0,"max_hp_gain":0,"max_hp_loss":0,"event_name":"Back to Basics","floor":20,"gold_loss":0,"cards_upgraded":["Strike_G","Strike_G","Strike_G","Strike_G","Strike_G","Defend_G","Defend_G","Defend_G","Defend_G"]},{"damage_healed":0,"gold_gain":0,"player_choice":"Ignored","damage_taken":0,"max_hp_gain":0,"max_hp_loss":0,"event_name":"Ghosts","floor":21,"gold_loss":0},{"damage_healed":0,"gold_gain":0,"player_choice":"Max HP","damage_taken":0,"max_hp_gain":0,"max_hp_loss":4,"event_name":"Winding Halls","floor":37,"gold_loss":0},{"damage_healed":0,"gold_gain":0,"player_choice":"Upgraded","damage_taken":0,"max_hp_gain":0,"max_hp_loss":0,"event_name":"Upgrade Shrine","floor":48,"gold_loss":0,"cards_upgraded":["Malaise"]}],"is_beta":false,"boss_relics":[{"not_picked":["Sozu","SlaversCollar"],"picked":"WristBlade"},{"not_picked":["SacredBark","Black Star"],"picked":"Empty Cage"}],"items_purged_floors":[],"is_endless":false,"potions_floor_spawned":[1,3,10,13,16,19,22,28,31,33,38,41,47,55],"killed_by":"The Heart","ascension_level":20}}