{"host":"xdbac5uiks898er5","time":1614427686,"event":{"mods":["2.2 Compatiblity","BaseMod","Become a monster ???","Lobotomy","LobotomyExtend","Minty Spire (QoL Compilation)","Spire Arcade","StSLib","SuperFastMode","Unknown Chances"],"gold_per_floor":[118,133,110,130,130,130,158,170,170,203,203,203,203,214,214,316,316,332,342,355,373,373,410,410,410],"floor_reached":24,"language":"ENG","playtime":607,"items_purged":[],"score":260,"play_id":"df9f8703-2c67-43bc-adec-445f3fe5cf8a","local_time":"20210227130806","is_ascension_mode":false,"campfire_choices":[{"data":"True Grit","floor":6.0,"key":"SMITH"},{"data":"Pummel","floor":11.0,"key":"SMITH"},{"floor":15.0,"key":"REST"}],"circlet_count":0,"master_deck":["Strike_R+1","Strike_R","Defend_R","Defend_R","Defend_R+1","Bash","CrumblingArmor","Iron Wave","True Grit+1","Variant","BlackArmy","Pummel+1","Inflame+1","Twin Strike","Berserk+1","Pummel+1"],"relics":["Burning Blood","CogitoBucket","LetterFromLob","Frozen Egg 2","HornCleat","Matryoshka","Philosopher\u0027s Stone","InspiredRelic"],"acts_visited":["Exordium","TheCity"],"potions_floor_usage":[23,23,24],"damage_taken":[{"damage":6.0,"enemies":"2 Louse","floor":1.0,"turns":3.0},{"damage":5.0,"enemies":"Small Slimes","floor":2.0,"turns":4.0},{"damage":11.0,"enemies":"Jaw Worm","floor":4.0,"turns":3.0},{"damage":33.0,"enemies":"Gremlin Nob","floor":7.0,"turns":6.0},{"damage":16.0,"enemies":"Lots of Slimes","floor":8.0,"turns":10.0},{"damage":19.0,"enemies":"Lagavulin","floor":10.0,"turns":6.0},{"damage":20.0,"enemies":"Exordium Thugs","floor":14.0,"turns":5.0},{"damage":0.0,"enemies":"Slime Boss","floor":16.0,"turns":2.0},{"damage":0,"enemies":"Spheric Guardian","floor":18,"turns":2},{"damage":24,"enemies":"2 Thieves","floor":19,"turns":4},{"damage":21,"enemies":"3 Cultists","floor":20,"turns":5},{"damage":39,"enemies":"Centurion and Healer","floor":21,"turns":4},{"damage":8,"enemies":"Snake Plant","floor":23,"turns":4},{"damage":24,"enemies":"Book of Stabbing","floor":24,"turns":3}],"seed_played":"-7127562999398888211","potions_obtained":[{"floor":4.0,"key":"Block Potion"},{"floor":8.0,"key":"SkillPotion"},{"floor":14.0,"key":"ColorlessPotion"},{"floor":16.0,"key":"Ancient Potion"},{"floor":19,"key":"Energy Potion"},{"floor":20,"key":"ColorlessPotion"},{"floor":23,"key":"Swift Potion"}],"is_trial":false,"path_per_floor":["M","M","$","M","?","R","E","M","T","E","R","?","?","M","R","B",null,"M","M","M","M","?","M","E"],"character_chosen":"IRONCLAD","items_purchased":["True Grit"],"campfire_rested":1,"item_purchase_floors":[3],"current_hp_per_floor":[80,80,80,75,68,68,41,61,61,48,48,32,32,18,42,48,80,80,64,52,22,22,23,0,0],"gold":410,"neow_bonus":"","is_daily":false,"chose_seed":false,"campfire_upgraded":2,"win_rate":0.0,"timestamp":1614427686,"path_taken":["M","M","$","M","?","R","E","M","T","E","R","?","?","M","R","BOSS","M","M","M","M","?","M","E"],"items_purchased_type":["Card"],"build_version":"2020-12-22","purchased_purges":0,"victory":false,"max_hp_per_floor":[80,80,80,80,80,80,80,80,80,80,80,80,80,80,80,80,80,80,80,80,80,80,80,80,80],"card_choices":[{"not_picked":["BlackSwan","MeatLantern"],"picked":"CrumblingArmor","floor":1.0},{"not_picked":["Thunderclap","Anger","Inflame"],"picked":"SKIP","floor":1.0},{"not_picked":["Anger","Thunderclap"],"picked":"Iron Wave","floor":2.0},{"not_picked":["MHz","DespairKnight"],"picked":"Variant","floor":4.0},{"not_picked":["Carnage","Blood for Blood","Whirlwind"],"picked":"SKIP","floor":4.0},{"not_picked":["HappyTeddy","WhitesApple"],"picked":"CherryBlossoms","floor":7.0},{"not_picked":["True Grit","Armaments","Immolate"],"picked":"SKIP","floor":7.0},{"not_picked":["Wild Strike","Shrug It Off","Clothesline"],"picked":"SKIP","floor":8.0},{"not_picked":["GalaxyChild","MeatLantern"],"picked":"BlackArmy","floor":10.0},{"not_picked":["Headbutt","Flame Barrier"],"picked":"Pummel","floor":10.0},{"not_picked":["Clothesline","Clash"],"picked":"Twin Strike","floor":14.0},{"not_picked":["Double Tap","Immolate"],"picked":"Berserk+1","floor":16.0},{"not_picked":["Rage","Metallicize+1","Headbutt"],"picked":"SKIP","floor":18},{"not_picked":["Shrug It Off+1","Twin Strike","Rage+1"],"picked":"SKIP","floor":19},{"not_picked":["Searing Blow+1","Flex","Metallicize+1"],"picked":"SKIP","floor":20},{"not_picked":["Evolve+1","Pommel Strike"],"picked":"Pummel+1","floor":21},{"not_picked":["Wild Strike","Uppercut","Power Through+1"],"picked":"SKIP","floor":23}],"player_experience":7267,"relics_obtained":[{"floor":1.0,"key":"LetterFromLob"},{"floor":7.0,"key":"Frozen Egg 2"},{"floor":9.0,"key":"HornCleat"},{"floor":10.0,"key":"Matryoshka"}],"event_choices":[{"cards_removed":["Strike_R"],"damage_healed":0.0,"max_hp_gain":0.0,"max_hp_loss":0.0,"gold_gain":0.0,"event_name":"Golden Wing","player_choice":"Card Removal","floor":5.0,"gold_loss":0.0,"damage_taken":7.0},{"damage_healed":0.0,"max_hp_gain":0.0,"max_hp_loss":0.0,"gold_gain":0.0,"event_name":"Shining Light","player_choice":"Entered Light","floor":12.0,"gold_loss":0.0,"damage_taken":16.0,"cards_upgraded":["Defend_R","Strike_R"]},{"damage_healed":0.0,"max_hp_gain":0.0,"max_hp_loss":0.0,"gold_gain":0.0,"cards_transformed":["Strike_R"],"event_name":"Transmorgrifier","player_choice":"Transformed","floor":13.0,"gold_loss":0.0,"damage_taken":0.0,"cards_obtained":["Inflame"]}],"is_beta":false,"boss_relics":[{"not_picked":["Runic Pyramid","Ectoplasm"],"picked":"Philosopher\u0027s Stone"}],"items_purged_floors":[],"is_endless":false,"potions_floor_spawned":[4,8,14,16,19,20,23],"killed_by":"Book of Stabbing","ascension_level":0}}