{"host":"yp2ga117svxnbcen","time":1614407726,"event":{"mods":["Act Like it!","Aspiration","BaseMod","BetterRewards","ChefMod","Colored Map","Conspire","Custom Start","Downfall","Elementarium","Gensokyo","GifTheSpireLib","Gold Saver","GungeonMod","Halation","Hallownest","Hermit","HornydragonMod","Hubris","Menagerie","Minty Spire (QoL Compilation)","Quick Restart","Remove Card Discount Mod","Replay The Spire","Shop Mod","Spicy Shops","StSLib","Stuff the Spire","The Blue Laboratory","The IronCluck","egg","slay the spire mod where everything is the same but ironclad has a cowboy hat","??????REMEMod"],"gold_per_floor":[111,111,386,402,480,511,511,541,595,595,595,620,620,342,342,446,446,457,457,151,163,163,191,221,221,221,144,163,191,30,130,130,228,228,241,94,110,110,110],"floor_reached":40,"language":"ENG","playtime":1104,"items_purged":["Strike_B","Strike_B","Strike_B","Gensokyo:UnlikelyAid","conspire:GhostlyStrike+1","StuffTheSpire:CuriosityCurse","REME_DataAnalysis+1","Meteor Strike","Zap"],"score":1443,"play_id":"5482543d-bf08-4e93-9368-27a3d4c7450f","local_time":"20210226223526","is_ascension_mode":true,"campfire_choices":[{"data":"Glacier","floor":7,"key":"SMITH"},{"data":"hubris:PowerSurge","floor":10,"key":"SMITH"},{"data":"StuffTheSpire:LoadUp","floor":13,"key":"SMITH"},{"data":"Regret","floor":15,"key":"SMITH"},{"data":"StuffTheSpire:ForEach","floor":25,"key":"SMITH"},{"data":"Storm","floor":32,"key":"SMITH"}],"circlet_count":0,"master_deck":["conspire:GhostlyDefend","conspire:GhostlyDefend","conspire:GhostlyDefend","conspire:GhostlyDefend+1","Dualcast","Ball Lightning+1","StuffTheSpire:LoadUp+1","Glacier+1","hubris:PowerSurge+1","Amplify","StuffTheSpire:ForEach+1","StuffTheSpire:ForEach","BootSequence+1","Ball Lightning","hubris:PowerSurge","Storm+1","Barrage","hubris:PowerSurge","hubris:PowerSurge","Biased Cognition","Biased Cognition","AbeCurse","Capacitor","StuffTheSpire:ForEach","hubris:DoWhile"],"relics":["Cracked Core","REME_ComplimentaryCards","hubris:PeanutButter","Geode","halation:LettersToHer","StuffTheSpire:HeavyRock","DemoMod:GlassGuonStoneRelic","StuffTheSpire:CocoNut","ReplayTheSpireMod:TigerMarble","DemoMod:RiddleOfLead","hubris:BallOfYels","ClockworkSouvenir","DemoMod:WhiteGuonStone","MerchantsRug","Thread and Needle","Bottled Lightning","StuffTheSpire:RunicConfusion","Abe\u0027s Treasure","Ice Cream"],"acts_visited":["Exordium","TheCity","TheBeyond"],"potions_floor_usage":[8,29,39,39],"damage_taken":[{"damage":0,"enemies":"2 Louse","floor":1,"turns":1},{"damage":2,"enemies":"conspire:RoseBush","floor":4,"turns":2},{"damage":26,"enemies":"3 Sentries","floor":6,"turns":6},{"damage":16,"enemies":"Lagavulin","floor":8,"turns":5},{"damage":2,"enemies":"Replay:BlueRogue","floor":12,"turns":3},{"damage":0,"enemies":"Slime Boss","floor":16,"turns":3},{"damage":0,"enemies":"3 Byrds","floor":18,"turns":3},{"damage":0,"enemies":"Spheric Guardian","floor":21,"turns":2},{"damage":0,"enemies":"conspire:Head Lice","floor":23,"turns":3},{"damage":0,"enemies":"Masked Bandits","floor":24,"turns":2},{"damage":0,"enemies":"Cultist and Chosen","floor":28,"turns":2},{"damage":0,"enemies":"REME_1_Revenger","floor":29,"turns":1},{"damage":0,"enemies":"Colosseum Slavers","floor":31,"turns":1},{"damage":0,"enemies":"Colosseum Nobs","floor":31,"turns":2},{"damage":0,"enemies":"Collector","floor":33,"turns":6},{"damage":0,"enemies":"Orb Walker","floor":35,"turns":1},{"damage":0,"enemies":"3 Darklings","floor":37,"turns":1},{"damage":0,"enemies":"conspire:OrnateMirror","floor":39,"turns":2}],"seed_played":"-5003683194858432694","potions_obtained":[{"floor":1,"key":"blueLaboratory:PhilterOfMotion"},{"floor":6,"key":"hexamod:SoulburnPotion"},{"floor":12,"key":"blueLaboratory:AbyssPotion"},{"floor":21,"key":"Strength Potion"},{"floor":23,"key":"blueLaboratory:TeslaPotion"},{"floor":24,"key":"REME_GoldPotion"},{"floor":33,"key":"LiquidMemories"}],"is_trial":false,"path_per_floor":["M","?","?","M","?","E","R","E","T","R","?","E","R","$","R","B",null,"M","?","$","M","?","E","?","R","T","$","M","E","$","?","R","B",null,"M","$","M","?","B",null],"character_chosen":"DEFECT","items_purchased":["Ball Lightning","Whetstone","ReplayTheSpireMod:TigerMarble","halation:PrussianBluePaint","REME_DataAnalysis+1","hubris:BallOfYels","ClockworkSouvenir","MerchantsRug","Storm","halation:NonexistentMirror","hubris:PowerSurge","Capacitor","StuffTheSpire:ForEach","Ice Cream"],"campfire_rested":0,"item_purchase_floors":[0,0,14,14,14,20,20,27,27,30,30,36,36,36],"current_hp_per_floor":[75,75,75,73,73,47,47,31,31,31,31,36,36,36,36,36,92,92,92,92,92,92,92,92,92,92,92,92,92,92,92,92,92,92,92,92,92,92,92],"gold":110,"neow_bonus":"","is_daily":false,"chose_seed":false,"campfire_upgraded":6,"win_rate":0.0,"timestamp":1614407726,"path_taken":["M","?","?","?","?","E","R","E","T","R","?","E","R","$","R","BOSS","M","?","$","M","?","E","?","R","T","$","?","E","$","?","R","BOSS","M","$","M","?","BOSS"],"items_purchased_type":["Card","Relic","Relic","Relic","Card","Relic","Relic","Relic","Card","Relic","Card","Card","Card","Relic"],"build_version":"2020-12-22","purchased_purges":9,"victory":true,"max_hp_per_floor":[75,75,75,75,75,75,75,75,75,75,75,82,82,82,82,82,92,92,92,92,92,92,92,92,92,92,92,92,92,92,92,92,92,92,92,92,92,92,92],"card_choices":[{"not_picked":["StuffTheSpire:Plugnplay","ReplaySolidLightProjector"],"picked":"StuffTheSpire:LoadUp","floor":1},{"not_picked":["Streamline","Crystallizer"],"picked":"Glacier","floor":4},{"not_picked":["Hologram","Steam Power"],"picked":"Meteor Strike","floor":6},{"not_picked":["Compile Driver","Sweeping Beam"],"picked":"hubris:PowerSurge","floor":8},{"not_picked":["Turbo","Steam"],"picked":"Amplify","floor":12},{"not_picked":["Multi-Cast","All For One"],"picked":"StuffTheSpire:ForEach","floor":16},{"not_picked":["Chaos","Rebound+1"],"picked":"BootSequence+1","floor":18},{"not_picked":["Rebound","StuffTheSpire:Coldhearted"],"picked":"Ball Lightning","floor":21},{"not_picked":["Steam","Cold Snap","Go for the Eyes"],"picked":"SKIP","floor":23},{"not_picked":["Reprogram","conspire:SharedLibrary"],"picked":"hubris:PowerSurge","floor":24},{"not_picked":["Compile Driver","Stack","Fusion"],"picked":"SKIP","floor":28},{"not_picked":["Doom and Gloom","Time Bomb","Barrage"],"picked":"SKIP","floor":29},{"not_picked":["Doom and Gloom","Time Bomb"],"picked":"Barrage","floor":29},{"not_picked":["Hyperbeam","Meteor Strike"],"picked":"Biased Cognition","floor":33},{"not_picked":["Steam Power","Panic Button+1","Compile Driver"],"picked":"SKIP","floor":35},{"not_picked":["StuffTheSpire:CleanHardDrive+1","Doom and Gloom+1"],"picked":"hubris:DoWhile","floor":37}],"player_experience":1191223,"relics_obtained":[{"floor":6,"key":"hubris:PeanutButter"},{"floor":8,"key":"Geode"},{"floor":9,"key":"halation:LettersToHer"},{"floor":12,"key":"StuffTheSpire:CocoNut"},{"floor":23,"key":"DemoMod:WhiteGuonStone"},{"floor":24,"key":"Red Mask"},{"floor":26,"key":"halation:LettersToHer"},{"floor":26,"key":"hubris:TenFootPole"},{"floor":29,"key":"halation:AfternoonTea"},{"floor":31,"key":"Thread and Needle"},{"floor":31,"key":"Bottled Lightning"}],"event_choices":[{"damage_healed":0,"gold_gain":0,"player_choice":"Agree","damage_taken":0,"max_hp_gain":0,"max_hp_loss":0,"event_name":"conspire:LoneGhost","floor":2,"gold_loss":0},{"damage_healed":0,"gold_gain":275,"player_choice":"Desecrate","damage_taken":0,"max_hp_gain":0,"max_hp_loss":0,"event_name":"Golden Shrine","floor":3,"gold_loss":0,"cards_obtained":["Regret"]},{"damage_healed":0,"gold_gain":78,"player_choice":"Gained Gold","damage_taken":0,"max_hp_gain":0,"max_hp_loss":0,"event_name":"Golden Wing","floor":5,"gold_loss":0},{"damage_healed":0,"gold_gain":0,"player_choice":"Fought Bandits","damage_taken":0,"max_hp_gain":0,"max_hp_loss":0,"event_name":"Masked Bandits","floor":24,"gold_loss":0},{"damage_healed":0,"gold_gain":0,"player_choice":"Fight","damage_taken":0,"max_hp_gain":0,"max_hp_loss":0,"event_name":"Colosseum","floor":31,"gold_loss":0},{"damage_healed":0,"gold_gain":0,"player_choice":"Fought Nobs","damage_taken":0,"max_hp_gain":0,"max_hp_loss":0,"event_name":"Colosseum","floor":31,"gold_loss":0},{"damage_healed":0,"gold_gain":0,"player_choice":"Took Portal","damage_taken":0,"max_hp_gain":0,"max_hp_loss":0,"event_name":"SecretPortal","floor":38,"gold_loss":0}],"is_beta":false,"boss_relics":[{"not_picked":["REME_ChargedStone","hubris:VirtuousBlindfold"],"picked":"DemoMod:RiddleOfLead"},{"not_picked":["bronze:MakeshiftBattery","Nuclear Battery"],"picked":"Replay:Grab Bag"},{"not_picked":["conspire:SlowCooker","halation:SmartPhone"],"picked":"StuffTheSpire:RunicConfusion"},{"not_picked":["ChewingGum","Busted Crown"],"picked":"Abe\u0027s Treasure"},{"not_picked":["halation:Yufonium","aspiration:PoetsPen_weak"],"picked":"conspire:RunicOctahedron"}],"items_purged_floors":[0,0,0,0,14,14,20,20,27],"is_endless":false,"potions_floor_spawned":[1,6,12,21,23,24,33],"ascension_level":5}}