{"host":"Oniwa","time":1614414040,"event":{"mods":["BaseMod","Bestiary","Colored Map","Colored Powertips","Minty Spire (QoL Compilation)","Relic Stats","Slay the Relics Exporter","SpireBot","StSLib","ojb\u0027s Better Paths Mod","ojb\u0027s Info Mod: The sequel"],"gold_per_floor":[109,109,109,184,35,35,50,50,75,116,116,66,66,84,84,84,84],"floor_reached":16,"language":"JPN","playtime":109,"items_purged":[],"score":121,"play_id":"1bf87e30-a86c-43fa-94ca-7dce286e77e2","local_time":"20210227172040","is_ascension_mode":false,"campfire_choices":[{"data":"Bash","floor":6,"key":"SMITH"},{"data":"Strike_R","floor":11,"key":"SMITH"},{"data":"Sword Boomerang","floor":15,"key":"SMITH"}],"circlet_count":0,"master_deck":["Strike_R","Strike_R+1","Strike_R","Strike_R","Strike_R","Defend_R","Defend_R","Defend_R","Bash+1","Parasite","Sword Boomerang+1"],"relics":["Burning Blood","NeowsBlessing","Golden Idol","Bag of Marbles","Anchor","Paper Frog"],"acts_visited":["Exordium"],"potions_floor_usage":[],"damage_taken":[{"damage":0,"enemies":"2 Louse","floor":1,"turns":1},{"damage":0,"enemies":"Jaw Worm","floor":7,"turns":1},{"damage":0,"enemies":"3 Sentries","floor":10,"turns":2},{"damage":1,"enemies":"Cultist","floor":14,"turns":3},{"damage":0,"enemies":"Hexaghost","floor":16,"turns":1}],"seed_played":"9160185259418316276","potions_obtained":[{"floor":7,"key":"PowerPotion"},{"floor":14,"key":"EssenceOfSteel"}],"is_trial":false,"path_per_floor":["M","?","$","?","$","R","M","?","T","E","R","?","$","M","R","B"],"character_chosen":"IRONCLAD","items_purchased":["Bag of Marbles"],"campfire_rested":0,"item_purchase_floors":[5],"current_hp_per_floor":[80,60,60,49,49,49,55,75,75,80,80,80,80,80,80,80,80],"gold":84,"neow_bonus":"THREE_ENEMY_KILL","is_daily":false,"chose_seed":false,"campfire_upgraded":3,"win_rate":0.0,"timestamp":1614414040,"path_taken":["M","?","$","?","$","R","?","?","T","E","R","?","?","M","R","BOSS"],"items_purchased_type":["Relic"],"build_version":"2020-12-18","purchased_purges":0,"victory":false,"max_hp_per_floor":[80,80,80,80,80,80,80,80,80,80,80,80,80,80,80,80,80],"relic_stats":{"counters":[5,7],"Golden Idol":15,"obtain_stats":[{"Anchor":9,"NeowsBlessing":0,"Golden Idol":2,"Bag of Marbles":5,"Burning Blood":0,"Paper Frog":10},{"Anchor":2,"NeowsBlessing":0,"Golden Idol":1,"Bag of Marbles":1,"Burning Blood":0,"Paper Frog":3},{"Anchor":2,"NeowsBlessing":0,"Golden Idol":1,"Bag of Marbles":1,"Burning Blood":0,"Paper Frog":4}],"Burning Blood":12},"card_choices":[{"not_picked":["Combust","Intimidate"],"picked":"Sword Boomerang","floor":14}],"player_experience":2777705,"relics_obtained":[{"floor":9,"key":"Anchor"},{"floor":10,"key":"Paper Frog"}],"event_choices":[{"damage_healed":0,"gold_gain":0,"player_choice":"Take Damage","damage_taken":20,"relics_obtained":["Golden Idol"],"max_hp_gain":0,"max_hp_loss":0,"event_name":"Golden Idol","floor":2,"gold_loss":0},{"damage_healed":0,"gold_gain":75,"player_choice":"Gather Gold","damage_taken":11,"max_hp_gain":0,"max_hp_loss":0,"event_name":"World of Goop","floor":4,"gold_loss":0},{"damage_healed":20,"gold_gain":0,"player_choice":"Healed and dodged fight","damage_taken":0,"max_hp_gain":0,"max_hp_loss":0,"event_name":"Mushrooms","floor":8,"gold_loss":0,"cards_obtained":["Parasite"]},{"cards_removed":["Defend_R"],"damage_healed":0,"gold_gain":0,"player_choice":"Card Removal","damage_taken":0,"max_hp_gain":0,"max_hp_loss":0,"event_name":"The Cleric","floor":12,"gold_loss":50}],"is_beta":true,"boss_relics":[],"items_purged_floors":[],"is_endless":false,"potions_floor_spawned":[7,14],"killed_by":"Hexaghost","ascension_level":0}}