{"host":"t4313i2190y6fz3q","time":1614398195,"event":{"mods":["2.2 Compatiblity","AchievementEnabler","Act Like it!","BaseMod","Colored Powertips","Minty Spire (QoL Compilation)","Permanent Neow","Quick Restart","Rare Cards Sparkle","StSLib"],"gold_per_floor":[13,13,31,31,49,49,75,75,75,91,91,6,37,53,53,127,127,138,138,138,149,149,149,166,193,271,271,271],"floor_reached":27,"language":"ENG","playtime":641,"items_purged":[],"score":486,"play_id":"262cad11-b346-4f29-99e7-219b9c590bd7","local_time":"20210226195635","is_ascension_mode":true,"campfire_choices":[{"data":"Hyperbeam","floor":6.0,"key":"SMITH"},{"data":"Hologram","floor":8.0,"key":"SMITH"},{"data":"Streamline","floor":11.0,"key":"SMITH"},{"data":"Trip","floor":15.0,"key":"SMITH"},{"data":"Go for the Eyes","floor":23,"key":"SMITH"}],"circlet_count":0,"master_deck":["AscendersBane","Strike_B","Strike_B","Strike_B","Strike_B","Defend_B","Defend_B+1","Defend_B","Defend_B+1","Hyperbeam+1","Hologram+1","Streamline+1","Melter","Gash","Trip+1","Skim","Double Energy","All For One","CurseOfTheBell","Rebound+1","FTL","Go for the Eyes+1","Stack","Recycle","Machine Learning"],"relics":["Cracked Core","CultistMask","Ginger","The Courier","Strawberry","Calling Bell","War Paint","Eternal Feather","Torii","Omamori","Mummified Hand"],"acts_visited":["Exordium","TheCity"],"potions_floor_usage":[19,25,25],"damage_taken":[{"damage":0.0,"enemies":"2 Louse","floor":1.0,"turns":1.0},{"damage":1.0,"enemies":"Cultist","floor":3.0,"turns":3.0},{"damage":0.0,"enemies":"Small Slimes","floor":5.0,"turns":2.0},{"damage":10.0,"enemies":"3 Sentries","floor":7.0,"turns":3.0},{"damage":0.0,"enemies":"Gremlin Gang","floor":10.0,"turns":1.0},{"damage":20.0,"enemies":"Lagavulin","floor":13.0,"turns":4.0},{"damage":3.0,"enemies":"2 Fungi Beasts","floor":14.0,"turns":4.0},{"damage":24,"enemies":"Slime Boss","floor":16,"turns":6},{"damage":7,"enemies":"3 Byrds","floor":18,"turns":4},{"damage":0,"enemies":"2 Thieves","floor":19,"turns":1},{"damage":1,"enemies":"3 Cultists","floor":21,"turns":3},{"damage":0,"enemies":"Cultist and Chosen","floor":24,"turns":3},{"damage":51,"enemies":"Gremlin Leader","floor":25,"turns":6},{"damage":1,"enemies":"Chosen and Byrds","floor":27,"turns":3}],"seed_played":"3607501629957769096","potions_obtained":[{"floor":5.0,"key":"SmokeBomb"},{"floor":7.0,"key":"SpeedPotion"},{"floor":24,"key":"SpeedPotion"}],"is_trial":false,"path_per_floor":["M","?","M","$","M","R","E","R","T","M","R","$","E","M","R","B",null,"M","M","?","M","?","R","M","E","T","M"],"character_chosen":"DEFECT","items_purchased":["Trip"],"campfire_rested":0,"item_purchase_floors":[12],"current_hp_per_floor":[64,64,63,63,63,63,53,53,53,53,53,53,40,37,37,13,62,55,55,55,54,54,66,66,15,15,14,14],"gold":271,"neow_bonus":"THREE_RARE_CARDS","is_daily":false,"chose_seed":false,"campfire_upgraded":5,"win_rate":0.0,"timestamp":1614398195,"path_taken":["M","?","M","?","M","R","E","R","T","M","R","$","E","M","R","BOSS","M","M","?","?","?","R","M","E","T","M"],"items_purchased_type":["Card"],"build_version":"2020-12-22","purchased_purges":0,"victory":false,"max_hp_per_floor":[71,71,71,71,71,71,71,71,71,71,71,71,78,78,78,78,78,78,78,78,78,78,78,78,78,78,78,78],"card_choices":[{"not_picked":["Seek","Fission"],"picked":"Hyperbeam","floor":0.0},{"not_picked":["Cold Snap","White Noise"],"picked":"Coolheaded","floor":1.0},{"not_picked":["Stack","Coolheaded"],"picked":"Hologram","floor":3.0},{"not_picked":["Barrage","Hello World"],"picked":"Streamline","floor":5.0},{"not_picked":["Biased Cognition","Coolheaded"],"picked":"Melter","floor":7.0},{"not_picked":["Compile Driver","Defragment"],"picked":"Gash","floor":10.0},{"not_picked":["Coolheaded","Rebound"],"picked":"Skim","floor":13.0},{"not_picked":["Auto Shields","Cold Snap"],"picked":"Double Energy","floor":14.0},{"not_picked":["Biased Cognition","Machine Learning"],"picked":"All For One","floor":16},{"not_picked":["Compile Driver","Redo"],"picked":"Rebound+1","floor":18},{"not_picked":["Hyperbeam","Streamline"],"picked":"FTL","floor":21},{"not_picked":["Rebound","Chill"],"picked":"Recycle","floor":24},{"not_picked":["Sweeping Beam","Beam Cell"],"picked":"Machine Learning","floor":25}],"player_experience":196123,"relics_obtained":[{"floor":7.0,"key":"Ginger"},{"floor":9.0,"key":"The Courier"},{"floor":13.0,"key":"Strawberry"},{"floor":17,"key":"War Paint"},{"floor":17,"key":"Eternal Feather"},{"floor":17,"key":"Torii"},{"floor":25,"key":"Omamori"},{"floor":26,"key":"Mummified Hand"}],"event_choices":[{"damage_healed":0.0,"max_hp_gain":0.0,"max_hp_loss":0.0,"gold_gain":0.0,"event_name":"FaceTrader","player_choice":"Trade","floor":2.0,"gold_loss":0.0,"damage_taken":0.0,"relics_obtained":["CultistMask"]},{"cards_removed":["Zap"],"damage_healed":0,"gold_gain":0,"player_choice":"Card Removal","damage_taken":0,"max_hp_gain":0,"max_hp_loss":0,"event_name":"Wheel of Change","floor":20,"gold_loss":0},{"damage_healed":0,"gold_gain":0,"cards_transformed":["Dualcast","Coolheaded"],"player_choice":"Became Test Subject","damage_taken":0,"max_hp_gain":0,"max_hp_loss":0,"event_name":"Drug Dealer","floor":22,"gold_loss":0,"cards_obtained":["Go for the Eyes","Stack"]}],"is_beta":false,"boss_relics":[{"not_picked":["Runic Dome","Inserter"],"picked":"Calling Bell"}],"items_purged_floors":[],"is_endless":false,"potions_floor_spawned":[5,7,13,19,24],"killed_by":"Chosen and Byrds","ascension_level":20}}