{"host":"fooy2gnzsnh4qz9y","time":1614447170,"event":{"mods":["2.2 Compatiblity","AchievementEnabler","BaseMod","Colored Map","Colored Powertips","DeckTracker","Highlight Path","Keyboard Shortcuts","Minty Spire (QoL Compilation)","Permanent Neow","Quick Restart","Random Character Button","StSLib","SuperFastMode","everything is the same but u backflip on backflip"],"gold_per_floor":[114,39,55,66,83,83,115,65,65,76,76,95,95,170,170,272,272,282,301,108,208,228,228,246,246,271,283,283,293,293,168,168,266,266,284,284,301,311,47,47,59,69,69,84,84,95,109,57,57,57,57],"floor_reached":50,"language":"KOR","playtime":4184,"items_purged":["Strike_B","Amplify","Undo","Zap+1"],"score":495,"play_id":"fc4645c9-4b04-4ee1-badc-9d6e24826499","local_time":"20210228023250","is_ascension_mode":true,"campfire_choices":[{"data":"Zap","floor":6.0,"key":"SMITH"},{"data":"Dualcast","floor":11.0,"key":"SMITH"},{"data":"Hologram","floor":15.0,"key":"SMITH"},{"data":"Go for the Eyes","floor":23.0,"key":"SMITH"},{"data":"Coolheaded","floor":25.0,"key":"SMITH"},{"floor":30.0,"key":"REST"},{"floor":32.0,"key":"REST"},{"floor":40,"key":"REST"},{"floor":45,"key":"REST"},{"floor":49,"key":"REST"}],"circlet_count":0,"master_deck":["Dualcast+1","Gash","Hologram+1","Steam","Gash","Hyperbeam","Rebound","Reinforced Body","All For One","FTL","Go for the Eyes+1","Panacea","Rebound","Coolheaded+1","Gash","Echo Form","Reprogram","Coolheaded","Leap+1","Scrape+1","Beam Cell"],"relics":["Cracked Core","Nunchaku","Oddly Smooth Stone","Blood Vial","Pandora\u0027s Box","Ancient Tea Set","Fusion Hammer","Bottled Tornado"],"acts_visited":["Exordium","TheCity","TheBeyond"],"potions_floor_usage":[35,50,50,50],"damage_taken":[{"damage":2.0,"enemies":"Jaw Worm","floor":1.0,"turns":3.0},{"damage":0.0,"enemies":"Small Slimes","floor":3.0,"turns":2.0},{"damage":0.0,"enemies":"Cultist","floor":4.0,"turns":3.0},{"damage":2.0,"enemies":"3 Louse","floor":5.0,"turns":4.0},{"damage":14.0,"enemies":"3 Sentries","floor":7.0,"turns":7.0},{"damage":4.0,"enemies":"Looter","floor":10.0,"turns":2.0},{"damage":0.0,"enemies":"Lots of Slimes","floor":12.0,"turns":1.0},{"damage":14.0,"enemies":"The Guardian","floor":16.0,"turns":11.0},{"damage":0.0,"enemies":"Chosen","floor":18.0,"turns":3.0},{"damage":0.0,"enemies":"2 Thieves","floor":19.0,"turns":1.0},{"damage":16.0,"enemies":"Shelled Parasite and Fungi","floor":22.0,"turns":4.0},{"damage":12.0,"enemies":"Centurion and Healer","floor":24.0,"turns":5.0},{"damage":31.0,"enemies":"Snake Plant","floor":27.0,"turns":4.0},{"damage":16.0,"enemies":"Shelled Parasite and Fungi","floor":29.0,"turns":4.0},{"damage":34.0,"enemies":"Automaton","floor":33.0,"turns":8.0},{"damage":13,"enemies":"3 Darklings","floor":35,"turns":3},{"damage":9,"enemies":"Orb Walker","floor":37,"turns":3},{"damage":19,"enemies":"3 Darklings","floor":38,"turns":3},{"damage":12,"enemies":"Maw","floor":41,"turns":6},{"damage":12,"enemies":"Transient","floor":42,"turns":5},{"damage":19,"enemies":"Jaw Worm Horde","floor":44,"turns":3},{"damage":22,"enemies":"Sphere and 2 Shapes","floor":46,"turns":3},{"damage":5,"enemies":"Maw","floor":47,"turns":3},{"damage":47,"enemies":"Awakened One","floor":50,"turns":6}],"seed_played":"4746255184770672140","potions_obtained":[{"floor":3.0,"key":"Block Potion"},{"floor":4.0,"key":"SkillPotion"},{"floor":5.0,"key":"FearPotion"},{"floor":10.0,"key":"SteroidPotion"},{"floor":18.0,"key":"Explosive Potion"},{"floor":27.0,"key":"LiquidMemories"},{"floor":33.0,"key":"SteroidPotion"},{"floor":42,"key":"Strength Potion"},{"floor":44,"key":"Block Potion"}],"is_trial":false,"path_per_floor":["M","$","M","M","M","R","E","?","T","M","R","M","$","?","R","B",null,"M","M","$","?","M","R","M","R","T","M","?","M","R","$","R","B",null,"M","?","M","M","$","R","M","M","T","M","R","M","M","$","R","B"],"character_chosen":"DEFECT","items_purchased":["Panacea","Reprogram","Coolheaded","Strength Potion"],"campfire_rested":5,"item_purchase_floors":[20,39,39,48],"current_hp_per_floor":[73,73,73,73,71,71,57,57,57,55,55,57,57,46,46,34,75,75,75,75,75,59,59,49,49,49,20,20,6,28,28,50,18,75,62,62,55,38,38,60,50,40,40,23,45,25,22,22,44,0,0],"gold":57,"neow_bonus":"RANDOM_COMMON_RELIC","is_daily":false,"chose_seed":false,"campfire_upgraded":5,"win_rate":0.0,"timestamp":1614447170,"path_taken":["M","$","M","M","M","R","E","?","T","M","R","M","$","?","R","BOSS","M","M","$","?","M","R","M","R","T","?","?","M","R","$","R","BOSS","M","?","M","M","$","R","M","M","T","M","R","?","M","$","R","BOSS"],"items_purchased_type":["Card","Card","Card","Potion"],"build_version":"2020-12-22","purchased_purges":4,"victory":false,"max_hp_per_floor":[75,75,75,75,75,75,75,75,75,75,75,75,75,75,75,75,75,75,75,75,75,75,75,75,75,75,75,75,75,75,75,75,75,75,75,75,75,75,75,75,75,75,75,75,75,75,75,75,75,75,75],"card_choices":[{"not_picked":["Stack","Compile Driver"],"picked":"Gash","floor":1.0},{"not_picked":["Aggregate","Barrage"],"picked":"Hologram","floor":3.0},{"not_picked":["Turbo","Chill"],"picked":"Steam","floor":4.0},{"not_picked":["Streamline","Redo"],"picked":"Gash","floor":5.0},{"not_picked":["Chaos","Sweeping Beam"],"picked":"Hyperbeam","floor":7.0},{"not_picked":["Glacier","Steam"],"picked":"Rebound","floor":10.0},{"not_picked":["Barrage","Ball Lightning"],"picked":"Reinforced Body","floor":12.0},{"not_picked":["Seek","Fission"],"picked":"All For One","floor":16.0},{"not_picked":["Redo+1","Streamline+1","Compile Driver"],"picked":"SKIP","floor":18.0},{"not_picked":["Stack","Compile Driver","Electrodynamics"],"picked":"SKIP","floor":19.0},{"not_picked":["Sweeping Beam","Hologram"],"picked":"Rebound","floor":22.0},{"not_picked":["Lockon","Sweeping Beam+1"],"picked":"Coolheaded","floor":24.0},{"not_picked":["Lockon","Coolheaded","Redo"],"picked":"SKIP","floor":27.0},{"not_picked":["Conserve Battery","Cold Snap"],"picked":"Gash","floor":29.0},{"not_picked":["Biased Cognition","Thunder Strike"],"picked":"Echo Form","floor":33.0},{"not_picked":["Heatsinks","White Noise","Chaos+1"],"picked":"SKIP","floor":35},{"not_picked":["Recycle+1","Barrage","Hologram"],"picked":"SKIP","floor":37},{"not_picked":["Compile Driver","Leap","Go for the Eyes"],"picked":"SKIP","floor":38},{"not_picked":["Ball Lightning+1","Go for the Eyes+1"],"picked":"Leap+1","floor":41},{"not_picked":["Steam","Rainbow"],"picked":"Scrape+1","floor":42},{"not_picked":["Ball Lightning","Conserve Battery"],"picked":"Beam Cell","floor":44},{"not_picked":["Steam","Redo","Double Energy+1"],"picked":"SKIP","floor":46},{"not_picked":["Sweeping Beam","Gash","Beam Cell"],"picked":"SKIP","floor":47}],"player_experience":263718,"relics_obtained":[{"floor":7.0,"key":"Oddly Smooth Stone"},{"floor":9.0,"key":"Blood Vial"},{"floor":26.0,"key":"Ancient Tea Set"},{"floor":43,"key":"Bottled Tornado"}],"event_choices":[{"cards_removed":["Strike_B"],"damage_healed":0.0,"max_hp_gain":0.0,"max_hp_loss":0.0,"gold_gain":0.0,"event_name":"The Cleric","player_choice":"Card Removal","floor":8.0,"gold_loss":50.0,"damage_taken":0.0},{"damage_healed":0.0,"max_hp_gain":0.0,"max_hp_loss":0.0,"gold_gain":75.0,"event_name":"World of Goop","player_choice":"Gather Gold","floor":14.0,"gold_loss":0.0,"damage_taken":11.0},{"damage_healed":0.0,"max_hp_gain":0.0,"max_hp_loss":0.0,"gold_gain":100.0,"event_name":"Golden Shrine","player_choice":"Pray","floor":21.0,"gold_loss":0.0,"damage_taken":0.0},{"cards_removed":["Force Field"],"damage_healed":0.0,"max_hp_gain":0.0,"max_hp_loss":0.0,"gold_gain":0.0,"event_name":"Back to Basics","player_choice":"Elegance","floor":28.0,"gold_loss":0.0,"damage_taken":0.0},{"cards_removed":["Hyperbeam"],"damage_healed":0,"gold_gain":0,"player_choice":"Purged","damage_taken":0,"max_hp_gain":0,"max_hp_loss":0,"event_name":"Purifier","floor":36,"gold_loss":0}],"is_beta":false,"boss_relics":[{"not_picked":["Sozu","Tiny House"],"picked":"Pandora\u0027s Box"},{"not_picked":["Calling Bell","FrozenCore"],"picked":"Fusion Hammer"}],"items_purged_floors":[2,20,31,39],"is_endless":false,"potions_floor_spawned":[3,4,5,10,18,27,33,42,44],"killed_by":"Awakened One","ascension_level":2}}