{"host":"7eytxr1oawi6r5nr","time":1614458665,"event":{"mods":["Act Like it!","BaseMod","Better Third Choice","Curses Come First","Dark Map","Hermit","Hubris","Ironclad Rager","Minty Spire (QoL Compilation)","Permanent Neow","Quick Restart","Rare Cards Sparkle","Relic Filter Mod","Reliquary","Replay The Spire","Ruina","StSLib","The Cursed","The Disciple","The Forsaken","The IronCluck","The Runesmith","The Servant 0.9.4","Wide Potions"],"gold_per_floor":[118,129,139,11,28,28,28,28,28,0,0,14,49,65,65,161,261,272,286,286,196,196,196],"floor_reached":22,"language":"ENG","playtime":1625,"items_purged":["TheCursedMod:Strike_TheCursed","TheCursedMod:Strike_TheCursed"],"score":195,"play_id":"1a850e39-e98c-46ce-8c7c-f69e634f23a3","local_time":"20210227204425","is_ascension_mode":true,"campfire_choices":[{"data":"TheCursedMod:CursedStaff","floor":6.0,"key":"SMITH"},{"data":"TheCursedMod:FleshFromBone","floor":11.0,"key":"SMITH"},{"floor":15.0,"key":"REST"}],"circlet_count":0,"master_deck":["TheCursedMod:Strike_TheCursed","TheCursedMod:Strike_TheCursed","TheCursedMod:Defend_TheCursed","TheCursedMod:Defend_TheCursed","TheCursedMod:Defend_TheCursed","TheCursedMod:Defend_TheCursed","TheCursedMod:CursedWand","TheCursedMod:CleanUpWorkshop","TheCursedMod:Dregs","TheCursedMod:SoulCrush","TheCursedMod:CursedStaff+1","TheCursedMod:TacticalStrike","TheCursedMod:Torture","TheCursedMod:FleshFromBone+1","TheCursedMod:SurpriseAttack","TheCursedMod:Stigma","TheCursedMod:Stretching","theForsaken:SpreadingPlague","TheCursedMod:DemonicPact","TheCursedMod:RapidMovement","TheCursedMod:Obscuration","Pain","TheCursedMod:LuckyCharm"],"relics":["TheCursedMod:BlackMagic101","hubris:DisguiseKit","Smiling Mask","betterThird:SlimedRelic","reliquary:PartyBalloon","Replay:Wanted Poster","hubris:64BitClover"],"acts_visited":["Exordium","Exordium"],"potions_floor_usage":[16],"damage_taken":[{"damage":0.0,"enemies":"2 Louse","floor":1.0,"turns":2.0},{"damage":0.0,"enemies":"Small Slimes","floor":2.0,"turns":3.0},{"damage":1.0,"enemies":"Jaw Worm","floor":3.0,"turns":3.0},{"damage":7.0,"enemies":"Looter","floor":5.0,"turns":3.0},{"damage":3.0,"enemies":"Red Slaver","floor":12.0,"turns":3.0},{"damage":25.0,"enemies":"3 Sentries","floor":13.0,"turns":12.0},{"damage":2.0,"enemies":"Large Slime","floor":14.0,"turns":6.0},{"damage":19,"enemies":"The Guardian","floor":16,"turns":7},{"damage":30,"enemies":"ruina:Nosferatu","floor":18,"turns":6},{"damage":9,"enemies":"ruina:3_Bats","floor":19,"turns":6},{"damage":49,"enemies":"ruina:QueenOfHate","floor":22,"turns":5}],"seed_played":"-302416937375910286","potions_obtained":[{"floor":1.0,"key":"FearPotion"}],"is_trial":false,"path_per_floor":["M","M","M","$","M","R","?","?","T","?","R","M","E","M","R","B",null,"M","M","?","$","M"],"character_chosen":"THE_CURSED","items_purchased":["TheCursedMod:FleshFromBone","TheCursedMod:LuckyCharm"],"campfire_rested":1,"item_purchase_floors":[4,21],"current_hp_per_floor":[75,75,74,74,67,67,67,60,60,49,49,46,21,19,41,22,75,45,36,36,36,0,0],"gold":196,"neow_bonus":"RANDOM_EVENT","is_daily":false,"chose_seed":false,"campfire_upgraded":2,"win_rate":0.0,"timestamp":1614458665,"path_taken":["M","M","M","$","M","R","?","?","T","?","R","?","E","M","R","BOSS","M","M","?","$","?"],"items_purchased_type":["Card","Card"],"build_version":"2020-12-22","purchased_purges":2,"victory":false,"max_hp_per_floor":[75,75,75,75,75,75,75,75,75,75,75,75,75,75,75,75,75,75,75,75,75,75,75],"card_choices":[{"not_picked":["TheCursedMod:Stigma","TheCursedMod:Hemoplague"],"picked":"TheCursedMod:CursedStaff","floor":1.0},{"not_picked":["TheCursedMod:SmokeScreen","TheCursedMod:Evocation"],"picked":"TheCursedMod:TacticalStrike","floor":2.0},{"not_picked":["TheCursedMod:Obscuration","TheCursedMod:AshesToAshes"],"picked":"TheCursedMod:Torture","floor":3.0},{"not_picked":["TheCursedMod:SoulReap","TheCursedMod:SmokeScreen"],"picked":"TheCursedMod:SurpriseAttack","floor":5.0},{"not_picked":["TheCursedMod:CircleOfCorruption","TheCursedMod:FleshFromBone","theForsaken:HealingLight"],"picked":"TheCursedMod:Stigma","floor":12.0},{"not_picked":["TheCursedMod:RavingStaff","TheCursedMod:CircleOfFocus","theForsaken:RainingSunlight"],"picked":"TheCursedMod:Stretching","floor":13.0},{"not_picked":["TheCursedMod:SurpriseAttack","TheCursedMod:TroublousMinions","TheCursedMod:Stigma"],"picked":"theForsaken:SpreadingPlague","floor":14.0},{"not_picked":["TheCursedMod:DarkBarrier","TheCursedMod:StunningStrike","theForsaken:Horror"],"picked":"TheCursedMod:DemonicPact","floor":16},{"not_picked":["TheCursedMod:CursedStaff","TheCursedMod:SoulCrush","theForsaken:Backlash"],"picked":"TheCursedMod:RapidMovement","floor":18},{"not_picked":["TheCursedMod:TacticalStrike+1","TheCursedMod:ManaCirculation","theForsaken:ChargeAttack"],"picked":"TheCursedMod:Obscuration","floor":19}],"player_experience":225820,"relics_obtained":[{"floor":9.0,"key":"Smiling Mask"},{"floor":13.0,"key":"reliquary:PartyBalloon"}],"event_choices":[{"cards_removed":["Languid"],"damage_healed":0.0,"max_hp_gain":0.0,"max_hp_loss":0.0,"gold_gain":0.0,"event_name":"Golden Wing","player_choice":"Card Removal","floor":8.0,"gold_loss":0.0,"damage_taken":7.0},{"damage_healed":0.0,"max_hp_gain":0.0,"max_hp_loss":0.0,"gold_gain":0.0,"event_name":"betterThird:BetterGoop","player_choice":"Slimed","floor":10.0,"gold_loss":28.0,"damage_taken":11.0}],"is_beta":false,"boss_relics":[{"not_picked":["hubris:TerracottaHorce","Runic Dome"],"picked":"Replay:Wanted Poster"}],"items_purged_floors":[4,21],"is_endless":false,"potions_floor_spawned":[1],"killed_by":"ruina:QueenOfHate","ascension_level":1}}