{"host":"a70birb7gb03c330","time":1614391609,"event":{"mods":["Act Like it!","Aspiration","BaseMod","Better Vampires","Disable Question Mark Monsters","Energized Spire","Hubris","Infinite Spire","Minty Spire (QoL Compilation)","Permanent Neow","Replay The Spire","Spicy Shops","Spikes Relics","StSLib","The Blue Laboratory","UnlockEverythingMod"],"gold_per_floor":[119,194,194,204,215,215,165,175,200,200,200,216,66,86,86,187,187,203,47,47,65,65,65,65,65,65],"floor_reached":25,"language":"ENG","playtime":711,"items_purged":["Strike_B"],"score":201,"play_id":"42dee56e-f2b0-4862-b0e1-162c539864af","local_time":"20210226180649","is_ascension_mode":true,"campfire_choices":[{"data":"Zap","floor":6,"key":"SMITH"},{"data":"Dualcast","floor":10,"key":"SMITH"},{"floor":15,"key":"REST"},{"floor":23,"key":"REST"}],"circlet_count":0,"master_deck":["Strike_B","Strike_B","Strike_B","Defend_B","Defend_B","Defend_B","Defend_B","Zap+1","Dualcast+1","Defend_G","Thunder Strike+1","Genetic Algorithm+1","Ball Lightning","infinitespire:TheBestDefense+1","Ball Lightning","infinitespire:Oblivion"],"relics":["WristBlade","Mark of the Bloom","ReplayTheSpireMod:Onyx Gauntlets","hubris:NiceRug","aspiration:StickyExplosives","infinitespire:Chaos","aspiration:FutureDiary","aspiration:RitualStick"],"acts_visited":["Exordium","TheCity"],"potions_floor_usage":[],"damage_taken":[{"damage":1,"enemies":"Jaw Worm","floor":1,"turns":3},{"damage":3,"enemies":"Small Slimes","floor":4,"turns":3},{"damage":0,"enemies":"2 Louse","floor":5,"turns":2},{"damage":0,"enemies":"Large Slime","floor":8,"turns":4},{"damage":5,"enemies":"Looter","floor":12,"turns":3},{"damage":8,"enemies":"Red Slaver","floor":14,"turns":2},{"damage":33,"enemies":"The Guardian","floor":16,"turns":9},{"damage":24,"enemies":"3 Byrds","floor":18,"turns":5},{"damage":17,"enemies":"Spheric Guardian","floor":21,"turns":4},{"damage":0,"enemies":"Nightmare","floor":25,"turns":2}],"seed_played":"9062043351000256351","potions_obtained":[{"floor":1,"key":"Cursed Concoction"},{"floor":8,"key":"blueLaboratory:NullPotion"},{"floor":14,"key":"Dexterity Potion"}],"is_trial":false,"path_per_floor":["M","?","?","M","M","R","?","M","T","R","?","M","$","M","R","B",null,"M","$","?","M","AVR","R","?","NM"],"character_chosen":"DEFECT","items_purchased":["Guide Book","hubris:BallOfYels"],"campfire_rested":2,"item_purchase_floors":[13,19],"current_hp_per_floor":[74,63,63,60,60,60,60,60,60,60,43,38,38,30,52,19,75,51,51,37,20,20,20,4,4,4],"gold":65,"neow_bonus":"THREE_RARE_CARDS","is_daily":false,"chose_seed":false,"campfire_upgraded":2,"win_rate":0.0,"timestamp":1614391609,"path_taken":["M","?","?","M","M","R","?","M","T","R","?","M","?","?","R","BOSS","M","$","?","M","AVR","R","?","NM"],"items_purchased_type":["Relic","Relic"],"build_version":"2020-12-22","purchased_purges":1,"victory":false,"max_hp_per_floor":[75,75,75,75,75,75,75,75,75,75,75,75,75,75,75,75,75,75,75,80,80,80,80,80,80,80],"card_choices":[{"not_picked":["Creative AI","Meteor Strike"],"picked":"Thunder Strike","floor":0},{"not_picked":["Hologram","Storm"],"picked":"Genetic Algorithm","floor":1},{"not_picked":["Conserve Battery","Leap","Barrage"],"picked":"SKIP","floor":4},{"not_picked":["Genetic Algorithm","Skim"],"picked":"Ball Lightning","floor":5},{"not_picked":["Aggregate","Go for the Eyes","Beam Cell"],"picked":"SKIP","floor":8},{"not_picked":["infinitespire:UltimateForm","ReplayTheSpireMod:??????????????????????"],"picked":"infinitespire:TheBestDefense","floor":11},{"not_picked":["Rebound","FTL"],"picked":"Ball Lightning","floor":12},{"not_picked":["Barrage","Compile Driver","Rebound"],"picked":"SKIP","floor":14},{"not_picked":["Steam","Turbo+1","Compile Driver+1"],"picked":"SKIP","floor":18},{"not_picked":["Amplify","Rebound+1","Turbo"],"picked":"SKIP","floor":21}],"player_experience":12602,"relics_obtained":[{"floor":9,"key":"aspiration:Lifesprig"}],"event_choices":[{"damage_healed":0,"gold_gain":75,"player_choice":"Gather Gold","damage_taken":11,"max_hp_gain":0,"max_hp_loss":0,"event_name":"World of Goop","floor":2,"gold_loss":0},{"cards_removed":["hubris:Strike_Merchant"],"damage_healed":0,"gold_gain":0,"player_choice":"Card Removal","damage_taken":0,"max_hp_gain":0,"max_hp_loss":0,"event_name":"The Cleric","floor":7,"gold_loss":50},{"damage_healed":0,"gold_gain":0,"player_choice":"Shed Blood","damage_taken":19,"max_hp_gain":5,"max_hp_loss":0,"event_name":"Forgotten Altar","floor":20,"gold_loss":0}],"is_beta":false,"boss_relics":[{"not_picked":["aspiration:RitualDagger","hubris:BlackHole"],"picked":"Black Star"}],"items_purged_floors":[22],"is_endless":false,"potions_floor_spawned":[1,8,14,18],"killed_by":"Nightmare","ascension_level":1}}