{"host":"l4r9l8cq5shl803l","time":1614406348,"event":{"mods":["AchievementEnabler","Act Like it!","Aspiration","BaseMod","Colored Map","Colored Powertips","Downfall","Hallownest","Hermit","Hubris","Minty Spire (QoL Compilation)","Rare Cards Sparkle","Reliquary","Replay The Spire","Ruina","StSLib","The Bug Knight","The Construct","The Cursed","The Necromancer","everything is the same but u backflip on backflip"],"gold_per_floor":[116,126,126,171,171,199,199,225,249,284,302,336,355,54,54,155,155,172,172,183,183,194,227,227,254,254,254,97,97,97,97],"floor_reached":30,"language":"ENG","playtime":10388,"items_purged":["ReplayTheSpireMod:Splinters"],"score":383,"play_id":"f24df294-d271-426c-b96f-16cf0872f622","local_time":"20210226231228","is_ascension_mode":true,"campfire_choices":[{"data":"hermit:Maintenance","floor":7,"key":"SMITH"},{"data":"hermit:Maintenance","floor":15,"key":"SMITH"},{"data":"hermit:FullyLoaded","floor":24,"key":"SMITH"},{"data":"hermit:Dive","floor":27,"key":"SMITH"}],"circlet_count":0,"master_deck":["hermit:Strike_Hermit","hermit:Strike_Hermit","hermit:Strike_Hermit","hermit:Defend_Hermit","hermit:Defend_Hermit","hermit:Defend_Hermit","hermit:Snapshot","hermit:Covet","Finesse","hermit:FlashPowder","hermit:Enervate","hermit:Dive+1","hermit:Maintenance+1","hermit:GhostlyPresence","hermit:Misfire","hermit:Quickdraw","hermit:Determination","hermit:Maintenance+1","hermit:Roughhouse","Doubt","Die Die Die","Bouncing Flask","Predator","hermit:FullyLoaded+1","hermit:Brawl","hermit:TakeCover+1"],"relics":["hermit:Momento","Ornamental Fan","Bag of Marbles","aspiration:HummingbirdHeart","hubris:ToyBattleship","Anchor","reliquary:PartyBalloon","ClockworkSouvenir","Coffee Dripper","Mercury Hourglass","reliquary:SharkskinSheath","Pocketwatch","reliquary:TuningFork","Replay:Rubber Ducky"],"acts_visited":["Hallownest:Greenpath","Hallownest:CityofTears"],"potions_floor_usage":[12,12,16,23],"damage_taken":[{"damage":0,"enemies":"Hallownest:monsterHuskGuard","floor":1,"turns":4},{"damage":0,"enemies":"Hallownest:2_Baldur","floor":2,"turns":4},{"damage":0,"enemies":"Hallownest:monsterMarmu","floor":3,"turns":5},{"damage":4,"enemies":"Hallownest:eliteMossKnight","floor":6,"turns":11},{"damage":3,"enemies":"Hallownest:eliteCrystalGuardian","floor":8,"turns":6},{"damage":0,"enemies":"Hallownest:eliteVengeflyKing","floor":10,"turns":9},{"damage":0,"enemies":"2_ Uuma","floor":11,"turns":2},{"damage":7,"enemies":"Hallownest:eliteCrystalGuardian","floor":12,"turns":5},{"damage":0,"enemies":"Hallownest:monsterMossCharger","floor":13,"turns":5},{"damage":36,"enemies":"Hallownest:BossHornet","floor":16,"turns":8},{"damage":0,"enemies":"Hallownest:2_Mistakes","floor":18,"turns":5},{"damage":9,"enemies":"Hallownest:3_Youths","floor":20,"turns":7},{"damage":6,"enemies":"Hallownest:3_Mistakes","floor":22,"turns":8},{"damage":9,"enemies":"Hallownest:eliteSoulWarrior","floor":23,"turns":5},{"damage":0,"enemies":"Hallownest:Nosk","floor":25,"turns":7},{"damage":3,"enemies":"Hallownest:eliteSoulWarrior","floor":30,"turns":3}],"seed_played":"7530062942675697317","potions_obtained":[{"floor":4,"key":"Cursed Concoction"},{"floor":6,"key":"Adrenaline Potion"},{"floor":8,"key":"PowerPotion"},{"floor":13,"key":"hexamod:SoulburnPotion"},{"floor":16,"key":"construct:ShiftPotion"},{"floor":20,"key":"sneckomod:MuddlingPotion"},{"floor":25,"key":"Explosive Potion"}],"is_trial":false,"path_per_floor":["M","M","?","?","?","E","R","E","T","E","M","?","M","$","R","B",null,"M","?","M","?","M","E","R","E","T","R","$","?","E"],"character_chosen":"HERMIT","items_purchased":["hermit:Maintenance","ClockworkSouvenir","Replay:Rubber Ducky"],"campfire_rested":0,"item_purchase_floors":[14,14,28],"current_hp_per_floor":[75,75,75,75,66,62,62,59,59,59,59,52,52,52,52,16,75,75,75,66,66,60,51,51,51,51,51,51,51,48,48],"gold":97,"neow_bonus":"RANDOM_COLORLESS","is_daily":false,"chose_seed":false,"campfire_upgraded":4,"win_rate":0.0,"timestamp":1614406348,"path_taken":["M","M","?","?","?","E","R","E","T","E","M","?","?","$","R","BOSS","M","?","M","?","?","E","R","E","T","R","$","?","E"],"items_purchased_type":["Card","Relic","Relic"],"build_version":"2020-12-22","purchased_purges":1,"victory":false,"max_hp_per_floor":[75,75,75,75,75,75,75,75,75,75,75,75,75,75,75,75,75,75,75,75,75,75,75,75,75,75,75,75,75,75,75],"card_choices":[{"not_picked":["Deep Breath","Flash of Steel"],"picked":"Finesse","floor":0},{"not_picked":["hermit:Cheat","hermit:ItchyTrigger"],"picked":"hermit:FlashPowder","floor":1},{"not_picked":["hermit:LowProfile","hermit:Virtue"],"picked":"hermit:Enervate","floor":2},{"not_picked":["hermit:Headshot","hermit:Glare"],"picked":"hermit:Dive","floor":4},{"not_picked":["hermit:Vantage","hermit:Headshot"],"picked":"hermit:Maintenance","floor":6},{"not_picked":["hermit:Grudge","hermit:Dive"],"picked":"hermit:GhostlyPresence","floor":8},{"not_picked":["hermit:Dissolve","hermit:Desperado"],"picked":"hermit:Misfire","floor":10},{"not_picked":["hermit:Shortfuse","hermit:Roulette"],"picked":"hermit:Quickdraw","floor":11},{"not_picked":["hermit:Ricochet","hermit:Reprieve"],"picked":"hermit:Determination","floor":12},{"not_picked":["hermit:Glare","hermit:CalledShot"],"picked":"hermit:Desperado","floor":13},{"not_picked":["hermit:Dissolve","hermit:Purgatory"],"picked":"hermit:Roughhouse","floor":16},{"not_picked":["hermit:Roulette+1","hermit:HoleUp"],"picked":"hermit:EyeOfTheStorm","floor":18},{"not_picked":["hermit:Desperado","hermit:Coalescence"],"picked":"hermit:GoldenBullet","floor":20},{"not_picked":["hermit:SprayPray","hermit:BigShot"],"picked":"hermit:FullyLoaded","floor":22},{"not_picked":["hermit:Glare","hermit:Grudge","hermit:Snipe"],"picked":"SKIP","floor":23},{"not_picked":["hermit:LuckOfTheDraw","hermit:NoHoldsBarred","hermit:Grudge"],"picked":"SKIP","floor":25},{"not_picked":["hermit:Glare","hermit:Headshot"],"picked":"hermit:Brawl","floor":29},{"not_picked":["hermit:Magnum","hermit:WideOpen"],"picked":"hermit:TakeCover+1","floor":29}],"player_experience":128768,"relics_obtained":[{"floor":4,"key":"Ornamental Fan"},{"floor":6,"key":"Bag of Marbles"},{"floor":8,"key":"aspiration:HummingbirdHeart"},{"floor":9,"key":"hubris:ToyBattleship"},{"floor":10,"key":"Anchor"},{"floor":12,"key":"reliquary:PartyBalloon"},{"floor":23,"key":"reliquary:SharkskinSheath"},{"floor":25,"key":"Pocketwatch"},{"floor":26,"key":"reliquary:TuningFork"}],"event_choices":[],"is_beta":false,"boss_relics":[{"not_picked":["construct:ClawGrip","Snecko Eye"],"picked":"Coffee Dripper"}],"items_purged_floors":[14],"is_endless":false,"potions_floor_spawned":[6,8,11,13,16,20,25],"killed_by":"Hallownest:eliteSoulWarrior","ascension_level":1}}