{"host":"vyjryxuuuxkt43k4","time":1614440365,"event":{"mods":["AchievementEnabler","BaseMod","Colored Map","DeckTracker","Keyboard Shortcuts","Minty Spire (QoL Compilation)","Permanent Neow","Quick Restart","StSLib","SuperFastMode","everything is the same but u backflip on backflip"],"gold_per_floor":[117,129,54,68,85,85,111,11,37,37,37,51,69,80,80,80,80],"floor_reached":16,"language":"KOR","playtime":348,"items_purged":["Strike_R","Strike_R"],"score":188,"play_id":"7184bef7-e4bb-4092-be1a-ed5724e6c0ad","local_time":"20210228003925","is_ascension_mode":true,"campfire_choices":[{"data":"Pommel Strike","floor":6.0,"key":"SMITH"},{"data":"Immolate","floor":11.0,"key":"SMITH"},{"data":"Inflame","floor":15.0,"key":"SMITH"}],"circlet_count":0,"master_deck":["AscendersBane","Strike_R","Defend_R","Defend_R","Defend_R","Defend_R","Bash","Inflame+1","Wild Strike","Evolve","Pommel Strike+1","Immolate+1"],"relics":["Burning Blood","Boot","Regal Pillow"],"acts_visited":["Exordium"],"potions_floor_usage":[16],"damage_taken":[{"damage":7.0,"enemies":"Cultist","floor":1.0,"turns":4.0},{"damage":15.0,"enemies":"Jaw Worm","floor":2.0,"turns":7.0},{"damage":3.0,"enemies":"2 Louse","floor":4.0,"turns":3.0},{"damage":13.0,"enemies":"Exordium Thugs","floor":5.0,"turns":5.0},{"damage":0.0,"enemies":"3 Louse","floor":12.0,"turns":1.0},{"damage":0.0,"enemies":"Exordium Wildlife","floor":13.0,"turns":2.0},{"damage":31.0,"enemies":"Exordium Thugs","floor":14.0,"turns":3.0},{"damage":42,"enemies":"Hexaghost","floor":16,"turns":7}],"seed_played":"-8229971774414422491","potions_obtained":[{"floor":4.0,"key":"Energy Potion"},{"floor":5.0,"key":"SteroidPotion"}],"is_trial":false,"path_per_floor":["M","M","$","M","M","R","T","$","T","?","R","M","M","M","R","B"],"character_chosen":"IRONCLAD","items_purchased":[],"campfire_rested":0,"item_purchase_floors":[],"current_hp_per_floor":[67,58,58,61,54,54,54,54,54,54,54,60,66,41,41,0,0],"gold":80,"neow_bonus":"REMOVE_TWO","is_daily":false,"chose_seed":false,"campfire_upgraded":3,"win_rate":0.0,"timestamp":1614440365,"path_taken":["M","?","$","M","M","R","?","?","T","?","R","M","?","M","R","BOSS"],"items_purchased_type":[],"build_version":"2020-12-22","purchased_purges":2,"victory":false,"max_hp_per_floor":[68,68,68,68,68,68,68,68,68,68,68,68,68,68,68,68,68],"card_choices":[{"not_picked":["Perfected Strike","Heavy Blade"],"picked":"Inflame","floor":1.0},{"not_picked":["Fire Breathing","Heavy Blade"],"picked":"Wild Strike","floor":2.0},{"not_picked":["Clash","Blood for Blood"],"picked":"Evolve","floor":4.0},{"not_picked":["Anger","Armaments"],"picked":"Pommel Strike","floor":5.0},{"not_picked":["Anger","Headbutt","Carnage"],"picked":"SKIP","floor":12.0},{"not_picked":["Anger","Headbutt","Carnage"],"picked":"SKIP","floor":12.0},{"not_picked":["Iron Wave","Searing Blow","Warcry"],"picked":"SKIP","floor":13.0},{"not_picked":["Rupture","Evolve","Iron Wave"],"picked":"SKIP","floor":14.0}],"player_experience":1065955,"relics_obtained":[{"floor":7.0,"key":"Boot"},{"floor":9.0,"key":"Regal Pillow"}],"event_choices":[{"damage_healed":0.0,"max_hp_gain":0.0,"max_hp_loss":0.0,"gold_gain":0.0,"event_name":"Match and Keep!","player_choice":"1 cards matched","floor":10.0,"gold_loss":0.0,"damage_taken":0.0,"cards_obtained":["Immolate"]}],"is_beta":false,"boss_relics":[],"items_purged_floors":[3,8],"is_endless":false,"potions_floor_spawned":[4,5],"killed_by":"Hexaghost","ascension_level":20}}