{"host":"7wi4qgm5yw4j7oz0","time":1614408851,"event":{"mods":["AchievementEnabler","BaseMod","Block Reminder","Colored Map","Colored Powertips","Highlight Path","Minty Spire (QoL Compilation)","Permanent Neow","Random Character Button","StSLib","SuperFastMode","everything is the same but u backflip on backflip"],"gold_per_floor":[118,129,143,163,163,163,180,200,255,255,255],"floor_reached":10,"language":"KOR","playtime":359,"items_purged":[],"score":118,"play_id":"a55c3b7f-b3bf-4179-8f28-7ec34d5d4886","local_time":"20210227155411","is_ascension_mode":true,"campfire_choices":[{"data":"Anger","floor":6.0,"key":"SMITH"}],"circlet_count":0,"master_deck":["AscendersBane","Strike_R","Strike_R","Strike_R","Strike_R","Defend_R","Defend_R","Defend_R","Defend_R","Bash","Ghostly Armor","Anger+1","Twin Strike","Clothesline","Sword Boomerang"],"relics":["Burning Blood","Blood Vial"],"acts_visited":["Exordium"],"potions_floor_usage":[8,10],"damage_taken":[{"damage":14.0,"enemies":"Jaw Worm","floor":1.0,"turns":5.0},{"damage":10.0,"enemies":"Small Slimes","floor":2.0,"turns":3.0},{"damage":7.0,"enemies":"2 Louse","floor":3.0,"turns":4.0},{"damage":14.0,"enemies":"Gremlin Gang","floor":4.0,"turns":6.0},{"damage":6,"enemies":"2 Fungi Beasts","floor":7,"turns":3},{"damage":22,"enemies":"Exordium Thugs","floor":8,"turns":5},{"damage":45,"enemies":"Lagavulin","floor":10,"turns":6}],"seed_played":"-1183648704446715098","potions_obtained":[{"floor":7,"key":"Fire Potion"},{"floor":8,"key":"Fruit Juice"}],"is_trial":false,"path_per_floor":["M","M","M","M","?","R","M","M","T","E"],"character_chosen":"IRONCLAD","items_purchased":[],"campfire_rested":0,"item_purchase_floors":[],"current_hp_per_floor":[60,56,55,47,47,47,47,31,31,0,0],"gold":255,"neow_bonus":"TRANSFORM_CARD","is_daily":false,"chose_seed":false,"campfire_upgraded":1,"win_rate":0.0,"timestamp":1614408851,"path_taken":["M","M","M","M","?","R","M","M","T","E"],"items_purchased_type":[],"build_version":"2020-12-22","purchased_purges":0,"victory":false,"max_hp_per_floor":[75,75,75,75,75,75,75,75,75,80,80],"card_choices":[{"not_picked":["Warcry","Rage"],"picked":"Anger","floor":1.0},{"not_picked":["Havoc","Headbutt","Flex"],"picked":"SKIP","floor":2.0},{"not_picked":["Rage","Burning Pact"],"picked":"Twin Strike","floor":3.0},{"not_picked":["Barricade","Entrench"],"picked":"Clothesline","floor":4.0},{"not_picked":["Second Wind","Bloodletting","Flex"],"picked":"SKIP","floor":7},{"not_picked":["Combust","Anger"],"picked":"Sword Boomerang","floor":8}],"player_experience":385520,"relics_obtained":[{"floor":9,"key":"Blood Vial"}],"event_choices":[{"damage_healed":0.0,"max_hp_gain":0.0,"max_hp_loss":0.0,"gold_gain":0.0,"event_name":"Shining Light","player_choice":"Ignored","floor":5.0,"gold_loss":0.0,"damage_taken":0.0}],"is_beta":false,"boss_relics":[],"items_purged_floors":[],"is_endless":false,"potions_floor_spawned":[7,8],"killed_by":"Lagavulin","ascension_level":18}}