{"host":"ffjrj7fisyni1ebk","time":1614415804,"event":{"mods":["2.2 Compatiblity","BaseMod","Bestiary","Colored Map","Colored Powertips","Curses Come First","Highlight Path","Keyboard Shortcuts","Minty Spire (QoL Compilation)","Relic Stats","Slay the Relics Exporter","StSLib","SuperFastMode"],"gold_per_floor":[110,285,297,312,312,352,352,367,367,405,405,484,499,519,519,649,649,664,657,657,657],"floor_reached":20,"language":"ENG","playtime":1237,"items_purged":[],"score":195,"play_id":"f54c9ec7-52e0-444a-b88a-844a23c59add","local_time":"20210227105004","is_ascension_mode":true,"campfire_choices":[{"floor":7,"key":"RECALL"},{"floor":11,"key":"REST"},{"floor":15,"key":"REST"}],"circlet_count":0,"master_deck":["Eruption","Vigilance","SignatureMove","Swivel","WreathOfFlame","Collect","Blasphemy","Swivel","Ragnarok","Evaluate","Prostrate","Doubt","WindmillStrike","SashWhip","Prostrate","FlyingSleeves","Protect","Prostrate"],"relics":["Pandora\u0027s Box","Golden Idol","Blue Candle","Singing Bowl","PreservedInsect","Yang","SlaversCollar"],"acts_visited":["Exordium","TheCity"],"potions_floor_usage":[10,10,12,16,18,20],"damage_taken":[{"damage":0,"enemies":"Cultist","floor":1,"turns":2},{"damage":1,"enemies":"2 Louse","floor":3,"turns":2},{"damage":0,"enemies":"Small Slimes","floor":4,"turns":3},{"damage":5,"enemies":"Lagavulin","floor":6,"turns":6},{"damage":8,"enemies":"2 Fungi Beasts","floor":8,"turns":3},{"damage":18,"enemies":"Gremlin Nob","floor":10,"turns":5},{"damage":31,"enemies":"Gremlin Nob","floor":12,"turns":5},{"damage":1,"enemies":"3 Louse","floor":13,"turns":3},{"damage":7,"enemies":"Red Slaver","floor":14,"turns":4},{"damage":26,"enemies":"The Guardian","floor":16,"turns":7},{"damage":11,"enemies":"Chosen","floor":18,"turns":6},{"damage":23,"enemies":"2 Thieves","floor":19,"turns":4},{"damage":100014,"enemies":"Centurion and Healer","floor":20,"turns":5}],"seed_played":"3080289460248619144","potions_obtained":[{"floor":4,"key":"ColorlessPotion"},{"floor":8,"key":"DistilledChaos"},{"floor":10,"key":"StancePotion"},{"floor":13,"key":"Swift Potion"},{"floor":16,"key":"BlessingOfTheForge"},{"floor":19,"key":"Ancient Potion"}],"is_trial":false,"path_per_floor":["M","?","M","M","?","E","R","M","T","E","R","?","M","M","R","B",null,"M","M","M"],"character_chosen":"WATCHER","items_purchased":[],"campfire_rested":2,"item_purchase_floors":[],"current_hp_per_floor":[72,72,71,71,53,48,48,40,40,24,46,17,18,11,34,10,80,71,48,0,0],"gold":657,"neow_bonus":"BOSS_RELIC","is_daily":false,"chose_seed":false,"campfire_upgraded":0,"win_rate":0.0,"timestamp":1614415804,"path_taken":["M","?","M","M","?","E","R","M","T","E","R","?","M","M","R","BOSS","M","M","M"],"items_purchased_type":[],"build_version":"2020-12-22","purchased_purges":0,"victory":false,"max_hp_per_floor":[72,72,72,72,72,72,72,72,72,74,74,76,78,78,78,80,80,82,82,82,82],"relic_stats":{"Singing Bowl":10,"counters":[13,54],"Golden Idol":84,"Blue Candle":[7],"Pandora\u0027s Box":["SignatureMove","Swivel","WreathOfFlame","Collect","Blasphemy","Swivel","Ragnarok","Evaluate"],"Yang":[33],"PreservedInsect":22,"obtain_stats":[{"SlaversCollar":17,"Singing Bowl":9,"Golden Idol":5,"Blue Candle":6,"Pandora\u0027s Box":0,"Yang":12,"PreservedInsect":10,"PureWater":0},{"SlaversCollar":10,"Singing Bowl":5,"Golden Idol":3,"Blue Candle":4,"Pandora\u0027s Box":0,"Yang":7,"PreservedInsect":6,"PureWater":0},{"SlaversCollar":40,"Singing Bowl":16,"Golden Idol":7,"Blue Candle":13,"Pandora\u0027s Box":0,"Yang":26,"PreservedInsect":21,"PureWater":0}]},"card_choices":[{"not_picked":["SashWhip","FlurryOfBlows"],"picked":"Prostrate","floor":1},{"not_picked":["BattleHymn","Swivel"],"picked":"WindmillStrike","floor":3},{"not_picked":["ClearTheMind","Indignation"],"picked":"SashWhip","floor":4},{"not_picked":["ForeignInfluence","JustLucky"],"picked":"Prostrate","floor":6},{"not_picked":["ThirdEye","FlurryOfBlows"],"picked":"FlyingSleeves","floor":8},{"not_picked":["Wallop","ThirdEye","Omniscience"],"picked":"Singing Bowl","floor":10},{"not_picked":["SignatureMove","Worship","CrushJoints"],"picked":"Singing Bowl","floor":12},{"not_picked":["FollowUp","WreathOfFlame","Nirvana"],"picked":"Singing Bowl","floor":13},{"not_picked":["EmptyFist","PathToVictory"],"picked":"Protect","floor":14},{"not_picked":["DeusExMachina","Wish","Omniscience"],"picked":"Singing Bowl","floor":16},{"not_picked":["CrushJoints","ClearTheMind","CutThroughFate"],"picked":"Singing Bowl","floor":18},{"not_picked":["MentalFortress","CrushJoints"],"picked":"Prostrate","floor":19}],"player_experience":350092,"relics_obtained":[{"floor":6,"key":"Blue Candle"},{"floor":9,"key":"Singing Bowl"},{"floor":10,"key":"PreservedInsect"},{"floor":12,"key":"Yang"}],"event_choices":[{"damage_healed":0,"gold_gain":175,"player_choice":"AGREE","damage_taken":0,"max_hp_gain":0,"max_hp_loss":0,"event_name":"Liars Game","floor":2,"gold_loss":0,"cards_obtained":["Doubt"]},{"damage_healed":0,"gold_gain":0,"player_choice":"Take Damage","damage_taken":18,"relics_obtained":["Golden Idol"],"max_hp_gain":0,"max_hp_loss":0,"event_name":"Golden Idol","floor":5,"gold_loss":0},{"damage_healed":0,"gold_gain":0,"player_choice":"Searched \u00272\u0027 times","damage_taken":0,"max_hp_gain":0,"max_hp_loss":0,"event_name":"Dead Adventurer","floor":12,"gold_loss":0}],"is_beta":false,"boss_relics":[{"not_picked":["VioletLotus","Empty Cage"],"picked":"SlaversCollar"}],"items_purged_floors":[],"is_endless":false,"potions_floor_spawned":[4,8,10,13,16,19],"killed_by":"Centurion and Healer","ascension_level":1}}