{"host":"ilo0sg5cl3zcnqwd","time":1614436104,"event":{"mods":["BaseMod","Downfall","Minty Spire (QoL Compilation)","StSLib"],"gold_per_floor":[99,115,132,142,153,153,235,247,275,275,287,305,305,338,349,445,445,445,461,472,491,235,235,235,235,235,335,335,364,276,321,351,460,472,484,509,537,565,594,606,644,556,613,638,670,682,694,825,845,845],"floor_reached":51,"language":"ENG","playtime":2191,"items_purged":[],"score":838,"play_id":"46438008-7bce-412d-8671-463b2a0a0642","local_time":"20210227142824","is_ascension_mode":true,"campfire_choices":[{"data":"champ:Taunt","floor":1,"key":"SMITH"},{"data":"champ:PerfectedStrike","floor":6,"key":"SMITH"},{"data":"champ:BladeFlurry","floor":10,"key":"SMITH"},{"data":"champ:PerfectedStrike","floor":13,"key":"SMITH"},{"data":"champ:StrikeOfGenius","floor":18,"key":"SMITH"},{"data":"champ:StanceDance","floor":23,"key":"SMITH"},{"floor":25,"key":"RECALL"},{"data":"champ:Lariat","floor":30,"key":"SMITH"},{"data":"champ:StrikeOfGenius","floor":35,"key":"SMITH"},{"data":"champ:EnGarde","floor":42,"key":"SMITH"},{"data":"champ:RageSigil","floor":47,"key":"SMITH"}],"circlet_count":0,"master_deck":["champ:Strike+1","champ:Strike+1","champ:Strike+1","champ:Strike+1","champ:Defend+1","champ:Defend+1","champ:Defend+1","champ:Execute","champ:Taunt+1","champ:PerfectedStrike+1","champ:BladeFlurry+1","champ:CrookedStrike","champ:StrikeOfGenius+1","champ:PerfectedStrike+1","champ:StanceDance+1","champ:Lariat+1","champ:BladeFlurry","Violence","champ:EnGarde+1","champ:PerfectedStrike+1","champ:StrikeOfGenius+1","champ:RageSigil+1","champ:FlashCut","champ:RapidStrikes+1","champ:StanceDance","Mayhem"],"relics":["champ:ChampionCrown","Eternal Feather","Vajra","Bottled Tornado","SlaversCollar","Membership Card","Question Card","MawBank","downfall:HeartBlessingRed","Sundial","Busted Crown","downfall:HeartBlessingBlue","FossilizedHelix","Lantern"],"acts_visited":["Exordium","TheCity","TheBeyond"],"potions_floor_usage":[],"damage_taken":[{"damage":29,"enemies":"Jaw Worm","floor":2,"turns":6},{"damage":0,"enemies":"2 Louse","floor":3,"turns":3},{"damage":12,"enemies":"Small Slimes","floor":4,"turns":4},{"damage":7,"enemies":"3 Louse","floor":5,"turns":4},{"damage":0,"enemies":"Large Slime","floor":8,"turns":3},{"damage":26,"enemies":"Lagavulin","floor":9,"turns":6},{"damage":4,"enemies":"2 Fungi Beasts","floor":11,"turns":2},{"damage":3,"enemies":"Exordium Wildlife","floor":12,"turns":3},{"damage":2,"enemies":"Gremlin Nob","floor":14,"turns":3},{"damage":11,"enemies":"Gremlin Gang","floor":15,"turns":3},{"damage":26,"enemies":"IC_STATUS_ARCHETYPE","floor":16,"turns":5},{"damage":6,"enemies":"3 Byrds","floor":19,"turns":4},{"damage":10,"enemies":"Chosen","floor":20,"turns":3},{"damage":0,"enemies":"Snecko","floor":21,"turns":3},{"damage":0,"enemies":"downfall:FleeingMerchant","floor":22,"turns":4},{"damage":13,"enemies":"Book of Stabbing","floor":29,"turns":4},{"damage":14,"enemies":"Slavers","floor":31,"turns":3},{"damage":13,"enemies":"Snake Plant","floor":32,"turns":3},{"damage":27,"enemies":"DF_ARCHETYPE_CLAW","floor":33,"turns":6},{"damage":0,"enemies":"3 Darklings","floor":36,"turns":3},{"damage":10,"enemies":"3 Shapes","floor":37,"turns":3},{"damage":2,"enemies":"Writhing Mass","floor":38,"turns":5},{"damage":30,"enemies":"Transient","floor":39,"turns":5},{"damage":4,"enemies":"2 Orb Walkers","floor":43,"turns":3},{"damage":0,"enemies":"Sphere and 2 Shapes","floor":44,"turns":2},{"damage":1,"enemies":"4 Shapes","floor":45,"turns":5},{"damage":0,"enemies":"downfall:FleeingMerchant","floor":48,"turns":3},{"damage":7,"enemies":"Spire Growth","floor":49,"turns":4},{"damage":3,"enemies":"SI_POISON_ARCHETYPE","floor":50,"turns":6}],"seed_played":"828646392013071028","potions_obtained":[{"floor":2,"key":"Block Potion"},{"floor":5,"key":"Block Potion"},{"floor":8,"key":"Energy Potion"},{"floor":14,"key":"LiquidMemories"},{"floor":26,"key":"CultistPotion"}],"is_trial":false,"path_per_floor":["R","M","M","M","M","R","T","M","E","R","M","M","R","E","M","B",null,"R","M","M","M","$","R","T","R","?","?","?","E","R","E","M","B",null,"R","M","M","M","M","?","T","R","?","M","M","?","R","$","M","B",null],"character_chosen":"THE_CHAMP","items_purchased":["Membership Card","Violence","Lantern","champ:StanceDance","Mayhem"],"campfire_rested":0,"item_purchase_floors":[22,22,48,48,48],"current_hp_per_floor":[99,95,95,93,86,86,86,86,60,66,62,59,68,66,55,44,99,99,93,83,83,83,92,92,99,99,99,99,86,95,81,68,41,99,99,99,99,97,87,87,87,109,105,105,104,104,109,109,102,106],"gold":845,"neow_bonus":"TEN_PERCENT_HP_BONUS","is_daily":false,"chose_seed":false,"campfire_upgraded":10,"win_rate":0.0,"timestamp":1614436104,"path_taken":["R","M","M","M","M","R","T","M","E","R","M","M","R","E","M","BOSS","R","M","M","M","$","R","T","R","?","?","?","E","R","E","M","BOSS","R","M","M","M","M","?","T","R","?","M","M","?","R","$","M","BOSS"],"items_purchased_type":["Relic","Card","Relic","Card","Card"],"build_version":"2020-12-22","purchased_purges":0,"victory":true,"max_hp_per_floor":[99,99,99,99,99,99,99,99,99,99,99,99,99,99,99,99,99,99,99,99,99,99,99,99,99,99,99,99,99,99,99,99,99,99,99,99,99,99,99,99,99,109,109,109,109,109,109,109,109,109],"card_choices":[{"not_picked":["champ:BladeFlurry","champ:GutPunch"],"picked":"champ:PerfectedStrike","floor":2},{"not_picked":["champ:FaceSlap","champ:ShieldSigil","champ:BerserkersShout"],"picked":"SKIP","floor":3},{"not_picked":["champ:CalledShot","champ:BerserkersShout","champ:FalseCounter"],"picked":"SKIP","floor":4},{"not_picked":["champ:SetATrap","champ:FalseCounter"],"picked":"champ:BladeFlurry","floor":5},{"not_picked":["champ:BerserkersShout","champ:ShieldWall"],"picked":"champ:CrookedStrike","floor":8},{"not_picked":["champ:Shatter","champ:PreciseThrust","champ:CalledShot"],"picked":"SKIP","floor":9},{"not_picked":["champ:DefensiveShout","champ:EndlessRage"],"picked":"champ:StrikeOfGenius","floor":11},{"not_picked":["champ:EnGarde","champ:FocusedBerserking"],"picked":"champ:PerfectedStrike","floor":12},{"not_picked":["champ:PreciseThrust","champ:DefensiveShout","champ:RapidStrikes"],"picked":"SKIP","floor":14},{"not_picked":["champ:PreciseThrust","champ:DefensiveShout","champ:RapidStrikes"],"picked":"SKIP","floor":14},{"not_picked":["champ:Haymaker","champ:Endure","champ:PreemptiveStrike"],"picked":"SKIP","floor":15},{"not_picked":["champ:IronFortress","champ:CrownThrow","champ:Shatter+1"],"picked":"SKIP","floor":19},{"not_picked":["champ:SetATrap","champ:BerserkersShout+1"],"picked":"champ:StanceDance","floor":20},{"not_picked":["champ:IronFortress","champ:ViciousMockery"],"picked":"champ:Lariat","floor":21},{"not_picked":["champ:PreciseThrust","champ:Haymaker"],"picked":"champ:BladeFlurry","floor":22},{"not_picked":["champ:Shatter","champ:ShieldSlam+1","champ:UltimateStance","champ:LastStand"],"picked":"SKIP","floor":29},{"not_picked":["champ:CrookedStrike","champ:Haymaker+1","champ:ShieldSigil+1"],"picked":"champ:EnGarde","floor":31},{"not_picked":["champ:PreciseThrust","champ:EnGarde","champ:CrownThrow"],"picked":"champ:PerfectedStrike+1","floor":32},{"not_picked":["champ:DancingMaster","champ:MurderStrike","champ:HeavySlash"],"picked":"champ:StrikeOfGenius","floor":33},{"not_picked":["champ:IronFortress+1","champ:CrownThrow+1"],"picked":"SKIP","floor":36},{"not_picked":["champ:FaceSlap+1"],"picked":"champ:RageSigil","floor":37},{"not_picked":["champ:EnragedBash"],"picked":"champ:FlashCut","floor":38},{"not_picked":["champ:FanOfKnives+1"],"picked":"champ:RapidStrikes+1","floor":39},{"not_picked":["champ:EnragedBash","champ:RapidStrikes"],"picked":"SKIP","floor":44},{"not_picked":["champ:FancyFootwork+1","champ:DeathBlow"],"picked":"SKIP","floor":45},{"not_picked":["champ:Encircle+1","champ:DefensiveStyle"],"picked":"SKIP","floor":48},{"not_picked":["champ:BringItOn+1","champ:FalseCounter+1"],"picked":"SKIP","floor":49}],"player_experience":314227,"relics_obtained":[{"floor":7,"key":"Eternal Feather"},{"floor":9,"key":"Vajra"},{"floor":14,"key":"Bottled Tornado"},{"floor":24,"key":"Question Card"},{"floor":29,"key":"MawBank"},{"floor":31,"key":"Sundial"},{"floor":43,"key":"FossilizedHelix"}],"event_choices":[{"damage_healed":0,"gold_gain":0,"player_choice":"Fight","damage_taken":0,"max_hp_gain":0,"max_hp_loss":0,"event_name":"Mysterious Sphere","floor":43,"gold_loss":0},{"cards_removed":["champ:Defend"],"damage_healed":0,"gold_gain":0,"player_choice":"Removed Skill","damage_taken":0,"max_hp_gain":0,"max_hp_loss":0,"event_name":"Falling","floor":46,"gold_loss":0}],"is_beta":false,"boss_relics":[{"not_picked":["Tiny House","Black Star"],"picked":"SlaversCollar"},{"not_picked":["Pandora\u0027s Box","Fusion Hammer"],"picked":"Busted Crown"}],"items_purged_floors":[],"is_endless":false,"potions_floor_spawned":[2,5,8,14,16,20,29,31,32,33,36,37,39,44],"ascension_level":1}}