{"host":"gzz35fplm60aw28t","time":1614431937,"event":{"mods":["AchievementEnabler","BaseMod","ChefMod","Colored Powertips","Dark Map","DeckTracker","Minty Spire (QoL Compilation)","StSLib","SuperFastMode"],"gold_per_floor":[119,137,212,162,162,162,187,200,200,200,239,26,26,54,54,154,163,191,203,203,203,223,223,223],"floor_reached":23,"language":"ENG","playtime":1653,"items_purged":[],"score":197,"play_id":"b0808cab-5bda-4fb1-a115-80ab7cf99a1f","local_time":"20210227141857","is_ascension_mode":false,"campfire_choices":[{"data":"chefmod:DimSum","floor":6,"key":"SMITH"},{"data":"chefmod:Sorbet","floor":13,"key":"SMITH"},{"floor":15,"key":"REST"}],"circlet_count":0,"master_deck":["chefmod:Strike","chefmod:Strike","chefmod:Strike","chefmod:Strike+1","chefmod:Defend","chefmod:Defend","chefmod:Defend","chefmod:Defend","chefmod:TodaysSpecial","chefmod:FireUp","chefmod:DimSum+1","chefmod:Bruschetta+1","chefmod:FireUp","chefmod:Sorbet+1","chefmod:FreshProduce","chefmod:CandyBowl","CurseOfTheBell","chefmod:Ratatouille","chefmod:DimSum"],"relics":["chefmod:TrustyPot","Mummified Hand","CeramicFish","Ice Cream","Odd Mushroom","Medical Kit","Peace Pipe","Calling Bell","Nunchaku","Kunai","chefmod:Spatula","The Courier","CultistMask"],"acts_visited":["Exordium","TheCity"],"potions_floor_usage":[16,23,23],"damage_taken":[{"damage":0,"enemies":"Jaw Worm","floor":1,"turns":2},{"damage":0,"enemies":"2 Louse","floor":2,"turns":2},{"damage":5,"enemies":"Lagavulin","floor":7,"turns":7},{"damage":0,"enemies":"Small Slimes","floor":8,"turns":2},{"damage":8,"enemies":"The Mushroom Lair","floor":11,"turns":3},{"damage":12,"enemies":"3 Sentries","floor":14,"turns":8},{"damage":4,"enemies":"Hexaghost","floor":16,"turns":9},{"damage":0,"enemies":"Chosen","floor":18,"turns":4},{"damage":31,"enemies":"3 Byrds","floor":19,"turns":8},{"damage":41,"enemies":"3 Cultists","floor":22,"turns":7},{"damage":6,"enemies":"Book of Stabbing","floor":23,"turns":2}],"seed_played":"-2315823698746866052","potions_obtained":[{"floor":2,"key":"Ancient Potion"},{"floor":7,"key":"DistilledChaos"},{"floor":14,"key":"EssenceOfSteel"},{"floor":16,"key":"ColorlessPotion"}],"is_trial":false,"path_per_floor":["M","M","?","?","?","R","E","M","T","T","?","$","R","E","R","B",null,"M","M","?","?","M","E"],"character_chosen":"THE_CHEF","items_purchased":["Medical Kit","chefmod:CandyBowl"],"campfire_rested":1,"item_purchase_floors":[12,12],"current_hp_per_floor":[76,76,65,65,50,50,45,45,45,45,37,37,37,25,47,43,76,76,45,45,45,4,0,0],"gold":223,"neow_bonus":"THREE_CARDS","is_daily":false,"chose_seed":false,"campfire_upgraded":2,"win_rate":0.0,"timestamp":1614431937,"path_taken":["M","M","?","?","?","R","E","M","T","?","?","?","R","E","R","BOSS","M","?","?","?","?","E"],"items_purchased_type":["Relic","Card"],"build_version":"2020-12-22","purchased_purges":0,"victory":false,"max_hp_per_floor":[76,76,76,76,76,76,76,76,76,76,76,76,76,76,76,76,76,76,76,76,76,76,76,76],"card_choices":[{"not_picked":["chefmod:HotSoup","chefmod:Leftovers"],"picked":"chefmod:FireUp","floor":0},{"not_picked":["chefmod:BaoBuns","chefmod:LiquidNitrogen"],"picked":"chefmod:DimSum","floor":1},{"not_picked":["chefmod:NewMenu","chefmod:SpaghettiCarbonara"],"picked":"chefmod:Bruschetta","floor":2},{"not_picked":["chefmod:SliceAndDice","chefmod:OldCookbook"],"picked":"chefmod:FireUp","floor":7},{"not_picked":["chefmod:ZaruSoba","chefmod:Chop"],"picked":"chefmod:Sorbet","floor":8},{"not_picked":["chefmod:DoubleChop","chefmod:OldCookbook"],"picked":"chefmod:FreshProduce","floor":11},{"not_picked":["chefmod:Sorbet","chefmod:Granita","chefmod:Chop"],"picked":"SKIP","floor":14},{"not_picked":["chefmod:VegetableTart+1","chefmod:LocoMoco"],"picked":"chefmod:Ratatouille","floor":18},{"not_picked":["chefmod:NoSoupForYou","chefmod:ColdSteel","chefmod:BaoBuns"],"picked":"SKIP","floor":19},{"not_picked":["chefmod:ColdSteel","chefmod:HotSoup+1"],"picked":"chefmod:DimSum","floor":22}],"player_experience":93373,"relics_obtained":[{"floor":7,"key":"Mummified Hand"},{"floor":9,"key":"CeramicFish"},{"floor":10,"key":"Ice Cream"},{"floor":11,"key":"Odd Mushroom"},{"floor":14,"key":"Peace Pipe"},{"floor":17,"key":"Nunchaku"},{"floor":17,"key":"Kunai"},{"floor":17,"key":"chefmod:Spatula"}],"event_choices":[{"damage_healed":0,"gold_gain":75,"player_choice":"Gather Gold","damage_taken":11,"max_hp_gain":0,"max_hp_loss":0,"event_name":"World of Goop","floor":3,"gold_loss":0},{"cards_removed":["chefmod:QuickThaw"],"damage_healed":0,"gold_gain":0,"player_choice":"Card Removal","damage_taken":0,"max_hp_gain":0,"max_hp_loss":0,"event_name":"The Cleric","floor":4,"gold_loss":50},{"damage_healed":0,"gold_gain":0,"player_choice":"Entered Light","damage_taken":15,"max_hp_gain":0,"max_hp_loss":0,"event_name":"Shining Light","floor":5,"gold_loss":0,"cards_upgraded":["chefmod:Bruschetta","chefmod:Strike"]},{"damage_healed":0,"gold_gain":0,"player_choice":"Fought Mushrooms","damage_taken":0,"max_hp_gain":0,"max_hp_loss":0,"event_name":"Mushrooms","floor":11,"gold_loss":0},{"damage_healed":0,"gold_gain":0,"player_choice":"Opened","damage_taken":0,"relics_obtained":["The Courier"],"max_hp_gain":0,"max_hp_loss":0,"event_name":"The Mausoleum","floor":20,"gold_loss":0},{"damage_healed":0,"gold_gain":0,"player_choice":"Trade","damage_taken":0,"relics_obtained":["CultistMask"],"max_hp_gain":0,"max_hp_loss":0,"event_name":"FaceTrader","floor":21,"gold_loss":0}],"is_beta":false,"boss_relics":[{"not_picked":["Pandora\u0027s Box","Empty Cage"],"picked":"Calling Bell"}],"items_purged_floors":[],"is_endless":false,"potions_floor_spawned":[2,7,14,16,22],"killed_by":"Book of Stabbing","ascension_level":0}}