{"host":"jjunaul04msmo6r1","time":1614441296,"event":{"mods":["BaseMod","Better Third Choice","Booster Modes","Colored Map","Downfall","Minty Spire (QoL Compilation)","Relic Stats","StSLib","UnlockEverythingMod","everything is the same but u backflip on backflip"],"gold_per_floor":[99,115,129,147,159,185,185,196,212,238,258,288,88,112,127,228,228,228,244,255,54,54,82,157,188,188,198,98,132,132,165,180,285,285,285,295,222,240,250,250,250,283,299,327,345,374,389,408,427,427,427,454,56,56,56,56],"floor_reached":57,"language":"ENG","playtime":9191,"items_purged":["hexamod:Defend","downfall:Aged"],"score":1686,"play_id":"7257f758-5440-493c-9de7-8306c4cf3edf","local_time":"20210227085456","is_ascension_mode":true,"campfire_choices":[{"data":"hexamod:Float","floor":1,"key":"SMITH"},{"floor":13,"key":"REST"},{"data":"hexamod:GiftsFromTheDead","floor":18,"key":"SMITH"},{"floor":26,"key":"RECALL"},{"data":"hexamod:GhostflameBarrier","floor":28,"key":"SMITH"},{"data":"hexamod:GiftsFromTheDead","floor":35,"key":"SMITH"},{"data":"hexamod:Hexaguard","floor":54,"key":"SMITH"}],"circlet_count":0,"master_deck":["hexamod:Strike+1","hexamod:Strike+1","hexamod:Strike","hexamod:Defend","hexamod:Defend","hexamod:Sear","hexamod:Float+1","hexamod:UnleashSpirits","hexamod:ShieldOfDarkness","hexamod:SpectersWail","hexamod:FastForward","hexamod:SwordOfDarkness","hexamod:FastForward","hexamod:GhostLash","hexamod:DynamicBlow","hexamod:ChargedBarrage","hexamod:GhostflameBarrier+1","hexamod:FirstSeal","hexamod:BurningTouch","hexamod:StepThrough","hexamod:GiftsFromTheDead+1","hexamod:AdvancingGuard","hexamod:Hexaguard+1","hexamod:GhostLash","hexamod:EtherealExpedition","RitualDagger","hexamod:GhostShield","hexamod:GhostShield+1","hexamod:FlamesFromBeyond+1","hexamod:ApocalypseNow+1","hexamod:GiftsFromTheDead+1","hexamod:ThirdSeal","hexamod:FirstSeal","hexamod:NecessarySacrifice+1","hexamod:ThirdSeal","hexamod:PowerFromBeyond+1","hexamod:UnlimitedPower+1","hexamod:PowerFromBeyond+1","hexamod:Hexaguard+1","hexamod:NightmareGuise+1","hexamod:ApocalypticArmor","hexamod:Hexaguard+1","hexamod:EtherealExpedition+1"],"relics":["hexamod:SpiritBrand","Happy Flower","Mummified Hand","Omamori","downfall:HeartBlessingGreen","downfall:HeartBlessingBlue","Odd Mushroom","Calling Bell","Vajra","Kunai","Dead Branch","hexamod:BolsterEngine","Ornamental Fan","Toxic Egg 2","Shuriken","downfall:HeartBlessingRed","Mango","Pear","Bag of Preparation","Cursed Key","champ:DeflectingBracers","Gremlin Horn","Whetstone","hexamod:InflammatoryLetter","hexamod:SoulOfChaos","Bird Faced Urn","Bronze Scales","Nunchaku"],"acts_visited":["Exordium","TheCity","TheBeyond","TheEnding"],"potions_floor_usage":[12,12,15,16],"damage_taken":[{"damage":1,"enemies":"Cultist","floor":2,"turns":3},{"damage":0,"enemies":"2 Louse","floor":3,"turns":3},{"damage":3,"enemies":"Jaw Worm","floor":4,"turns":3},{"damage":2,"enemies":"Blue Slaver","floor":5,"turns":3},{"damage":9,"enemies":"3 Sentries","floor":6,"turns":6},{"damage":19,"enemies":"Exordium Thugs","floor":8,"turns":4},{"damage":3,"enemies":"Gremlin Gang","floor":9,"turns":2},{"damage":25,"enemies":"Lagavulin","floor":10,"turns":6},{"damage":0,"enemies":"2 Fungi Beasts","floor":11,"turns":2},{"damage":1,"enemies":"3 Sentries","floor":12,"turns":7},{"damage":21,"enemies":"The Mushroom Lair","floor":14,"turns":4},{"damage":0,"enemies":"Exordium Thugs","floor":15,"turns":3},{"damage":3,"enemies":"IC_STATUS_ARCHETYPE","floor":16,"turns":6},{"damage":0,"enemies":"Spheric Guardian","floor":19,"turns":4},{"damage":2,"enemies":"downfall:LooterAlt2","floor":20,"turns":4},{"damage":0,"enemies":"downfall:FleeingMerchant","floor":21,"turns":4},{"damage":22,"enemies":"Slavers","floor":23,"turns":5},{"damage":0,"enemies":"Gremlin Leader","floor":25,"turns":4},{"damage":1,"enemies":"Cultist and Chosen","floor":27,"turns":6},{"damage":12,"enemies":"Slavers","floor":29,"turns":7},{"damage":0,"enemies":"Gremlin Leader","floor":31,"turns":6},{"damage":4,"enemies":"3 Cultists","floor":32,"turns":5},{"damage":36,"enemies":"SI_MIRROR_ARCHETYPE","floor":33,"turns":10},{"damage":5,"enemies":"3 Shapes","floor":36,"turns":4},{"damage":0,"enemies":"downfall:FleeingMerchant","floor":37,"turns":4},{"damage":2,"enemies":"3 Darklings","floor":38,"turns":3},{"damage":8,"enemies":"Writhing Mass","floor":39,"turns":3},{"damage":0,"enemies":"Nemesis","floor":42,"turns":3},{"damage":0,"enemies":"Transient","floor":43,"turns":5},{"damage":6,"enemies":"Reptomancer","floor":44,"turns":3},{"damage":7,"enemies":"Spire Growth","floor":45,"turns":3},{"damage":3,"enemies":"Giant Head","floor":46,"turns":5},{"damage":4,"enemies":"Writhing Mass","floor":47,"turns":3},{"damage":4,"enemies":"3 Darklings","floor":48,"turns":4},{"damage":11,"enemies":"Spire Growth","floor":49,"turns":4},{"damage":9,"enemies":"DF_ARCHETYPE_ORBS","floor":50,"turns":6},{"damage":0,"enemies":"downfall:CharBossMerchant","floor":52,"turns":5},{"damage":0,"enemies":"downfall:NeowBoss","floor":55,"turns":8},{"damage":0,"enemies":"downfall:NeowBossFinal","floor":56,"turns":5}],"seed_played":"4357060341587534014","potions_obtained":[{"floor":2,"key":"BlessingOfTheForge"},{"floor":3,"key":"SteroidPotion"},{"floor":10,"key":"Energy Potion"},{"floor":14,"key":"hexamod:EctoCoolerPotion"},{"floor":15,"key":"Guardian:BlockOnCardUsePotion"},{"floor":16,"key":"DuplicationPotion"},{"floor":23,"key":"SkillPotion"},{"floor":32,"key":"FairyPotion"}],"is_trial":false,"path_per_floor":["R","M","M","M","M","E","T","M","M","E","M","E","R","?","M","B",null,"R","M","M","$","?","E","T","E","R","M","R","E","?","E","M","B",null,"R","M","$","M","M","?","T","E","M","E","M","E","M","M","M","B",null,"E","$","R","B","B",null],"character_chosen":"THE_SPIRIT","items_purchased":["hexamod:EtherealExpedition","hexamod:BolsterEngine","champ:DeflectingBracers","Bronze Scales","Nunchaku"],"campfire_rested":1,"item_purchase_floors":[21,21,37,53,53],"current_hp_per_floor":[70,69,69,66,64,55,55,36,33,8,8,7,41,27,34,38,80,80,80,80,80,74,59,59,59,59,65,65,74,84,91,94,65,104,104,104,104,102,104,104,104,104,104,104,104,104,104,104,100,104,104,104,104,104,104,104],"gold":56,"neow_bonus":"TRANSFORM_CARD","is_daily":false,"chose_seed":false,"campfire_upgraded":5,"win_rate":0.0,"timestamp":1614441296,"path_taken":["R","M","M","M","M","E","T","?","M","E","?","E","R","?","M","BOSS","R","M","M","$","?","E","T","E","R","M","R","E","?","E","M","BOSS","R","M","$","M","M","?","T","E","M","E","M","E","M","?","M","BOSS","E","$","R","BOSS","BOSS"],"items_purchased_type":["Card","Relic","Relic","Relic","Relic"],"build_version":"2020-12-22","purchased_purges":2,"victory":true,"max_hp_per_floor":[70,70,70,70,70,70,70,70,70,70,70,70,80,80,80,80,80,80,80,80,80,80,80,80,80,80,80,80,94,104,104,104,104,104,104,104,104,104,104,104,104,104,104,104,104,104,104,104,104,104,104,104,104,104,104,104],"relic_stats":{"Happy Flower":[52],"Gremlin Horn":[8,8],"counters":[39,174],"Dead Branch":[302],"Bag of Preparation":[36],"Whetstone":["hexamod:Strike","hexamod:Strike"],"Cursed Key":1,"Nunchaku":[3],"Mummified Hand":[105],"Ornamental Fan":[164],"Shuriken":[39],"Bird Faced Urn":[0],"Bronze Scales":[27],"Kunai":[44],"obtain_stats":[{"Gremlin Horn":41,"Vajra":17,"downfall:HeartBlessingGreen":13,"Mango":29,"Bag of Preparation":31,"Whetstone":42,"Cursed Key":34,"Nunchaku":53,"Mummified Hand":10,"downfall:HeartBlessingBlue":13,"hexamod:SoulOfChaos":46,"Kunai":17,"Toxic Egg 2":24,"hexamod:SpiritBrand":0,"Pear":30,"Happy Flower":6,"downfall:HeartBlessingRed":28,"Dead Branch":17,"champ:DeflectingBracers":37,"hexamod:InflammatoryLetter":44,"Omamori":12,"Odd Mushroom":14,"Calling Bell":17,"Ornamental Fan":23,"Shuriken":25,"Bird Faced Urn":52,"Bronze Scales":53,"hexamod:BolsterEngine":21},{"Gremlin Horn":27,"Vajra":13,"downfall:HeartBlessingGreen":10,"Mango":20,"Bag of Preparation":21,"Whetstone":28,"Cursed Key":23,"Nunchaku":37,"Mummified Hand":8,"downfall:HeartBlessingBlue":10,"hexamod:SoulOfChaos":32,"Kunai":13,"Toxic Egg 2":17,"hexamod:SpiritBrand":0,"Pear":20,"Happy Flower":5,"downfall:HeartBlessingRed":19,"Dead Branch":13,"champ:DeflectingBracers":25,"hexamod:InflammatoryLetter":30,"Omamori":10,"Odd Mushroom":11,"Calling Bell":13,"Ornamental Fan":17,"Shuriken":18,"Bird Faced Urn":37,"Bronze Scales":37,"hexamod:BolsterEngine":16},{"Gremlin Horn":120,"Vajra":52,"downfall:HeartBlessingGreen":39,"Mango":86,"Bag of Preparation":92,"Whetstone":123,"Cursed Key":106,"Nunchaku":161,"Mummified Hand":30,"downfall:HeartBlessingBlue":39,"hexamod:SoulOfChaos":139,"Kunai":52,"Toxic Egg 2":69,"hexamod:SpiritBrand":0,"Pear":86,"Happy Flower":18,"downfall:HeartBlessingRed":79,"Dead Branch":52,"champ:DeflectingBracers":114,"hexamod:InflammatoryLetter":131,"Omamori":39,"Odd Mushroom":43,"Calling Bell":52,"Ornamental Fan":69,"Shuriken":73,"Bird Faced Urn":161,"Bronze Scales":161,"hexamod:BolsterEngine":64}]},"card_choices":[{"not_picked":["hexamod:PhantomCloak","hexamod:GhostOfSpirePast"],"picked":"hexamod:ShieldOfDarkness","floor":2},{"not_picked":["hexamod:InspiringFlames","hexamod:SpectralSpark"],"picked":"hexamod:SpectersWail","floor":3},{"not_picked":["hexamod:SpectersWail","hexamod:HeatMetal"],"picked":"hexamod:FastForward","floor":4},{"not_picked":["hexamod:SpectersWail","hexamod:ShieldOfDarkness"],"picked":"hexamod:SwordOfDarkness","floor":5},{"not_picked":["hexamod:InspiringFlames","hexamod:NightmareStrike"],"picked":"hexamod:FastForward","floor":6},{"not_picked":["hexamod:FastForward","hexamod:BacktrackSmack"],"picked":"hexamod:GhostLash","floor":8},{"not_picked":["hexamod:PhantomFireball","hexamod:ChargedBarrage"],"picked":"hexamod:DynamicBlow","floor":9},{"not_picked":["hexamod:NecessarySacrifice","hexamod:HeatMetal"],"picked":"hexamod:ChargedBarrage","floor":10},{"not_picked":["hexamod:UnleashSpirits","hexamod:SkipABeat"],"picked":"hexamod:GhostflameBarrier","floor":11},{"not_picked":["hexamod:HauntingEcho","hexamod:HeatCrush"],"picked":"hexamod:FirstSeal","floor":12},{"not_picked":["hexamod:ShieldOfDarkness","hexamod:SuperheatedStrike"],"picked":"hexamod:BurningTouch","floor":14},{"not_picked":["hexamod:RainOfEmbers","hexamod:HeatShield"],"picked":"hexamod:StepThrough","floor":15},{"not_picked":["hexamod:HexaLevel","hexamod:VolcanoVisage"],"picked":"hexamod:GiftsFromTheDead","floor":16},{"not_picked":["hexamod:Incineration","hexamod:EmpoweredFlame+1"],"picked":"hexamod:AdvancingGuard","floor":19},{"not_picked":["hexamod:InspiringFlames","hexamod:Firestarter"],"picked":"hexamod:Hexaguard","floor":20},{"not_picked":["hexamod:UnleashSpirits","hexamod:SuperheatedStrike"],"picked":"hexamod:GhostLash","floor":21},{"not_picked":["hexamod:HeatCrush","hexamod:DynamicBlow"],"picked":"hexamod:GhostShield","floor":23},{"not_picked":["hexamod:GhostLash","hexamod:HauntingEcho"],"picked":"hexamod:GhostShield+1","floor":25},{"not_picked":["hexamod:GhostShield+1","hexamod:InspiringFlames+1"],"picked":"hexamod:FlamesFromBeyond+1","floor":27},{"not_picked":["hexamod:SuperheatedStrike","hexamod:SecondSeal"],"picked":"hexamod:ApocalypseNow+1","floor":29},{"not_picked":["hexamod:RainOfEmbers","hexamod:HeatShield+1","hexamod:FastForward+1"],"picked":"SKIP","floor":31},{"not_picked":["hexamod:BacktrackSmack+1","hexamod:Firestarter+1","hexamod:SpectralSpark+1"],"picked":"SKIP","floor":32},{"not_picked":["hexamod:VolcanoVisage","hexamod:ApocalypticArmor"],"picked":"hexamod:GiftsFromTheDead","floor":33},{"not_picked":["hexamod:PowerFromBeyond+1","hexamod:BacktrackSmack"],"picked":"hexamod:ThirdSeal","floor":36},{"not_picked":["hexamod:ShieldOfDarkness+1","hexamod:PhantomFireball"],"picked":"hexamod:FirstSeal","floor":37},{"not_picked":["hexamod:ShieldOfDarkness+1","hexamod:RetreatToShadows+1","hexamod:SpectralSpark+1"],"picked":"SKIP","floor":37},{"not_picked":["hexamod:CatchUp+1","hexamod:SpectersWail"],"picked":"hexamod:NecessarySacrifice+1","floor":38},{"not_picked":["hexamod:BurningTouch+1","hexamod:SuperheatedStrike","hexamod:BacktrackSmack+1"],"picked":"SKIP","floor":39},{"not_picked":["hexamod:InspiringFlames+1","hexamod:Firestarter+1","hexamod:BacktrackSmack"],"picked":"SKIP","floor":39},{"not_picked":["hexamod:FlamesFromBeyond+1","hexamod:GhostOfSpirePast+1","hexamod:GhostOfSpirePresent"],"picked":"SKIP","floor":42},{"not_picked":["hexamod:AdvancingGuard+1","hexamod:FirstSeal"],"picked":"hexamod:PowerFromBeyond+1","floor":43},{"not_picked":["hexamod:RetreatToShadows+1","hexamod:SpectersWail","hexamod:HeatMetal+1"],"picked":"SKIP","floor":43},{"not_picked":["hexamod:ThirdSeal","hexamod:ShieldOfDarkness+1","hexamod:BacktrackSmack+1"],"picked":"SKIP","floor":43},{"not_picked":["hexamod:GhostLash","hexamod:FastForward+1"],"picked":"hexamod:UnlimitedPower+1","floor":44},{"not_picked":["hexamod:AdvancingGuard+1","hexamod:ThermalTransfer+1","hexamod:ThirdSeal"],"picked":"SKIP","floor":44},{"not_picked":["hexamod:BacktrackSmack+1","hexamod:GhostLash","hexamod:BurningTouch+1"],"picked":"SKIP","floor":44},{"not_picked":["hexamod:ShieldOfDarkness+1","hexamod:AdvancingGuard+1","hexamod:FastForward+1"],"picked":"SKIP","floor":45},{"not_picked":["hexamod:StepThrough+1","hexamod:Firestarter+1"],"picked":"hexamod:PowerFromBeyond+1","floor":46},{"not_picked":["hexamod:RadiantFlame","hexamod:SpectralSpark+1","hexamod:ShieldOfDarkness+1"],"picked":"SKIP","floor":46},{"not_picked":["hexamod:CatchUp+1","hexamod:NightmareGuise+1"],"picked":"hexamod:Hexaguard+1","floor":47},{"not_picked":["hexamod:Hexaguard+1","hexamod:SpectralAdrenaline+1"],"picked":"hexamod:NightmareGuise+1","floor":48},{"not_picked":["hexamod:BacktrackSmack","hexamod:SuperheatedStrike+1","hexamod:GhostShield+1"],"picked":"SKIP","floor":48},{"not_picked":["hexamod:SkipABeat+1","hexamod:HeatCrush+1","hexamod:GhostOfSpireFuture"],"picked":"SKIP","floor":48},{"not_picked":["hexamod:GhostLash+1","hexamod:HauntingEcho"],"picked":"hexamod:ApocalypticArmor","floor":49},{"not_picked":["hexamod:NightmareGuise+1","hexamod:ThermalTransfer","hexamod:RadiantFlame"],"picked":"SKIP","floor":49},{"not_picked":["hexamod:RadiantFlame+1","hexamod:HauntingEcho"],"picked":"hexamod:Hexaguard+1","floor":52},{"not_picked":["hexamod:GhostOfSpirePresent","hexamod:FourthSeal"],"picked":"hexamod:EtherealExpedition+1","floor":52},{"not_picked":["hexamod:FlameSwitch+1","hexamod:AdvancingGuard+1","hexamod:FastForward+1"],"picked":"SKIP","floor":52}],"player_experience":666226,"relics_obtained":[{"floor":6,"key":"Happy Flower"},{"floor":10,"key":"Mummified Hand"},{"floor":12,"key":"Omamori"},{"floor":14,"key":"Odd Mushroom"},{"floor":17,"key":"Vajra"},{"floor":17,"key":"Kunai"},{"floor":17,"key":"Dead Branch"},{"floor":23,"key":"Ornamental Fan"},{"floor":24,"key":"Toxic Egg 2"},{"floor":25,"key":"Shuriken"},{"floor":29,"key":"Mango"},{"floor":31,"key":"Bag of Preparation"},{"floor":41,"key":"Gremlin Horn"},{"floor":42,"key":"Whetstone"},{"floor":44,"key":"hexamod:InflammatoryLetter"},{"floor":46,"key":"hexamod:SoulOfChaos"},{"floor":52,"key":"Bird Faced Urn"}],"event_choices":[{"damage_healed":0,"gold_gain":0,"player_choice":"Fought Mushrooms","damage_taken":0,"max_hp_gain":0,"max_hp_loss":0,"event_name":"Mushrooms","floor":14,"gold_loss":0}],"is_beta":false,"boss_relics":[{"not_picked":["Black Star","sneckomod:SneckoTalon"],"picked":"Calling Bell"},{"not_picked":["Fusion Hammer","Runic Pyramid"],"picked":"Cursed Key"}],"items_purged_floors":[37,53],"is_endless":false,"potions_floor_spawned":[2,3,10,14,15,16,23,25,32,36,38,43,44,47,48,49],"ascension_level":1}}