{"host":"e1pm3b7xpcm97e5w","time":1614390982,"event":{"mods":["BaseMod","Better Skull","Googly Eyes","Minty Spire (QoL Compilation)","Relic Stats","Shop Mod","Spicy Shops","StSLib"],"gold_per_floor":[116,130,145,160,173,173,201,251,251,270,270,11,11,11,11,84,84,94,106,156,156,26,26,42,42,65,83,116,136,162,87,87,87,87],"floor_reached":33,"language":"ENG","playtime":1091,"items_purged":[],"score":502,"play_id":"299eda06-9a8e-49b2-8e2c-cca2119649ce","local_time":"20210226205622","is_ascension_mode":true,"campfire_choices":[{"data":"Vault","floor":6.0,"key":"SMITH"},{"floor":11.0,"key":"REST"},{"data":"1","floor":15.0,"key":"LIFT"},{"data":"2","floor":23,"key":"LIFT"},{"floor":25,"key":"REST"},{"data":"WindmillStrike","floor":32,"key":"SMITH"}],"circlet_count":0,"master_deck":["AscendersBane","Strike_P","Strike_P","Strike_P","Defend_P","Defend_P","Defend_P","Defend_P","Eruption+1","Vigilance","TalkToTheHand+1","BowlingBash","ThirdEye","Vault+1","PathToVictory","JustLucky","Protect","Wallop","Tantrum","Scrawl","EmptyFist","CutThroughFate","WindmillStrike+1"],"relics":["PureWater","Girya","Pantograph","Membership Card","Juzu Bracelet","Busted Crown","Shuriken","Damaru","Mango","Bottled Flame"],"acts_visited":["Exordium","TheCity"],"potions_floor_usage":[33],"damage_taken":[{"damage":0.0,"enemies":"Cultist","floor":1.0,"turns":2.0},{"damage":7.0,"enemies":"2 Louse","floor":2.0,"turns":3.0},{"damage":4.0,"enemies":"Jaw Worm","floor":3.0,"turns":5.0},{"damage":0.0,"enemies":"2 Fungi Beasts","floor":4.0,"turns":3.0},{"damage":2.0,"enemies":"Lots of Slimes","floor":5.0,"turns":4.0},{"damage":42.0,"enemies":"Lagavulin","floor":7.0,"turns":11.0},{"damage":2.0,"enemies":"Large Slime","floor":10.0,"turns":4.0},{"damage":21.0,"enemies":"Hexaghost","floor":16.0,"turns":8.0},{"damage":0,"enemies":"3 Byrds","floor":18,"turns":4},{"damage":1,"enemies":"Spheric Guardian","floor":19,"turns":3},{"damage":27,"enemies":"Shelled Parasite and Fungi","floor":24,"turns":3},{"damage":0,"enemies":"Cultist and Chosen","floor":27,"turns":5},{"damage":16,"enemies":"Gremlin Leader","floor":28,"turns":7},{"damage":0,"enemies":"Snecko","floor":29,"turns":2},{"damage":6,"enemies":"Book of Stabbing","floor":30,"turns":3},{"damage":68,"enemies":"Automaton","floor":33,"turns":7}],"seed_played":"-8429588035549028547","potions_obtained":[{"floor":1.0,"key":"DistilledChaos"},{"floor":4.0,"key":"GamblersBrew"},{"floor":7.0,"key":"Weak Potion"},{"floor":14.0,"key":"SteroidPotion"},{"floor":14.0,"key":"SpeedPotion"},{"floor":16.0,"key":"Strength Potion"},{"floor":28,"key":"StancePotion"}],"is_trial":false,"path_per_floor":["M","M","M","M","M","R","E","?","T","M","R","$","?","?","R","B",null,"M","M","?","?","$","R","M","R","T","M","E","M","E","?","R","B"],"character_chosen":"WATCHER","items_purchased":["Membership Card","Wallop","Tantrum","Juzu Bracelet","Shuriken"],"campfire_rested":2,"item_purchase_floors":[12,12,12,12,22],"current_hp_per_floor":[61,54,50,50,48,48,6,6,6,4,24,24,24,24,24,28,58,58,57,51,51,51,51,24,44,44,44,42,42,36,36,36,0,0],"gold":87,"neow_bonus":"UPGRADE_CARD","is_daily":false,"chose_seed":false,"campfire_upgraded":2,"win_rate":0.0,"timestamp":1614390982,"path_taken":["M","M","M","M","?","R","E","?","T","?","R","?","?","?","R","BOSS","M","M","?","?","$","R","M","R","T","M","E","M","E","?","R","BOSS"],"items_purchased_type":["Relic","Card","Card","Relic","Relic"],"build_version":"2020-12-22","purchased_purges":0,"victory":false,"max_hp_per_floor":[68,68,68,68,68,68,68,68,68,68,68,68,68,68,68,68,68,68,68,68,68,68,68,68,68,68,68,82,82,82,82,82,82,82],"relic_stats":{"Busted Crown":14,"counters":[16,74],"Shuriken":[10],"Pantograph":50,"Juzu Bracelet":2,"obtain_stats":[{"Girya":7,"Bottled Flame":30,"Busted Crown":17,"Shuriken":22,"Pantograph":9,"Damaru":26,"Mango":28,"Juzu Bracelet":12,"Membership Card":12,"PureWater":0},{"Girya":6,"Bottled Flame":15,"Busted Crown":8,"Shuriken":10,"Pantograph":6,"Damaru":11,"Mango":13,"Juzu Bracelet":7,"Membership Card":7,"PureWater":0},{"Girya":28,"Bottled Flame":67,"Busted Crown":40,"Shuriken":47,"Pantograph":28,"Damaru":50,"Mango":62,"Juzu Bracelet":32,"Membership Card":32,"PureWater":0}]},"card_choices":[{"not_picked":["WreathOfFlame","Worship"],"picked":"TalkToTheHand","floor":1.0},{"not_picked":["FlurryOfBlows","BattleHymn"],"picked":"BowlingBash","floor":2.0},{"not_picked":["FollowUp","Indignation"],"picked":"ThirdEye","floor":3.0},{"not_picked":["InnerPeace","ThirdEye"],"picked":"Vault","floor":4.0},{"not_picked":["LikeWater","Collect"],"picked":"PathToVictory","floor":5.0},{"not_picked":["Crescendo","Weave"],"picked":"JustLucky","floor":7.0},{"not_picked":["Prostrate","CarveReality"],"picked":"Protect","floor":10.0},{"not_picked":["Alpha","ConjureBlade"],"picked":"Scrawl","floor":16.0},{"not_picked":["Crescendo"],"picked":"SKIP","floor":18},{"not_picked":["Evaluate+1"],"picked":"SKIP","floor":19},{"not_picked":["Consecrate+1"],"picked":"SKIP","floor":24},{"not_picked":["EmptyBody"],"picked":"SKIP","floor":27},{"not_picked":[],"picked":"EmptyFist","floor":28},{"not_picked":[],"picked":"CutThroughFate","floor":29},{"not_picked":[],"picked":"WindmillStrike","floor":30}],"player_experience":731626,"relics_obtained":[{"floor":7.0,"key":"Girya"},{"floor":9.0,"key":"Pantograph"},{"floor":26,"key":"Damaru"},{"floor":28,"key":"Mango"},{"floor":30,"key":"Bottled Flame"}],"event_choices":[{"damage_healed":0.0,"max_hp_gain":0.0,"max_hp_loss":0.0,"gold_gain":50.0,"event_name":"Golden Shrine","player_choice":"Pray","floor":8.0,"gold_loss":0.0,"damage_taken":0.0},{"damage_healed":0.0,"max_hp_gain":0.0,"max_hp_loss":0.0,"gold_gain":0.0,"event_name":"Living Wall","player_choice":"Grow","floor":13.0,"gold_loss":0.0,"damage_taken":0.0,"cards_upgraded":["TalkToTheHand"]},{"damage_healed":0.0,"max_hp_gain":0.0,"max_hp_loss":0.0,"gold_gain":0.0,"event_name":"Lab","player_choice":"Got Potions","floor":14.0,"gold_loss":0.0,"damage_taken":0.0},{"damage_healed":0,"gold_gain":50,"player_choice":"Touch","damage_taken":6,"max_hp_gain":0,"max_hp_loss":0,"event_name":"FaceTrader","floor":20,"gold_loss":0},{"damage_healed":0,"gold_gain":0,"player_choice":"Ignored","damage_taken":0,"max_hp_gain":0,"max_hp_loss":0,"event_name":"Ghosts","floor":21,"gold_loss":0},{"cards_removed":["Strike_P"],"damage_healed":0,"gold_gain":0,"player_choice":"Gave Gold","damage_taken":0,"max_hp_gain":0,"max_hp_loss":0,"event_name":"Beggar","floor":31,"gold_loss":75}],"is_beta":false,"boss_relics":[{"not_picked":["Cursed Key","Ectoplasm"],"picked":"Busted Crown"}],"items_purged_floors":[],"is_endless":false,"potions_floor_spawned":[1,4,7,16,27,28,30],"killed_by":"Automaton","ascension_level":15}}