{"host":"z2dev7aeib1ulpz6","time":1614408285,"event":{"mods":["2.2 Compatiblity","Abigail Mod","AchievementEnabler","Act Like it!","AlwaysNeverKeys","Aspiration","BaseMod","Beaked The Cultist","Better Altar","Better Match","Better Note","Better Sensory Stone","Better Skull","Better Third Choice","Better Vampires","BetterRewards","CapriCore","Colored Map","Colored Powertips","Conspire","Downfall","Duelist Mod","Elementarium","Emptier Cage","Fiend Mod","Friendly Minions","FruityMod","Gensokyo","GifTheSpireLib","Googly Eyes","Hallownest","Highlight Path","Hubris","Infinite Spire","Marisa????????","Menagerie","Minty Spire (QoL Compilation)","Random Character Button","Relic Filter","Relic Sorter","Relic Stats","Reliquary","Replay The Spire","Robot Space Explorer","Ruina","Shop Mod","Spicy Shops","Spikes Relics","StS++","StSLib","Stuff the Spire","SuperFastMode","The Animator","The Awakened One except there are too many feathers","The Bug Knight","The IronCluck","The Marked","The Mystic","The Problem Sleuth","The Runesmith","The Servant 0.9.4","Trackpad","Transform Curses","Wandering Minibosses","[JumpMod]????","egg","slay the spire mod where everything is the same but ironclad has a cowboy hat","thorton"],"gold_per_floor":[110,127,140,65,165,214,214,239,239,285,296,341,356,22,22,122,122,158,158,158,188,258,290,305,334,346,358,370,382,394,434,446,556,568,578,590,605,16,16,16,76,76,99,99,132,132,157,192,192,192,192],"floor_reached":50,"language":"ENG","playtime":3068,"items_purged":["theDuelist:VampireCurse","downfall:Aged","downfall:Haunted","downfall:Haunted"],"score":1039,"play_id":"d3e6a945-f825-4ca9-abbe-6be590d53218","local_time":"20210227064445","is_ascension_mode":true,"campfire_choices":[{"floor":15,"key":"REST"},{"floor":27,"key":"REST"},{"data":"HollowMod:HornetsHelp","floor":29,"key":"SMITH"},{"data":"Hallownest:attackMasterCycloneSlash","floor":32,"key":"SMITH"},{"data":"HollowMod:MidwifesHunger","floor":40,"key":"SMITH"},{"data":"HollowMod:MantisMark","floor":42,"key":"SMITH"},{"data":"HollowMod:DashSlash","floor":44,"key":"SMITH"},{"floor":49,"key":"REST"}],"circlet_count":0,"master_deck":["HollowMod:NailStrikeStart","HollowMod:NailStrikeStart","HollowMod:NailStrikeStart","HollowMod:NailStrikeStart","HollowMod:QuickDashStart","HollowMod:QuickDashStart","HollowMod:QuickDashStart","HollowMod:QuickDashStart","HollowMod:FocusHealStart","HollowMod:PogoStrike","HollowMod:GrimmsGift+1","HollowMod:Grubsong+1","Panacea+1","HollowMod:HowlingWraiths+1","HollowMod:DashSlash+1","HollowMod:MothsMistake","HollowMod:MantisMark+1","HandOfGreed+1","HollowMod:SoulEater","ReplayTheSpireMod:Splinters","HollowMod:PaleKingsBlessing","HollowMod:NewGlowingWomb","HollowMod:LifebloodCocoon+1","HollowMod:LuriensSpire","HollowMod:DungDefenderAura","HollowMod:HornetsHelp+1","HollowMod:Weaversong","HollowMod:MawleksShell+1","HollowMod:SoulSplash+1","HollowMod:InfectionAssault+1","Hallownest:attackMasterCycloneSlash+1","HollowMod:MidwifesHunger+1","HollowMod:HerrahsAnger+1","hubris:NaturalOne","HollowMod:QuirrelsAssistance"],"relics":["HollowMod:VesselMask","hubris:Icosahedron","reliquary:RedPaperclip","HowToJump","reliquary:ExpiredCoupon","trackpad:RapidFire","Slimebound:PreparedRelic","HornCleat","StuffTheSpire:GrapeVine","Hallownest:DreamNailRelic","Ancient Tea Set","StuffTheSpire:Experiment12","Bag of Marbles","MerchantsRug","hubris:RunicObelisk","aspiration:MobileForge","wanderingMiniBosses:CarrionFlame","aspiration:VileToxins","Toxic Egg 2","infinitespire:ShieldingShard","aspiration:Nostalgia","m_SpellCore","Whetstone","Pen Nib","Simple Rune","Guardian:PocketSentry","StuffTheSpire:HeavyRock","StSpp:WoodenPendulum","Replay:Ringing Soul"],"acts_visited":["Hallownest:Greenpath","Hallownest:CityofTears","Hallownest:KingdomsEdge"],"potions_floor_usage":[11,16,16,16,23,33,45,48,48],"damage_taken":[{"damage":3,"enemies":"Hallownest:2_Tiktiks_and_1_Crawlid","floor":1,"turns":3},{"damage":7,"enemies":"Hallownest:monsterHuskGuard","floor":2,"turns":4},{"damage":0,"enemies":"Hallownest:2_MossCreeps","floor":3,"turns":3},{"damage":5,"enemies":"Hallownest:eliteVengeflyKing","floor":6,"turns":4},{"damage":26,"enemies":"Hallownest:eliteMossKnight","floor":8,"turns":6},{"damage":12,"enemies":"Hallownest:eliteVengeflyKing","floor":10,"turns":4},{"damage":13,"enemies":"Hallownest:2_Tiktiks_1_Baldur_1_Crawlid","floor":11,"turns":5},{"damage":0,"enemies":"Hallownest:eliteMossKnight","floor":12,"turns":5},{"damage":0,"enemies":"Hallownest:Wandering_and_Horned","floor":13,"turns":2},{"damage":3,"enemies":"Hallownest:BossFalseKnight","floor":16,"turns":5},{"damage":24,"enemies":"Hallownest:3_Youths","floor":18,"turns":5},{"damage":0,"enemies":"Hallownest:2_Mistakes","floor":21,"turns":5},{"damage":0,"enemies":"Hallownest:Glutton_and_Coward","floor":22,"turns":3},{"damage":9,"enemies":"Hallownest:eliteWatcherKnight","floor":23,"turns":9},{"damage":2,"enemies":"Hallownest:2_Flukemon","floor":24,"turns":3},{"damage":11,"enemies":"Hallownest:eliteSoulWarrior","floor":25,"turns":6},{"damage":10,"enemies":"Hallownest:Nosk","floor":31,"turns":5},{"damage":8,"enemies":"Hallownest:BossMantisLord","floor":33,"turns":2},{"damage":0,"enemies":"Hallownest:3_Siblings","floor":35,"turns":3},{"damage":0,"enemies":"Hallownest:Shield_Heavy","floor":36,"turns":3},{"damage":1,"enemies":"Hallownest:Shield_Sturdy","floor":37,"turns":3},{"damage":37,"enemies":"Hallownest:eliteHiveKnight","floor":41,"turns":4},{"damage":0,"enemies":"Hallownest:eliteCollector","floor":45,"turns":4},{"damage":0,"enemies":"conspire:MimicChest","floor":47,"turns":3},{"damage":24,"enemies":"Hallownest:eliteHiveKnight","floor":48,"turns":3},{"damage":68,"enemies":"Hallownest:BossHollowKnight","floor":50,"turns":5}],"seed_played":"8813729825255496130","potions_obtained":[{"floor":1,"key":"LiquidBronze"},{"floor":11,"key":"SteroidPotion"},{"floor":12,"key":"Strength Potion"},{"floor":13,"key":"SkillPotion"},{"floor":18,"key":"Elixir"},{"floor":21,"key":"hexamod:SoulburnPotion"},{"floor":25,"key":"champ:CounterPotion"},{"floor":33,"key":"ColorlessPotion"},{"floor":35,"key":"SteroidPotion"},{"floor":41,"key":"Energy Potion"},{"floor":45,"key":"Swift Potion"}],"is_trial":false,"path_per_floor":["M","M","M","?","?","E","?","E","T","E","M","E","M","$","R","B",null,"M","?","AVR","M","M","E","M","E","T","R","T","R","?","E","R","B",null,"M","M","M","$","?","R","E","R","T","R","E","?","?","E","R","B"],"character_chosen":"THE_BUGKNIGHT","items_purchased":["reliquary:ExpiredCoupon","trackpad:RapidFire","Slimebound:PreparedRelic","HollowMod:GrimmsGift","HollowMod:Grubsong","Guide Book","MerchantsRug","HollowMod:HornetsHelp","aspiration:Nostalgia","Whetstone","Pen Nib","Simple Rune"],"campfire_rested":3,"item_purchase_floors":[0,0,0,0,0,0,14,14,38,38,38,38],"current_hp_per_floor":[43,42,42,42,47,42,42,24,24,18,8,11,11,11,35,35,80,62,19,19,19,19,32,33,25,25,49,49,49,49,48,48,45,80,80,80,79,79,75,75,41,41,41,41,41,41,50,34,57,0,0],"gold":192,"neow_bonus":"","is_daily":false,"chose_seed":false,"campfire_upgraded":5,"win_rate":0.0,"timestamp":1614408285,"path_taken":["M","M","M","?","?","E","?","E","T","E","M","E","?","$","R","BOSS","M","?","AVR","M","M","E","?","E","T","R","?","R","?","E","R","BOSS","M","M","M","$","?","R","E","R","T","R","E","?","?","E","R","BOSS"],"items_purchased_type":["Relic","Relic","Relic","Card","Card","Relic","Relic","Card","Relic","Relic","Relic","Relic"],"build_version":"2020-12-22","purchased_purges":4,"victory":false,"max_hp_per_floor":[75,75,75,75,80,80,80,80,80,80,80,80,80,80,80,80,80,80,80,80,80,80,80,80,80,80,80,80,80,80,80,80,80,80,80,80,80,80,75,75,75,75,75,75,75,75,78,78,78,78,78],"relic_stats":{"counters":[57,246],"Pen Nib":[3],"Whetstone":["HollowMod:InfectionAssault","HollowMod:NailStrikeStart"],"obtain_stats":[{"Ice Cream":53,"trackpad:Mousetrap":53,"downfall:HeartBlessingGreen":12,"HollowMod:VesselMask":14,"infinitespire:Cubic Diamond":4,"Whetstone":38,"Replay:Ringing Soul":47,"HornCleat":0,"infinitespire:ShieldingShard":28,"aspiration:MobileForge":20,"Toxic Egg 2":45,"MerchantsRug":53,"ReplayTheSpireMod:CursedCoin":14,"aspiration:Nostalgia":38,"Pen Nib":38,"Guardian:PocketSentry":41,"War Paint":38,"Du-Vu Doll":5,"reliquary:PorcupineQuills":38,"Simple Rune":6,"Slimebound:PreparedRelic":0,"hubris:ToyBattleship":8,"Pocketwatch":11,"Lantern":39,"bronze:BronzeCore":0,"Torii":38,"Blue Doll":44,"StuffTheSpire:GrapeVine":6,"Hallownest:DreamNailRelic":7,"hubris:RunicObelisk":17,"Ancient Tea Set":9,"StuffTheSpire:Experiment12":10,"hubris:Icosahedron":46,"trackpad:RapidFire":0,"downfall:HeartBlessingBlue":12,"StuffTheSpire:HeavyRock":43,"MiniBlackHole":1,"Tiny Chest":27,"reliquary:Buckler":31,"InkBottle":41,"StuffTheSpire:TintedRock":7,"trackpad:GuardianSpirit":35,"aspiration:VileToxins":23,"HowToJump":0,"downfall:HeartBlessingRed":12,"Guide Book":0,"StSpp:WoodenPendulum":45,"aspiration:RandomNobGenerator":34,"Fiend:FiendTotem":4,"MawBank":25,"reliquary:ExpiredCoupon":0,"m_SpellCore":38,"reliquary:RedPaperclip":17,"infinitespire:WardingShard":24,"wanderingMiniBosses:CarrionFlame":21,"Bag of Marbles":12,"ReplayTheSpireMod:Lightbulb":29,"hubris:OldNail":14,"Toy Ornithopter":20},{"Ice Cream":29,"trackpad:Mousetrap":29,"downfall:HeartBlessingGreen":6,"HollowMod:VesselMask":40,"infinitespire:Cubic Diamond":2,"Whetstone":52,"Replay:Ringing Soul":55,"HornCleat":31,"infinitespire:ShieldingShard":47,"aspiration:MobileForge":42,"Toxic Egg 2":25,"MerchantsRug":29,"ReplayTheSpireMod:CursedCoin":8,"aspiration:Nostalgia":52,"Pen Nib":52,"Guardian:PocketSentry":53,"War Paint":22,"Du-Vu Doll":34,"reliquary:PorcupineQuills":22,"Simple Rune":4,"Slimebound:PreparedRelic":31,"hubris:ToyBattleship":4,"Pocketwatch":6,"Lantern":22,"bronze:BronzeCore":0,"Torii":22,"Blue Doll":25,"StuffTheSpire:GrapeVine":35,"Hallownest:DreamNailRelic":35,"hubris:RunicObelisk":41,"Ancient Tea Set":36,"StuffTheSpire:Experiment12":37,"hubris:Icosahedron":54,"trackpad:RapidFire":31,"downfall:HeartBlessingBlue":6,"StuffTheSpire:HeavyRock":53,"MiniBlackHole":0,"Tiny Chest":14,"reliquary:Buckler":48,"InkBottle":23,"StuffTheSpire:TintedRock":4,"trackpad:GuardianSpirit":20,"aspiration:VileToxins":45,"HowToJump":0,"downfall:HeartBlessingRed":6,"Guide Book":31,"StSpp:WoodenPendulum":54,"aspiration:RandomNobGenerator":20,"Fiend:FiendTotem":2,"MawBank":47,"reliquary:ExpiredCoupon":31,"m_SpellCore":52,"reliquary:RedPaperclip":10,"infinitespire:WardingShard":14,"wanderingMiniBosses:CarrionFlame":43,"Bag of Marbles":39,"ReplayTheSpireMod:Lightbulb":16,"hubris:OldNail":8,"Toy Ornithopter":42},{"Ice Cream":127,"trackpad:Mousetrap":127,"downfall:HeartBlessingGreen":25,"HollowMod:VesselMask":176,"infinitespire:Cubic Diamond":6,"Whetstone":228,"Replay:Ringing Soul":238,"HornCleat":140,"infinitespire:ShieldingShard":212,"aspiration:MobileForge":186,"Toxic Egg 2":113,"MerchantsRug":127,"ReplayTheSpireMod:CursedCoin":32,"aspiration:Nostalgia":228,"Pen Nib":228,"Guardian:PocketSentry":232,"War Paint":103,"Du-Vu Doll":150,"reliquary:PorcupineQuills":103,"Simple Rune":16,"Slimebound:PreparedRelic":140,"hubris:ToyBattleship":16,"Pocketwatch":25,"Lantern":103,"bronze:BronzeCore":0,"Torii":103,"Blue Doll":113,"StuffTheSpire:GrapeVine":154,"Hallownest:DreamNailRelic":154,"hubris:RunicObelisk":181,"Ancient Tea Set":160,"StuffTheSpire:Experiment12":164,"hubris:Icosahedron":235,"trackpad:RapidFire":140,"downfall:HeartBlessingBlue":25,"StuffTheSpire:HeavyRock":232,"MiniBlackHole":0,"Tiny Chest":63,"reliquary:Buckler":217,"InkBottle":105,"StuffTheSpire:TintedRock":16,"trackpad:GuardianSpirit":96,"aspiration:VileToxins":203,"HowToJump":0,"downfall:HeartBlessingRed":25,"Guide Book":140,"StSpp:WoodenPendulum":235,"aspiration:RandomNobGenerator":96,"Fiend:FiendTotem":6,"MawBank":212,"reliquary:ExpiredCoupon":140,"m_SpellCore":228,"reliquary:RedPaperclip":43,"infinitespire:WardingShard":63,"wanderingMiniBosses:CarrionFlame":191,"Bag of Marbles":174,"ReplayTheSpireMod:Lightbulb":75,"hubris:OldNail":32,"Toy Ornithopter":186}]},"card_choices":[{"not_picked":["HollowMod:SoulStrike","HollowMod:CloakDash"],"picked":"HollowMod:HowlingWraiths","floor":1},{"not_picked":["HollowMod:DreamGate","HollowMod:PaleKingsBlessing"],"picked":"HollowMod:DashSlash","floor":2},{"not_picked":["HollowMod:VengefulVoid","HollowMod:Grubsong"],"picked":"HollowMod:MothsMistake","floor":3},{"not_picked":["HollowMod:FallenFury","HollowMod:CrystalDash"],"picked":"HollowMod:MantisMark","floor":4},{"not_picked":["Apotheosis","Metamorphosis"],"picked":"HandOfGreed","floor":4},{"not_picked":["HollowMod:PerfectDash","HollowMod:FastStrike"],"picked":"HollowMod:SoulEater","floor":4},{"not_picked":["HollowMod:DescendingDark","HollowMod:GoodIntentions"],"picked":"HollowMod:NewGlowingWomb","floor":6},{"not_picked":["HollowMod:CoiledNail","HollowMod:VengefulVoid","HollowMod:DescendingDark"],"picked":"SKIP","floor":8},{"not_picked":["HollowMod:FastStrike","HollowMod:MothsMistake"],"picked":"HollowMod:LifebloodCocoon","floor":10},{"not_picked":["HollowMod:NewJinnsSoul","HollowMod:PureVessel"],"picked":"HollowMod:LuriensSpire","floor":11},{"not_picked":["HollowMod:GoodIntentions","HollowMod:FallenFury"],"picked":"HollowMod:DungDefenderAura","floor":12},{"not_picked":["HollowMod:AbyssShriek","HollowMod:SoulShaman","HollowMod:DescendingDark"],"picked":"SKIP","floor":13},{"not_picked":["HollowMod:VoidDash","HollowMod:Hiveblood"],"picked":"HollowMod:Weaversong","floor":16},{"not_picked":["HollowMod:LuriensSpire","HollowMod:ChannelNail"],"picked":"HollowMod:MawleksShell+1","floor":18},{"not_picked":["HollowMod:HowlingWraiths+1","HollowMod:HeavyBlow"],"picked":"HollowMod:SoulSplash+1","floor":21},{"not_picked":["HollowMod:TaintedHusks+1","HollowMod:Grubsong"],"picked":"HollowMod:InfectionAssault","floor":22},{"not_picked":["HollowMod:InfectedAttack+1","HollowMod:DashSlash","HollowMod:LifebloodCore"],"picked":"SKIP","floor":23},{"not_picked":["HollowMod:HeavyBlow","HollowMod:DashSlash+1","HollowMod:PerfectDash"],"picked":"SKIP","floor":24},{"not_picked":["HollowMod:Grubsong","HollowMod:VengefulVoid","HollowMod:MawleksShell"],"picked":"SKIP","floor":25},{"not_picked":["HollowMod:ShadowDash+1","HollowMod:DescendingDark+1","HollowMod:ShapeofUnn"],"picked":"SKIP","floor":31},{"not_picked":["HollowMod:PureVessel","HollowMod:HerrahsAnger+1"],"picked":"HollowMod:MidwifesHunger","floor":33},{"not_picked":["HollowMod:HeavyBlow+1","HollowMod:TaintedHusks+1","HollowMod:SiblingsSouls+1"],"picked":"SKIP","floor":35},{"not_picked":["HollowMod:HowlingWraiths+1","HollowMod:LifebloodCocoon+1","HollowMod:PureNailStrike+1"],"picked":"SKIP","floor":36},{"not_picked":["HollowMod:ShadowDash+1","HollowMod:LuriensSpire+1","HollowMod:MonarchWings+1"],"picked":"SKIP","floor":37},{"not_picked":["HollowMod:WraithStrike","Zap+1","HollowMod:GrimmsGift+1"],"picked":"SKIP","floor":41},{"not_picked":["Beam Cell+1","HollowMod:CornifersMapStart+1"],"picked":"HollowMod:HerrahsAnger+1","floor":45},{"not_picked":["Zap+1","HollowMod:InfectedCysts+1","Aggregate+1","Redo+1"],"picked":"HollowMod:QuirrelsAssistance","floor":47},{"not_picked":["HollowMod:DescendingDark","HollowMod:DoubleDash+1","Seek+1","HollowMod:NewLittleFool","ReplayTheSpireMod:Calculation Training+1"],"picked":"SKIP","floor":48}],"player_experience":1277251,"relics_obtained":[{"floor":6,"key":"StuffTheSpire:GrapeVine"},{"floor":9,"key":"Ancient Tea Set"},{"floor":10,"key":"StuffTheSpire:Experiment12"},{"floor":12,"key":"Bag of Marbles"},{"floor":21,"key":"wanderingMiniBosses:CarrionFlame"},{"floor":23,"key":"aspiration:VileToxins"},{"floor":25,"key":"MawBank"},{"floor":26,"key":"Toxic Egg 2"},{"floor":28,"key":"infinitespire:ShieldingShard"},{"floor":31,"key":"reliquary:Buckler"},{"floor":41,"key":"Guardian:PocketSentry"},{"floor":43,"key":"StuffTheSpire:HeavyRock"},{"floor":45,"key":"StSpp:WoodenPendulum"},{"floor":47,"key":"Replay:Ringing Soul"}],"event_choices":[{"damage_healed":0,"gold_gain":0,"player_choice":"1","damage_taken":0,"max_hp_gain":0,"max_hp_loss":0,"event_name":"betterMatch:BetterMatch","floor":4,"gold_loss":0,"cards_obtained":["betterMatch:UncommonCard","betterMatch:ColorlessRareCard","betterMatch:UncommonCard"]},{"damage_healed":0,"gold_gain":0,"player_choice":"UP UP UP ","damage_taken":49,"relics_obtained":[],"max_hp_gain":0,"max_hp_loss":0,"event_name":"betterSkull:BetterSkull","floor":19,"gold_loss":0,"cards_upgraded":["HollowMod:HowlingWraiths","HollowMod:QuickDashStart","HollowMod:LifebloodCocoon"]}],"is_beta":false,"boss_relics":[{"not_picked":["Velvet Choker","aspiration:RunicSpoon"],"picked":"hubris:RunicObelisk"},{"not_picked":["Replay:Bronze Core","Pandora\u0027s Box"],"picked":"reliquary:RedPaperclip"}],"items_purged_floors":[14,20,38,38],"is_endless":false,"potions_floor_spawned":[1,11,12,13,18,21,25,33,35,41,45],"killed_by":"Hallownest:BossHollowKnight","ascension_level":4}}