{"host":"0ueeacaatm8t6jyh","time":1614439275,"event":{"mods":["AchievementEnabler","BaseMod","Colored Powertips","Minty Spire (QoL Compilation)","Quick Restart","Rare Cards Sparkle","Shop Mod","StSLib"],"gold_per_floor":[11,11,11,22,35,35,64,64,64,64,7,7,20,36,46,46,122,122,136,136,148,165,48,48,48,373,391,391,391,411,511,542,553,553,632,632,650,698,717,717,729,729,729,729,754,754,787,787,787,820,102,102,102],"floor_reached":54,"language":"ZHS","playtime":2524,"items_purged":["Strike_B","Doom and Gloom","Defend_B"],"score":1544,"play_id":"27bb42c0-910f-45d9-be52-c817c7abc978","local_time":"20210227232115","is_ascension_mode":true,"campfire_choices":[{"data":"Beam Cell","floor":6.0,"key":"SMITH"},{"data":"Self Repair","floor":8.0,"key":"SMITH"},{"data":"Hologram","floor":12.0,"key":"SMITH"},{"data":"Recycle","floor":16.0,"key":"SMITH"},{"data":"Buffer","floor":25.0,"key":"SMITH"},{"data":"Steam Power","floor":29.0,"key":"SMITH"},{"data":"Echo Form","floor":34.0,"key":"SMITH"},{"data":"Heatsinks","floor":42.0,"key":"SMITH"},{"data":"Self Repair","floor":44,"key":"SMITH"},{"data":"Madness","floor":49,"key":"SMITH"},{"data":"Madness","floor":52,"key":"SMITH"}],"circlet_count":0,"master_deck":["AscendersBane","Defend_B","Heatsinks+1","Self Repair+1","Hyperbeam+1","Beam Cell+1","Self Repair+1","Hologram+1","Recycle+1","Buffer+1","Fission","Leap+1","Coolheaded+1","Steam Power+1","Echo Form+1","Gash","Madness+1","Madness+1","Jack Of All Trades"],"relics":["Cracked Core","Unceasing Top","InkBottle","Question Card","Smiling Mask","Bottled Lightning","Torii","Ancient Tea Set","PreservedInsect","MerchantsRug","Calipers","Mango","Lee\u0027s Waffle"],"acts_visited":["Exordium","TheCity","TheBeyond"],"potions_floor_usage":[43,53,53],"damage_taken":[{"damage":16.0,"enemies":"2 Louse","floor":1.0,"turns":24.0},{"damage":2.0,"enemies":"Jaw Worm","floor":4.0,"turns":2.0},{"damage":1.0,"enemies":"Cultist","floor":5.0,"turns":3.0},{"damage":30.0,"enemies":"Lagavulin","floor":7.0,"turns":6.0},{"damage":9.0,"enemies":"Large Slime","floor":13.0,"turns":3.0},{"damage":8.0,"enemies":"Lots of Slimes","floor":14.0,"turns":2.0},{"damage":10.0,"enemies":"Exordium Wildlife","floor":15.0,"turns":3.0},{"damage":31.0,"enemies":"The Guardian","floor":17.0,"turns":13.0},{"damage":32.0,"enemies":"2 Thieves","floor":19.0,"turns":4.0},{"damage":14.0,"enemies":"Shell Parasite","floor":21.0,"turns":3.0},{"damage":16.0,"enemies":"Snake Plant","floor":22.0,"turns":3.0},{"damage":0.0,"enemies":"Gremlin Leader","floor":26.0,"turns":4.0},{"damage":0.0,"enemies":"Chosen and Byrds","floor":27.0,"turns":2.0},{"damage":36.0,"enemies":"Cultist and Chosen","floor":30.0,"turns":5.0},{"damage":0.0,"enemies":"Colosseum Slavers","floor":31.0,"turns":2.0},{"damage":7.0,"enemies":"Colosseum Nobs","floor":31.0,"turns":2.0},{"damage":28.0,"enemies":"Slavers","floor":32.0,"turns":6.0},{"damage":0.0,"enemies":"Centurion and Healer","floor":33.0,"turns":2.0},{"damage":30.0,"enemies":"Champ","floor":35.0,"turns":9.0},{"damage":30.0,"enemies":"Orb Walker","floor":37.0,"turns":4.0},{"damage":0.0,"enemies":"2 Orb Walkers","floor":38.0,"turns":2.0},{"damage":0.0,"enemies":"3 Darklings","floor":39.0,"turns":2.0},{"damage":12.0,"enemies":"Sphere and 2 Shapes","floor":41.0,"turns":4.0},{"damage":0,"enemies":"Nemesis","floor":43,"turns":1},{"damage":1,"enemies":"Giant Head","floor":50,"turns":5},{"damage":65,"enemies":"Awakened One","floor":53,"turns":5}],"seed_played":"-8390956354297613696","potions_obtained":[{"floor":1.0,"key":"Dexterity Potion"},{"floor":4.0,"key":"EssenceOfDarkness"},{"floor":17.0,"key":"SkillPotion"},{"floor":26.0,"key":"Regen Potion"},{"floor":32.0,"key":"Ancient Potion"},{"floor":35.0,"key":"SmokeBomb"}],"is_trial":false,"path_per_floor":["M","?","?","M","M","R","E","R","T","T","$","R","M","M","M","R","B",null,"M","?","M","M","$","?","R","E","M","T","R","M","?","E","M","R","B",null,"M","?","M","?","M","R","E","R","T","T","$","?","R","E","$","R","B",null],"character_chosen":"DEFECT","items_purchased":["Hologram","Steam Power","MerchantsRug","Gash","Mango","Lee\u0027s Waffle","DuplicationPotion","Jack Of All Trades"],"campfire_rested":0,"item_purchase_floors":[11,23,47,47,51,51,51,51],"current_hp_per_floor":[48,48,48,53,59,59,36,36,36,36,36,36,44,36,43,43,29,61,46,46,49,50,50,50,50,67,71,71,71,52,71,70,71,71,68,70,67,71,71,71,59,59,59,59,59,59,59,46,46,65,92,92,46],"gold":102,"neow_bonus":"TRANSFORM_TWO_CARDS","is_daily":false,"chose_seed":false,"campfire_upgraded":11,"win_rate":0.0,"timestamp":1614439275,"path_taken":["M","?","?","M","M","R","E","R","T","T","$","R","?","M","M","R","BOSS","M","?","?","?","$","?","R","E","M","T","R","M","?","E","M","R","BOSS","M","?","M","?","M","R","E","R","T","T","$","?","R","E","$","R","BOSS"],"items_purchased_type":["Card","Card","Relic","Card","Relic","Relic","Potion","Card"],"build_version":"2020-12-22","purchased_purges":3,"victory":true,"max_hp_per_floor":[71,71,71,71,71,71,71,71,71,71,71,71,71,71,71,71,71,71,71,71,71,71,71,71,71,71,71,71,71,71,71,71,71,71,71,71,71,71,71,71,71,71,71,71,71,71,71,71,71,71,92,92,92],"card_choices":[{"not_picked":["Defragment","Chill"],"picked":"Self Repair","floor":1.0},{"not_picked":["Streamline","Sweeping Beam"],"picked":"Beam Cell","floor":4.0},{"not_picked":["Leap","Stack","Ball Lightning"],"picked":"SKIP","floor":5.0},{"not_picked":["Loop","Aggregate"],"picked":"Self Repair","floor":7.0},{"not_picked":["Streamline","Reinforced Body","Ball Lightning"],"picked":"Recycle","floor":13.0},{"not_picked":["Beam Cell","Hello World","Reinforced Body"],"picked":"Buffer","floor":14.0},{"not_picked":["Steam","Rebound","Cold Snap","Redo"],"picked":"SKIP","floor":15.0},{"not_picked":["Core Surge","Reboot","Multi-Cast"],"picked":"Fission","floor":17.0},{"not_picked":["BootSequence","Recycle+1","Sweeping Beam"],"picked":"Leap+1","floor":19.0},{"not_picked":["Auto Shields","Leap","Turbo"],"picked":"Coolheaded+1","floor":21.0},{"not_picked":["Static Discharge","Sweeping Beam","Capacitor+1","Coolheaded+1"],"picked":"SKIP","floor":22.0},{"not_picked":["Biased Cognition","Hologram+1","Turbo","Static Discharge"],"picked":"SKIP","floor":26.0},{"not_picked":["Coolheaded","Rebound","Stack","Compile Driver"],"picked":"SKIP","floor":27.0},{"not_picked":["Redo","Biased Cognition","Force Field","Barrage"],"picked":"SKIP","floor":30.0},{"not_picked":["FTL","Static Discharge","Scrape","Amplify"],"picked":"SKIP","floor":32.0},{"not_picked":["Heatsinks","Beam Cell","Self Repair","Coolheaded"],"picked":"SKIP","floor":33.0},{"not_picked":["Reinforced Body+1","Hologram","Coolheaded","Beam Cell"],"picked":"SKIP","floor":37.0},{"not_picked":["FTL","Ball Lightning","Leap","Loop"],"picked":"SKIP","floor":39.0},{"not_picked":["Blizzard+1","Cold Snap","Chill+1","BootSequence"],"picked":"SKIP","floor":41.0},{"not_picked":["Rainbow","Double Energy","Consume","Hologram"],"picked":"SKIP","floor":50}],"player_experience":597897,"relics_obtained":[{"floor":7.0,"key":"Unceasing Top"},{"floor":9.0,"key":"InkBottle"},{"floor":10.0,"key":"Question Card"},{"floor":26.0,"key":"Old Coin"},{"floor":28.0,"key":"Smiling Mask"},{"floor":31.0,"key":"Girya"},{"floor":31.0,"key":"Darkstone Periapt"},{"floor":32.0,"key":"Bottled Lightning"},{"floor":38.0,"key":"Torii"},{"floor":45,"key":"Ancient Tea Set"},{"floor":46,"key":"PreservedInsect"},{"floor":50,"key":"Calipers"}],"event_choices":[{"damage_healed":0.0,"max_hp_gain":0.0,"max_hp_loss":0.0,"gold_gain":0.0,"cards_transformed":["Strike_B"],"event_name":"Living Wall","player_choice":"Change","floor":2.0,"gold_loss":0.0,"damage_taken":0.0,"cards_obtained":["Hyperbeam"]},{"damage_healed":0.0,"max_hp_gain":0.0,"max_hp_loss":0.0,"gold_gain":0.0,"event_name":"Upgrade Shrine","player_choice":"Upgraded","floor":3.0,"gold_loss":0.0,"damage_taken":0.0,"cards_upgraded":["Hyperbeam"]},{"cards_removed":["Defend_B"],"damage_healed":0.0,"max_hp_gain":0.0,"max_hp_loss":0.0,"gold_gain":0.0,"event_name":"Purifier","player_choice":"Purged","floor":20.0,"gold_loss":0.0,"damage_taken":0.0},{"damage_healed":0.0,"max_hp_gain":0.0,"max_hp_loss":0.0,"gold_gain":0.0,"cards_transformed":["Consume","Strike_B"],"event_name":"Drug Dealer","player_choice":"Became Test Subject","floor":24.0,"gold_loss":0.0,"damage_taken":0.0,"cards_obtained":["Echo Form","Doom and Gloom"]},{"damage_healed":0.0,"max_hp_gain":0.0,"max_hp_loss":0.0,"gold_gain":0.0,"event_name":"Colosseum","player_choice":"Fight","floor":31.0,"gold_loss":0.0,"damage_taken":0.0},{"damage_healed":0.0,"max_hp_gain":0.0,"max_hp_loss":0.0,"gold_gain":0.0,"event_name":"Colosseum","player_choice":"Fought Nobs","floor":31.0,"gold_loss":0.0,"damage_taken":0.0},{"damage_healed":0.0,"max_hp_gain":0.0,"max_hp_loss":0.0,"gold_gain":0.0,"event_name":"Mysterious Sphere","player_choice":"Fight","floor":38.0,"gold_loss":0.0,"damage_taken":0.0},{"damage_healed":0.0,"max_hp_gain":0.0,"max_hp_loss":0.0,"gold_gain":0.0,"event_name":"Tomb of Lord Red Mask","player_choice":"Ignored","floor":40.0,"gold_loss":0.0,"damage_taken":0.0},{"damage_healed":0,"gold_gain":0,"player_choice":"Embrace Madness","damage_taken":13,"max_hp_gain":0,"max_hp_loss":0,"event_name":"Winding Halls","floor":48,"gold_loss":0,"cards_obtained":["Madness","Madness"]}],"is_beta":false,"boss_relics":[{"not_picked":["Tiny House","Cursed Key"],"picked":"Empty Cage"},{"not_picked":["Philosopher\u0027s Stone","SacredBark"],"picked":"Snecko Eye"}],"items_purged_floors":[23,47,51],"is_endless":false,"potions_floor_spawned":[1,4,15,17,22,26,31,31,32,35,41],"ascension_level":18}}