{"host":"nptej036rrbiurf5","time":1614396560,"event":{"mods":["BaseMod","Colored Map","Colored Powertips","DeckTracker","Minty Spire (QoL Compilation)","StSLib","SuperFastMode"],"gold_per_floor":[118,43,43,93,114,152,152,165,212,212,57,57,95,111,111,202,202,217,231,244,267,1,1,1,24,24,24,24,24],"floor_reached":28,"language":"KOR","playtime":494,"items_purged":["Strike_B","Strike_B"],"score":506,"play_id":"f71bd581-e3e5-4830-8e0c-b5eb83a75f5c","local_time":"20210227122920","is_ascension_mode":true,"campfire_choices":[{"data":"Zap","floor":7.0,"key":"SMITH"},{"data":"Dualcast","floor":10.0,"key":"SMITH"},{"data":"Static Discharge","floor":15.0,"key":"SMITH"},{"floor":23.0,"key":"REST"},{"floor":27.0,"key":"REST"}],"circlet_count":0,"master_deck":["AscendersBane","Defend_B","Defend_B","Defend_B","Zap+1","Dualcast+1","Ball Lightning","Sweeping Beam","Core Surge","Ball Lightning","Static Discharge+1","Thunder Strike","Steam","Biased Cognition","Static Discharge+1","Hologram","Scrape","Recycle","Decay"],"relics":["Cracked Core","NeowsBlessing","Golden Idol","Toy Ornithopter","Blood Vial","Ancient Tea Set","Cursed Key","Runic Capacitor","Question Card"],"acts_visited":["Exordium","TheCity"],"potions_floor_usage":[28,28],"damage_taken":[{"damage":0.0,"enemies":"Jaw Worm","floor":1.0,"turns":1.0},{"damage":0.0,"enemies":"2 Louse","floor":5.0,"turns":1.0},{"damage":0.0,"enemies":"Gremlin Nob","floor":6.0,"turns":1.0},{"damage":1.0,"enemies":"Cultist","floor":8.0,"turns":3.0},{"damage":30.0,"enemies":"Lagavulin","floor":13.0,"turns":4.0},{"damage":3.0,"enemies":"Blue Slaver","floor":14.0,"turns":2.0},{"damage":16.0,"enemies":"The Guardian","floor":16.0,"turns":7.0},{"damage":2.0,"enemies":"Chosen","floor":18.0,"turns":3.0},{"damage":18.0,"enemies":"2 Thieves","floor":19.0,"turns":3.0},{"damage":14.0,"enemies":"Snecko","floor":20.0,"turns":4.0},{"damage":20.0,"enemies":"3 Cultists","floor":21.0,"turns":4.0},{"damage":27.0,"enemies":"Shelled Parasite and Fungi","floor":25.0,"turns":3.0},{"damage":44,"enemies":"Gremlin Leader","floor":28,"turns":3}],"seed_played":"3800743171623605726","potions_obtained":[{"floor":6.0,"key":"AttackPotion"},{"floor":8.0,"key":"FearPotion"},{"floor":20.0,"key":"AttackPotion"},{"floor":25.0,"key":"LiquidMemories"}],"is_trial":false,"path_per_floor":["M","?","?","?","M","E","R","M","T","R","$","?","E","M","R","B",null,"M","M","M","M","$","R","?","M","T","R","E"],"character_chosen":"DEFECT","items_purchased":["Static Discharge","Runic Capacitor"],"campfire_rested":2,"item_purchase_floors":[11,22],"current_hp_per_floor":[64,64,64,64,64,64,64,63,63,63,63,63,34,33,33,19,53,58,42,30,17,17,36,36,11,11,30,0,0],"gold":24,"neow_bonus":"THREE_ENEMY_KILL","is_daily":false,"chose_seed":false,"campfire_upgraded":3,"win_rate":0.0,"timestamp":1614396560,"path_taken":["M","?","?","?","?","E","R","M","T","R","$","?","E","M","R","BOSS","M","?","M","M","$","R","?","M","T","R","E"],"items_purchased_type":["Card","Relic"],"build_version":"2020-12-22","purchased_purges":2,"victory":false,"max_hp_per_floor":[71,71,64,64,64,64,64,64,64,64,64,64,64,64,64,64,64,64,64,64,64,64,64,64,64,64,64,64,64],"card_choices":[{"not_picked":["Sweeping Beam","Hologram"],"picked":"Ball Lightning","floor":1.0},{"not_picked":["Stack","Redo"],"picked":"Sweeping Beam","floor":5.0},{"not_picked":["Turbo","Scrape"],"picked":"Core Surge","floor":6.0},{"not_picked":["Streamline","Compile Driver"],"picked":"Ball Lightning","floor":8.0},{"not_picked":["Fusion","Defragment"],"picked":"Thunder Strike","floor":13.0},{"not_picked":["Self Repair","Consume"],"picked":"Steam","floor":14.0},{"not_picked":["Reboot","Core Surge"],"picked":"Biased Cognition","floor":16.0},{"not_picked":["White Noise","Self Repair"],"picked":"Static Discharge+1","floor":18.0},{"not_picked":["Turbo+1","Chaos"],"picked":"Hologram","floor":19.0},{"not_picked":["Steam","Rebound","Barrage"],"picked":"SKIP","floor":20.0},{"not_picked":["Steam","Rebound","Barrage"],"picked":"SKIP","floor":20.0},{"not_picked":["Rebound","Compile Driver","Hello World"],"picked":"SKIP","floor":21.0},{"not_picked":["Beam Cell","Turbo","Barrage"],"picked":"SKIP","floor":25.0}],"player_experience":1039456,"relics_obtained":[{"floor":6.0,"key":"Toy Ornithopter"},{"floor":9.0,"key":"Blood Vial"},{"floor":13.0,"key":"Ancient Tea Set"},{"floor":26.0,"key":"Question Card"}],"event_choices":[{"cards_removed":["Strike_B"],"damage_healed":0.0,"max_hp_gain":0.0,"max_hp_loss":0.0,"gold_gain":0.0,"event_name":"The Cleric","player_choice":"Card Removal","floor":2.0,"gold_loss":75.0,"damage_taken":0.0},{"damage_healed":0.0,"max_hp_gain":0.0,"max_hp_loss":7.0,"gold_gain":0.0,"event_name":"Golden Idol","player_choice":"Lose Max HP","floor":3.0,"gold_loss":0.0,"damage_taken":0.0,"relics_obtained":["Golden Idol"]},{"damage_healed":0.0,"max_hp_gain":0.0,"max_hp_loss":0.0,"gold_gain":50.0,"event_name":"Golden Shrine","player_choice":"Pray","floor":4.0,"gold_loss":0.0,"damage_taken":0.0},{"damage_healed":0.0,"max_hp_gain":0.0,"max_hp_loss":0.0,"gold_gain":0.0,"event_name":"Match and Keep!","player_choice":"0 cards matched","floor":12.0,"gold_loss":0.0,"damage_taken":0.0,"cards_obtained":[]},{"damage_healed":0.0,"max_hp_gain":0.0,"max_hp_loss":0.0,"gold_gain":0.0,"cards_transformed":["Defend_B","Strike_B"],"event_name":"Drug Dealer","player_choice":"Became Test Subject","floor":24.0,"gold_loss":0.0,"damage_taken":0.0,"cards_obtained":["Scrape","Recycle"]}],"is_beta":false,"boss_relics":[{"not_picked":["Fusion Hammer","Calling Bell"],"picked":"Cursed Key"}],"items_purged_floors":[11,22],"is_endless":false,"potions_floor_spawned":[6,8,16,20,25],"killed_by":"Gremlin Leader","ascension_level":20}}