{"host":"rjfefv2ruvigm2gb","time":1614402685,"event":{"mods":["Act Like it!","AlwaysNeverKeys","BaseMod","Better Note","Better Third Choice","BetterRewards","Block Reminder","Bossed Relics","Colored Map","Colored Powertips","Conspire","Curses Come First","Displayed Cursed Tome","Downfall","Elementarium","Fox Events","GifTheSpireLib","Gold Saver","Googly Eyes","HexUI Lib","Highlight Path","Hubris","Infinite Spire","Minty Spire (QoL Compilation)","Monster B Gone","Permanent Neow","Poor People Problems","Quick Restart","Relic Filter","Relic Stats","Reliquary","Replay The Spire","Ruina","Shop Mod","Small Relic Pack","Spire Arcade","StS++","StSLib","Stuff the Spire","SuperFastMode","The Blue Laboratory","Transform Curses","Uncapped","Virulent Crown"],"gold_per_floor":[24,34,34,64,64,97,97,123,133,33,18,18,3,153,172,246,246,246,261,279,297,297,297,297,394,482,597,267,380,470,470,573,828,828,828,881,957,1071,1149,1504,1504,1504,1504,1504,1529,1529,1529,1656,1832,2182,2182,2464,2117,2117,2562,2867],"floor_reached":57,"language":"ENG","playtime":3275,"items_purged":["Regret","Pain","Doubt","Parasite"],"score":2296,"play_id":"e1d85412-fcfd-4060-85dd-c276a4017d24","local_time":"20210226231125","is_ascension_mode":true,"campfire_choices":[{"data":"bronze:Goto","floor":1.0,"key":"SMITH"},{"floor":10.0,"key":"REST"},{"data":"bronze:MaxOutput","floor":10.0,"key":"SMITH"},{"data":"bronze:Virus","floor":18.0,"key":"SMITH"},{"data":"bronze:BugBarrage","floor":35,"key":"SMITH"},{"data":"bronze:BuggyMess","floor":44,"key":"SMITH"},{"data":"bronze:BugBarrage","floor":47,"key":"SMITH"},{"data":"hubris:Rewind","floor":54,"key":"SMITH"}],"circlet_count":0,"master_deck":["AscendersBane","bronze:Strike","bronze:Strike","bronze:Strike","bronze:Strike","bronze:Defend","bronze:Defend","bronze:Defend","bronze:Defend","bronze:Replicate","bronze:Goto+1","bronze:Branch","bronze:Branch","bronze:Repair","bronze:BurnOut","bronze:MaxOutput+1","bronze:Separator","bronze:Branch","bronze:Virus+1","bronze:BugBarrage+1","bronze:FollowUp","bronze:BugBarrage","bronze:BugBarrage+1","bronze:Invalidate","bronze:Overheat","bronze:Repair","bronze:Boost+1","bronze:BronzeOrb","bronze:Frontload+1","bronze:BuggyMess+1","bronze:FineTuning+1","bronze:FindAndReplace","bronze:ChildClass","bronze:Turbo","hubris:Rewind+1","bronze:ChildClass","bronze:BugBarrage+1"],"relics":["bronze:PlatinumCore","Replay:Kaleidoscope","downfall:HeartBlessingRed","downfall:HeartBlessingGreen","StuffTheSpire:RedRose","infinitespire:Magic Flask","reliquary:Boomerang","reliquary:TridentHead","Bag of Marbles","downfall:HeartBlessingBlue","Honey Jar","Replay:Bandana","Unceasing Top","MawBank","Thread and Needle","Gremlin Horn","Guardian:BottledAnomaly","hubris:GlazedTorus","Painkiller Herb","reliquary:QuartzCube","SlaversCollar","Replay:Mystery Machine","hubris:Towel","hubris:Zylophone","Slimebound:StickyStick","Ornamental Fan"],"acts_visited":["Exordium","TheCity","TheBeyond","TheEnding"],"potions_floor_usage":[30,56,56,56,56],"damage_taken":[{"damage":2.0,"enemies":"conspire:RoseBush","floor":2.0,"turns":6.0},{"damage":25.0,"enemies":"conspire:MimicChest","floor":4.0,"turns":6.0},{"damage":15.0,"enemies":"3 Sentries","floor":6.0,"turns":6.0},{"damage":6.0,"enemies":"Gremlin Nob","floor":8.0,"turns":5.0},{"damage":2.0,"enemies":"Jaw Worm","floor":9.0,"turns":3.0},{"damage":11.0,"enemies":"downfall:FleeingMerchant","floor":11.0,"turns":4.0},{"damage":2.0,"enemies":"downfall:FleeingMerchant","floor":13.0,"turns":4.0},{"damage":0.0,"enemies":"Small Slimes","floor":15.0,"turns":1.0},{"damage":19.0,"enemies":"SI_SHIV_ARCHETYPE","floor":16.0,"turns":7.0},{"damage":0.0,"enemies":"Shell Parasite","floor":19.0,"turns":3.0},{"damage":0.0,"enemies":"3 Byrds","floor":20.0,"turns":3.0},{"damage":26.0,"enemies":"Snake Plant","floor":21.0,"turns":4.0},{"damage":2,"enemies":"Snecko","floor":25,"turns":3},{"damage":0,"enemies":"Book of Stabbing","floor":27,"turns":2},{"damage":15,"enemies":"downfall:FleeingMerchant","floor":28,"turns":3},{"damage":0,"enemies":"Centurion and Healer","floor":29,"turns":2},{"damage":0,"enemies":"Gremlin Leader","floor":30,"turns":1},{"damage":0,"enemies":"Cultist and Chosen","floor":32,"turns":1},{"damage":0,"enemies":"DF_ARCHETYPE_CLAW","floor":33,"turns":4},{"damage":0,"enemies":"Orb Walker","floor":36,"turns":2},{"damage":0,"enemies":"3 Darklings","floor":37,"turns":1},{"damage":0,"enemies":"Spire Growth","floor":38,"turns":2},{"damage":0,"enemies":"4 Shapes","floor":39,"turns":1},{"damage":0,"enemies":"Transient","floor":40,"turns":4},{"damage":6,"enemies":"Nemesis","floor":48,"turns":3},{"damage":0,"enemies":"Maw","floor":49,"turns":3},{"damage":14,"enemies":"IC_BLOCK_ARCHETYPE","floor":50,"turns":4},{"damage":0,"enemies":"downfall:CharBossMerchant","floor":52,"turns":4},{"damage":0,"enemies":"downfall:NeowBoss","floor":55,"turns":5},{"damage":4,"enemies":"downfall:NeowBossFinal","floor":56,"turns":4}],"seed_played":"8567798027840001552","potions_obtained":[{"floor":4.0,"key":"SkillPotion"},{"floor":6.0,"key":"blueLaboratory:Moonshine"},{"floor":16.0,"key":"Adrenaline Potion"},{"floor":19.0,"key":"champ:CounterPotion"},{"floor":23,"key":"CultistPotion"},{"floor":25,"key":"Dexterity Potion"},{"floor":27,"key":"blueLaboratory:PhilterOfMotion"},{"floor":29,"key":"BlessingOfTheForge"},{"floor":32,"key":"blueLaboratory:NullPotion"},{"floor":40,"key":"FearPotion"},{"floor":45,"key":"downfall:CursedFountainPotion"}],"is_trial":false,"path_per_floor":["R","M","?","?","?","E","T","E","M","R","$","?","$","?","M","B",null,"R","M","M","M","AVR","?","T","M","?","E","$","M","E","?","M","B",null,"T","?","?","?","?","?","T","AVR","?","T","?","T","T","E","?","B",null,"E","T","T","B","B",null],"character_chosen":"THE_AUTOMATON","items_purchased":["Thread and Needle","Gremlin Horn","Guardian:BottledAnomaly","bronze:Boost+1","bronze:BronzeOrb","Ornamental Fan"],"campfire_rested":1,"item_purchase_floors":[28,28,28,28,28,53],"current_hp_per_floor":[57,55,55,30,30,15,15,16,14,41,37,53,58,58,58,46,62,62,67,67,48,48,48,48,53,53,60,52,59,67,67,67,67,67,67,67,67,67,67,67,67,67,67,67,67,67,67,61,67,53,64,67,64,64,64,60],"gold":2867,"neow_bonus":"ONE_RARE_RELIC","is_daily":false,"chose_seed":false,"campfire_upgraded":7,"win_rate":0.0,"timestamp":1614402685,"path_taken":["R","M","?","?","?","E","T","E","?","R","$","?","$","?","M","BOSS","R","M","M","M","AVR","?","T","M","?","E","$","?","E","?","M","BOSS","T","?","?","?","?","?","T","AVR","?","T","?","T","T","E","?","BOSS","E","T","T","BOSS","BOSS"],"items_purchased_type":["Relic","Relic","Relic","Card","Card","Relic"],"build_version":"2020-12-22","purchased_purges":4,"victory":true,"max_hp_per_floor":[57,57,57,57,57,57,57,57,57,67,67,67,67,67,67,67,67,67,67,67,67,67,67,67,67,67,67,67,67,67,67,67,67,67,67,67,67,67,67,67,67,67,67,67,67,67,67,67,67,67,67,67,64,64,64,64],"relic_stats":{"Gremlin Horn":[14,17],"counters":[30,101],"Ornamental Fan":[100],"MawBank":12,"obtain_stats":[{"bronze:PlatinumCore":17,"bronze:BronzeCore":0,"reliquary:Boomerang":6,"Gremlin Horn":28,"downfall:HeartBlessingGreen":1,"Painkiller Herb":34,"Replay:Mystery Machine":42,"reliquary:QuartzCube":41,"reliquary:TridentHead":7,"Replay:Bandana":22,"downfall:HeartBlessingBlue":10,"Slimebound:StickyStick":52,"Honey Jar":22,"StuffTheSpire:RedRose":3,"Guardian:BottledAnomaly":28,"hubris:GlazedTorus":30,"downfall:HeartBlessingRed":1,"Thread and Needle":28,"Replay:Kaleidoscope":0,"infinitespire:Magic Flask":4,"hubris:Towel":43,"MawBank":27,"hubris:Zylophone":48,"SlaversCollar":42,"Ornamental Fan":53,"Bag of Marbles":8,"Unceasing Top":24},{"bronze:PlatinumCore":9,"bronze:BronzeCore":0,"reliquary:Boomerang":3,"Gremlin Horn":15,"downfall:HeartBlessingGreen":0,"Painkiller Herb":19,"Replay:Mystery Machine":24,"reliquary:QuartzCube":24,"reliquary:TridentHead":3,"Replay:Bandana":12,"downfall:HeartBlessingBlue":5,"Slimebound:StickyStick":28,"Honey Jar":12,"StuffTheSpire:RedRose":1,"Guardian:BottledAnomaly":15,"hubris:GlazedTorus":17,"downfall:HeartBlessingRed":0,"Thread and Needle":15,"Replay:Kaleidoscope":0,"infinitespire:Magic Flask":2,"hubris:Towel":24,"MawBank":14,"hubris:Zylophone":25,"SlaversCollar":24,"Ornamental Fan":28,"Bag of Marbles":4,"Unceasing Top":12},{"bronze:PlatinumCore":42,"bronze:BronzeCore":0,"reliquary:Boomerang":18,"Gremlin Horn":60,"downfall:HeartBlessingGreen":0,"Painkiller Herb":68,"Replay:Mystery Machine":78,"reliquary:QuartzCube":78,"reliquary:TridentHead":18,"Replay:Bandana":52,"downfall:HeartBlessingBlue":26,"Slimebound:StickyStick":92,"Honey Jar":52,"StuffTheSpire:RedRose":6,"Guardian:BottledAnomaly":60,"hubris:GlazedTorus":63,"downfall:HeartBlessingRed":0,"Thread and Needle":60,"Replay:Kaleidoscope":0,"infinitespire:Magic Flask":12,"hubris:Towel":78,"MawBank":57,"hubris:Zylophone":81,"SlaversCollar":78,"Ornamental Fan":92,"Bag of Marbles":23,"Unceasing Top":52}],"Unceasing Top":[19]},"card_choices":[{"not_picked":["bronze:ForLoop","bronze:Turbo"],"picked":"bronze:Branch","floor":2.0},{"not_picked":["bronze:Overheat","bronze:Assembly"],"picked":"bronze:Branch","floor":4.0},{"not_picked":["bronze:WildBeam","bronze:Optimize"],"picked":"bronze:Repair","floor":6.0},{"not_picked":["bronze:DarkDash","bronze:Refactor"],"picked":"bronze:BurnOut","floor":8.0},{"not_picked":["bronze:Safeguard","bronze:Branch"],"picked":"bronze:MaxOutput","floor":9.0},{"not_picked":["bronze:Deprecate","bronze:DelayedSlice"],"picked":"bronze:Separator","floor":11.0},{"not_picked":["bronze:WhirlingStrike","bronze:Constructor"],"picked":"bronze:Branch","floor":13.0},{"not_picked":["bronze:WhirlingStrike","bronze:Turbo","bronze:Deprecate"],"picked":"SKIP","floor":15.0},{"not_picked":["bronze:Mutator","bronze:Format"],"picked":"bronze:Virus","floor":16.0},{"not_picked":["bronze:BronzeArmor","bronze:Overload","bronze:Frontload"],"picked":"SKIP","floor":19.0},{"not_picked":["bronze:CutThrough+1","bronze:WildBeam","bronze:Terminator"],"picked":"SKIP","floor":20.0},{"not_picked":["bronze:NullPointer","bronze:Constructor+1"],"picked":"bronze:BugBarrage","floor":21.0},{"not_picked":["bronze:BronzeArmor+1","bronze:Return","bronze:Flail"],"picked":"bronze:FollowUp","floor":25},{"not_picked":["bronze:DelayedSlice","bronze:Turbo+1","bronze:BuggyMess"],"picked":"bronze:BugBarrage","floor":26},{"not_picked":["bronze:FineTuning","bronze:CutThrough","bronze:BuggyMess"],"picked":"bronze:BugBarrage","floor":26},{"not_picked":["bronze:Virus","bronze:Iterate","bronze:OilSpill"],"picked":"bronze:Invalidate","floor":26},{"not_picked":["bronze:DelayedGuard","bronze:Separator","bronze:Iterate"],"picked":"bronze:Overheat","floor":27},{"not_picked":["bronze:InfiniteLoop","bronze:ForLoop","bronze:CutThrough"],"picked":"bronze:Repair","floor":28},{"not_picked":["bronze:ForceShield","bronze:DarkDash","bronze:Deprecate"],"picked":"bronze:Frontload+1","floor":29},{"not_picked":["bronze:InfiniteBeams+1","bronze:Virus","bronze:Refactor"],"picked":"bronze:BuggyMess","floor":30},{"not_picked":["bronze:Safeguard","bronze:DelayedSlice+1","bronze:CutThrough"],"picked":"bronze:FineTuning+1","floor":32},{"not_picked":["bronze:TinkerersToolbox","bronze:Assembly","bronze:BurnOut"],"picked":"bronze:FindAndReplace","floor":33},{"not_picked":["bronze:Branch","bronze:Shield+1","bronze:WildBeam"],"picked":"bronze:ChildClass","floor":36},{"not_picked":["bronze:Iterate","bronze:Optimize+1","bronze:Overload","bronze:DelayedGuard"],"picked":"SKIP","floor":37},{"not_picked":["bronze:Backtrace","bronze:ForLoop","bronze:Branch","bronze:InfiniteLoop"],"picked":"SKIP","floor":38},{"not_picked":["bronze:FollowUp","bronze:OilSpill","bronze:CloningBeam+1"],"picked":"bronze:Turbo","floor":39},{"not_picked":["bronze:DarkDash+1","bronze:BronzeArmor","bronze:Frontload","bronze:NullPointer"],"picked":"SKIP","floor":40},{"not_picked":["bronze:Shield+1","bronze:ForceShield","bronze:Overheat+1"],"picked":"bronze:ChildClass","floor":48},{"not_picked":["bronze:Constructor+1","bronze:Allocate+1","bronze:Deprecate+1","bronze:Frontload"],"picked":"SKIP","floor":49},{"not_picked":["bronze:Repulsor+1","bronze:ForceShield","bronze:Philosophize"],"picked":"bronze:BugBarrage+1","floor":52}],"player_experience":1177188,"relics_obtained":[{"floor":4.0,"key":"infinitespire:Magic Flask"},{"floor":6.0,"key":"reliquary:Boomerang"},{"floor":7.0,"key":"reliquary:TridentHead"},{"floor":8.0,"key":"Bag of Marbles"},{"floor":24,"key":"Unceasing Top"},{"floor":27,"key":"MawBank"},{"floor":30,"key":"hubris:GlazedTorus"},{"floor":41,"key":"reliquary:QuartzCube"},{"floor":48,"key":"hubris:Zylophone"},{"floor":52,"key":"Slimebound:StickyStick"}],"event_choices":[{"damage_healed":16.0,"max_hp_gain":0.0,"max_hp_loss":0.0,"gold_gain":0.0,"event_name":"Mushrooms","player_choice":"Healed and dodged fight","floor":12.0,"gold_loss":0.0,"damage_taken":0.0,"cards_obtained":["Parasite"]},{"damage_healed":0,"gold_gain":0,"player_choice":"Ignored","damage_taken":0,"max_hp_gain":0,"max_hp_loss":0,"event_name":"Vampires","floor":31,"gold_loss":0}],"is_beta":false,"boss_relics":[{"not_picked":["Busted Crown","reliquary:WritOfMandamus"],"picked":"bronze:PlatinumCore"},{"not_picked":["StSpp:FireArrow","infinitespire:Blanks Blanky"],"picked":"Painkiller Herb"}],"items_purged_floors":[22,28,42,53],"is_endless":false,"potions_floor_spawned":[4,6,8,16,19,25,27,29,32,39,40,49],"ascension_level":15}}