{"host":"jfbo3eu2ui08ej1u","time":1614410446,"event":{"mods":["2.2 Compatiblity","AchievementEnabler","Act Like it!","Aspiration","BaseMod","Better Altar","Better Match","Better Note","Better Sensory Stone","Better Skull","Better Third Choice","Block Reminder","Colored Map","Colored Powertips","Conspire","DeckTracker","Displayed Cursed Tome","Energized Spire","Fox Events","GifTheSpireLib","Hermit","Hubris","Infinite Spire","Marked Mod","Minty Spire (QoL Compilation)","Monster B Gone","Pale of the Ancients","Poor People Problems","Quick Restart","Relic Filter","Reliquary","Reorder Act Four","Replay The Spire","Shop Mod","Spicy Shops","Spire Arcade","StSLib","Stuff the Spire","The Blue Laboratory","The Disciple","The Forsaken","The Hierophant","The Marked","Uncapped","Unceasing Turn Reminder","Wandering Minibosses"],"gold_per_floor":[117,134,151,43,60,60,73,73,73,73,73],"floor_reached":10,"language":"ENG","playtime":333,"items_purged":[],"score":120,"play_id":"f43bd0eb-558a-4cad-b017-05a21a1683d3","local_time":"20210227022046","is_ascension_mode":true,"campfire_choices":[{"data":"Lockon","floor":6,"key":"SMITH"},{"data":"Redo","floor":8,"key":"SMITH"}],"circlet_count":0,"master_deck":["AscendersBane","Strike_B","Strike_B","Strike_B","Defend_B","Defend_B","Defend_B","Defend_B","Zap","Dualcast","conspire:SharedLibrary","Lockon+1","FIFO Queue","Tempest","Streamline","Redo+1","Compile Driver","Self Repair"],"relics":["Cracked Core","conspire:DecoderRing"],"acts_visited":["Exordium"],"potions_floor_usage":[],"damage_taken":[{"damage":1.0,"enemies":"Cultist","floor":1.0,"turns":3.0},{"damage":0.0,"enemies":"conspire:RoseBush","floor":2.0,"turns":3.0},{"damage":9.0,"enemies":"Small Slimes","floor":3.0,"turns":4.0},{"damage":12,"enemies":"Looter","floor":5,"turns":3},{"damage":2,"enemies":"2 Fungi Beasts","floor":7,"turns":4},{"damage":45,"enemies":"3 Sentries","floor":10,"turns":6}],"seed_played":"659519036353183886","potions_obtained":[{"floor":2.0,"key":"blueLaboratory:ConsumingVoid"}],"is_trial":false,"path_per_floor":["M","M","M","$","M","R","M","R","T","E"],"character_chosen":"DEFECT","items_purchased":["Streamline","Redo"],"campfire_rested":0,"item_purchase_floors":[4,4],"current_hp_per_floor":[63,63,54,54,42,42,40,40,40,0,0],"gold":73,"neow_bonus":"TRANSFORM_CARD","is_daily":false,"chose_seed":false,"campfire_upgraded":2,"win_rate":0.0,"timestamp":1614410446,"path_taken":["M","M","M","?","M","R","M","R","T","E"],"items_purchased_type":["Card","Card"],"build_version":"2020-12-22","purchased_purges":0,"victory":false,"max_hp_per_floor":[71,71,71,71,71,71,71,71,71,71,71],"card_choices":[{"not_picked":["Melter","Go for the Eyes"],"picked":"Lockon","floor":1.0},{"not_picked":["Panic Button","StuffTheSpire:SnapShoot"],"picked":"FIFO Queue","floor":2.0},{"not_picked":["Heatsinks","Reprogram"],"picked":"Tempest","floor":3.0},{"not_picked":["ReplayTheSpireMod:Dual Polarity","StuffTheSpire:Plugnplay"],"picked":"Compile Driver","floor":5},{"not_picked":["ReplayTheSpireMod:Omega Cannon","Barrage"],"picked":"Self Repair","floor":7}],"player_experience":1392094,"relics_obtained":[{"floor":9,"key":"conspire:DecoderRing"}],"event_choices":[],"is_beta":false,"boss_relics":[],"items_purged_floors":[],"is_endless":false,"potions_floor_spawned":[2],"killed_by":"3 Sentries","ascension_level":20}}