{"host":"m7jrdcbl89w2s34c","time":1614446364,"event":{"mods":["AchievementEnabler","BaseMod","Bestiary","Block Reminder","Colored Map","Colored Powertips","Minty Spire (QoL Compilation)","Permanent Neow","Relic Stats","StSLib"],"gold_per_floor":[218,13,0,50,62,62,74,74,74,99,117,15,30,46,46,46,46],"floor_reached":16,"language":"ENG","playtime":708,"items_purged":[],"score":204,"play_id":"0804f7bc-15df-4bd5-ab55-deceb90ed40c","local_time":"20210227181924","is_ascension_mode":true,"campfire_choices":[{"data":"Defragment","floor":6,"key":"SMITH"},{"data":"Go for the Eyes","floor":8,"key":"SMITH"},{"data":"Buffer","floor":15,"key":"SMITH"}],"circlet_count":0,"master_deck":["AscendersBane","Strike_B","Strike_B","Strike_B","Strike_B","Defend_B","Defend_B","Defend_B","Defend_B","Zap","Dualcast","Go for the Eyes+1","Defragment+1","Coolheaded","Cold Snap","Buffer+1","Flash of Steel","Compile Driver","Ball Lightning"],"relics":["Cracked Core","Sling","Eternal Feather","Turnip"],"acts_visited":["Exordium"],"potions_floor_usage":[],"damage_taken":[{"damage":9,"enemies":"2 Louse","floor":1,"turns":3},{"damage":19,"enemies":"Jaw Worm","floor":5,"turns":4},{"damage":0,"enemies":"Cultist","floor":7,"turns":3},{"damage":37,"enemies":"Gremlin Nob","floor":10,"turns":6},{"damage":19,"enemies":"Exordium Wildlife","floor":11,"turns":5},{"damage":1,"enemies":"Blue Slaver","floor":13,"turns":4},{"damage":0,"enemies":"Red Slaver","floor":14,"turns":4},{"damage":12,"enemies":"Hexaghost","floor":16,"turns":11}],"seed_played":"-5955363030447680140","potions_obtained":[{"floor":1,"key":"FairyPotion"},{"floor":7,"key":"Dexterity Potion"},{"floor":13,"key":"FocusPotion"}],"is_trial":false,"path_per_floor":["M","$","?","?","M","R","M","R","T","E","M","$","M","M","R","B"],"character_chosen":"DEFECT","items_purchased":["Defragment","Sling","Flash of Steel"],"campfire_rested":0,"item_purchase_floors":[2,2,12],"current_hp_per_floor":[55,55,55,55,36,36,36,36,36,21,2,2,1,1,10,0,0],"gold":46,"neow_bonus":"HUNDRED_GOLD","is_daily":false,"chose_seed":false,"campfire_upgraded":3,"win_rate":0.0,"timestamp":1614446364,"path_taken":["M","$","?","?","M","R","M","R","T","E","M","$","?","M","R","BOSS"],"items_purchased_type":["Card","Relic","Card"],"build_version":"2020-12-22","purchased_purges":0,"victory":false,"max_hp_per_floor":[71,71,71,71,71,71,71,71,71,71,71,71,71,71,71,71,71],"relic_stats":{"counters":[8,40],"Eternal Feather":9,"Turnip":[0],"obtain_stats":[{"Eternal Feather":9,"Turnip":10,"Cracked Core":0,"Sling":2},{"Eternal Feather":3,"Turnip":4,"Cracked Core":0,"Sling":1},{"Eternal Feather":10,"Turnip":16,"Cracked Core":0,"Sling":3}]},"card_choices":[{"not_picked":["Darkness","Steam"],"picked":"Go for the Eyes","floor":1},{"not_picked":["Recycle","Barrage"],"picked":"Coolheaded","floor":5},{"not_picked":["Coolheaded","Self Repair"],"picked":"Cold Snap","floor":7},{"not_picked":["Lockon","Blizzard","Scrape"],"picked":"SKIP","floor":10},{"not_picked":["Capacitor","Recycle"],"picked":"Buffer","floor":11},{"not_picked":["Skim","Reprogram"],"picked":"Compile Driver","floor":13},{"not_picked":["Stack","Steam"],"picked":"Ball Lightning","floor":14}],"player_experience":289837,"relics_obtained":[{"floor":9,"key":"Eternal Feather"},{"floor":10,"key":"Turnip"}],"event_choices":[{"damage_healed":0,"gold_gain":0,"player_choice":"Left Gold","damage_taken":0,"max_hp_gain":0,"max_hp_loss":0,"event_name":"World of Goop","floor":3,"gold_loss":13},{"damage_healed":0,"gold_gain":50,"player_choice":"Pray","damage_taken":0,"max_hp_gain":0,"max_hp_loss":0,"event_name":"Golden Shrine","floor":4,"gold_loss":0}],"is_beta":false,"boss_relics":[],"items_purged_floors":[],"is_endless":false,"potions_floor_spawned":[1,7,13],"killed_by":"Hexaghost","ascension_level":20}}