{"host":"iy4uneaa8mvxx5ci","time":1614430600,"event":{"mods":["AchievementEnabler","BaseMod","Colored Map","DeckTracker","Minty Spire (QoL Compilation)","Spire with Friends","StSLib","SuperFastMode"],"gold_per_floor":[115,65,83,158,158,187,187,187,187,112,146,146,161,191,116,116,212,212,232,232,252,252,267,267,267,267,315,344,344,363,363,381,344,344,445,445,458,176,191,206,220,220,252,272,325,325,354,354,88,76,14,14,14,14,14,14,42,5,5],"floor_reached":60,"language":"KOR","playtime":3591,"items_purged":["Defend_G","Masterful Stab"],"score":1377,"play_id":"d875f21e-caa1-4d94-80b2-23970dd12c40","local_time":"20210227215640","is_ascension_mode":true,"campfire_choices":[{"data":"Poisoned Stab","floor":8,"key":"SMITH"},{"data":"Corpse Explosion","floor":12,"key":"SMITH"},{"data":"Malaise","floor":16,"key":"SMITH"},{"data":"Bouncing Flask","floor":24,"key":"SMITH"},{"data":"Doppelganger","floor":26,"key":"SMITH"},{"data":"Doppelganger","floor":29,"key":"SMITH"},{"data":"Burst","floor":31,"key":"SMITH"},{"data":"Catalyst","floor":34,"key":"SMITH"},{"data":"Acrobatics","floor":42,"key":"SMITH"},{"data":"Concentrate","floor":52,"key":"SMITH"},{"data":"Ghostly","floor":55,"key":"SMITH"}],"circlet_count":0,"master_deck":["Survivor+1","Poisoned Stab+1","Corpse Explosion+1","Wraith Form v2+1","Doppelganger+1","Bouncing Flask+1","Catalyst+1","Concentrate+1","Doppelganger+1","Ghostly+1","Ghostly","Ghostly","Ghostly","Ghostly","Burst+1","Adrenaline+1","Backflip+1"],"relics":["Ring of the Snake","Blue Candle","Snake Skull","StrikeDummy","Pandora\u0027s Box","Smiling Mask","Runic Dome","Bag of Preparation","CeramicFish","War Paint","Chemical X","Whetstone"],"acts_visited":["Exordium","TheCity","TheBeyond","TheEnding"],"potions_floor_usage":[6,59],"damage_taken":[{"damage":0,"enemies":"2 Louse","floor":1,"turns":3},{"damage":2,"enemies":"Small Slimes","floor":3,"turns":4},{"damage":26,"enemies":"3 Sentries","floor":6,"turns":16},{"damage":27,"enemies":"Gremlin Nob","floor":11,"turns":5},{"damage":0,"enemies":"Cultist","floor":13,"turns":3},{"damage":10,"enemies":"The Guardian","floor":17,"turns":10},{"damage":2,"enemies":"2 Thieves","floor":19,"turns":3},{"damage":0,"enemies":"Chosen","floor":21,"turns":4},{"damage":2,"enemies":"Snecko","floor":23,"turns":4},{"damage":6,"enemies":"Gremlin Leader","floor":28,"turns":5},{"damage":3,"enemies":"Sentry and Sphere","floor":30,"turns":5},{"damage":0,"enemies":"Snake Plant","floor":32,"turns":3},{"damage":9,"enemies":"Collector","floor":35,"turns":7},{"damage":2,"enemies":"Orb Walker","floor":37,"turns":2},{"damage":5,"enemies":"3 Darklings","floor":39,"turns":3},{"damage":2,"enemies":"4 Shapes","floor":40,"turns":2},{"damage":3,"enemies":"Sphere and 2 Shapes","floor":41,"turns":4},{"damage":0,"enemies":"Nemesis","floor":43,"turns":3},{"damage":1,"enemies":"Spire Growth","floor":44,"turns":3},{"damage":2,"enemies":"Reptomancer","floor":47,"turns":5},{"damage":0,"enemies":"Awakened One","floor":53,"turns":8},{"damage":1,"enemies":"Shield and Spear","floor":57,"turns":3},{"damage":39,"enemies":"The Heart","floor":59,"turns":8}],"seed_played":"-235885812474795392","potions_obtained":[{"floor":3,"key":"Regen Potion"},{"floor":13,"key":"CunningPotion"},{"floor":17,"key":"SmokeBomb"},{"floor":23,"key":"Poison Potion"},{"floor":30,"key":"ColorlessPotion"},{"floor":32,"key":"ColorlessPotion"},{"floor":35,"key":"SpeedPotion"},{"floor":39,"key":"SteroidPotion"},{"floor":41,"key":"Ancient Potion"},{"floor":43,"key":"SpeedPotion"},{"floor":47,"key":"SkillPotion"}],"is_trial":false,"path_per_floor":["M","?","M","?","C","E","?","R","T","$","E","R","M","?","C","R","B",null,"M","?","M","?","M","R","?","R","T","E","R","M","R","M","C","R","B",null,"M","$","M","M","M","R","E","M","T","?","E","?","$","C","C","R","B",null,"R","$","E","C","B",null],"character_chosen":"THE_SILENT","items_purchased":["Bag of Preparation","Swift Potion","EssenceOfSteel","Chemical X","Regen Potion"],"campfire_rested":0,"item_purchase_floors":[38,38,38,49,49],"current_hp_per_floor":[70,70,68,57,57,46,46,46,46,46,19,19,19,19,19,19,9,35,33,33,33,17,15,15,27,27,27,21,21,18,18,18,18,18,9,55,54,54,49,63,60,60,65,64,64,64,30,44,54,54,54,54,54,65,65,65,64,64,46],"gold":5,"neow_bonus":"","is_daily":false,"chose_seed":true,"campfire_upgraded":11,"win_rate":0.0,"timestamp":1614430600,"path_taken":["M","?","M","?","C","E","?","R","T","$","E","R","M","?","C","R","BOSS","M","?","?","?","M","R","?","R","T","E","R","?","R","M","C","R","BOSS","M","$","M","M","M","R","E","M","T","?","E","?","?","C","C","R","BOSS","R","$","E","C","BOSS"],"items_purchased_type":["Relic","Potion","Potion","Relic","Potion"],"build_version":"2020-12-22","purchased_purges":2,"victory":true,"max_hp_per_floor":[70,70,70,70,70,70,70,70,70,70,70,70,70,70,70,70,70,35,35,35,35,17,17,17,27,27,27,27,27,27,27,27,27,27,27,55,55,55,55,65,65,65,65,65,65,65,65,65,65,65,65,65,65,65,65,65,65,65,65],"card_choices":[{"not_picked":["Wraith Form v2","Tools of the Trade"],"picked":"Malaise","floor":0},{"not_picked":["Bane","Acrobatics"],"picked":"Poisoned Stab","floor":1},{"not_picked":["Eviscerate","Skewer","Cloak And Dagger"],"picked":"SKIP","floor":3},{"not_picked":["Cloak And Dagger","Expertise","Poisoned Stab"],"picked":"SKIP","floor":6},{"not_picked":["Well Laid Plans","Poisoned Stab"],"picked":"Corpse Explosion","floor":11},{"not_picked":["Outmaneuver","Dagger Throw","Poisoned Stab"],"picked":"SKIP","floor":13},{"not_picked":["Envenom","Phantasmal Killer"],"picked":"Wraith Form v2","floor":17},{"not_picked":["Predator+1","Poisoned Stab","Blade Dance"],"picked":"SKIP","floor":19},{"not_picked":["Poisoned Stab","Flying Knee","Underhanded Strike"],"picked":"SKIP","floor":21},{"not_picked":["Poisoned Stab","Bouncing Flask","Sucker Punch"],"picked":"SKIP","floor":23},{"not_picked":["Underhanded Strike","Concentrate+1"],"picked":"Burst","floor":28},{"not_picked":["Concentrate","Underhanded Strike","Outmaneuver"],"picked":"SKIP","floor":30},{"not_picked":["Concentrate","Underhanded Strike","Outmaneuver"],"picked":"SKIP","floor":30},{"not_picked":["Prepared+1","Blade Dance","Dodge and Roll+1"],"picked":"SKIP","floor":32},{"not_picked":["A Thousand Cuts","Die Die Die"],"picked":"Adrenaline","floor":35},{"not_picked":["Slice+1","Deflect+1","Quick Slash+1"],"picked":"SKIP","floor":37},{"not_picked":["Outmaneuver","Dagger Throw+1"],"picked":"Backflip+1","floor":39},{"not_picked":["Accuracy","Dagger Throw+1"],"picked":"Acrobatics","floor":40},{"not_picked":["Accuracy+1","Deflect","Blade Dance+1"],"picked":"SKIP","floor":41},{"not_picked":["Prepared+1","Bouncing Flask","Masterful Stab"],"picked":"SKIP","floor":43},{"not_picked":["Underhanded Strike","Backflip+1","Bane+1"],"picked":"SKIP","floor":44},{"not_picked":["Quick Slash+1","Predator+1","Dagger Spray+1"],"picked":"SKIP","floor":47},{"not_picked":["Noxious Fumes","Dagger Throw","Slice+1"],"picked":"SKIP","floor":57}],"player_experience":137345,"relics_obtained":[{"floor":6,"key":"Blue Candle"},{"floor":9,"key":"Snake Skull"},{"floor":11,"key":"StrikeDummy"},{"floor":27,"key":"Akabeko"},{"floor":28,"key":"Smiling Mask"},{"floor":43,"key":"CeramicFish"},{"floor":45,"key":"War Paint"},{"floor":47,"key":"Mummified Hand"},{"floor":57,"key":"Whetstone"}],"event_choices":[{"cards_removed":["Strike_G"],"damage_healed":0,"gold_gain":0,"player_choice":"Card Removal","damage_taken":0,"max_hp_gain":0,"max_hp_loss":0,"event_name":"The Cleric","floor":2,"gold_loss":50},{"damage_healed":0,"gold_gain":75,"player_choice":"Gather Gold","damage_taken":11,"max_hp_gain":0,"max_hp_loss":0,"event_name":"World of Goop","floor":4,"gold_loss":0},{"damage_healed":0,"gold_gain":0,"player_choice":"Ignored","damage_taken":0,"max_hp_gain":0,"max_hp_loss":0,"event_name":"Liars Game","floor":7,"gold_loss":0},{"damage_healed":0,"gold_gain":30,"player_choice":"Searched \u00271\u0027 times","damage_taken":0,"max_hp_gain":0,"max_hp_loss":0,"event_name":"Dead Adventurer","floor":14,"gold_loss":0},{"damage_healed":0,"gold_gain":0,"player_choice":"Upgraded","damage_taken":0,"max_hp_gain":0,"max_hp_loss":0,"event_name":"Upgrade Shrine","floor":20,"gold_loss":0,"cards_upgraded":["Wraith Form v2"]},{"damage_healed":0,"gold_gain":0,"player_choice":"Became a Ghost","damage_taken":0,"max_hp_gain":0,"max_hp_loss":18,"event_name":"Ghosts","floor":22,"gold_loss":0,"cards_obtained":["Ghostly","Ghostly","Ghostly","Ghostly","Ghostly"]},{"cards_removed":["After Image"],"damage_healed":2,"gold_gain":0,"player_choice":"Offered Rare","damage_taken":0,"max_hp_gain":10,"max_hp_loss":0,"event_name":"Bonfire Elementals","floor":25,"gold_loss":0},{"damage_healed":0,"gold_gain":0,"player_choice":"Memory 1","damage_taken":0,"max_hp_gain":0,"max_hp_loss":0,"event_name":"SensoryStone","floor":46,"gold_loss":0},{"damage_healed":0,"gold_gain":0,"player_choice":"Ignored","damage_taken":0,"max_hp_gain":0,"max_hp_loss":0,"event_name":"The Moai Head","floor":48,"gold_loss":0}],"is_beta":false,"boss_relics":[{"not_picked":["Busted Crown","Velvet Choker"],"picked":"Pandora\u0027s Box"},{"not_picked":["Snecko Eye","Coffee Dripper"],"picked":"Runic Dome"}],"items_purged_floors":[10,49],"is_endless":false,"potions_floor_spawned":[3,13,17,23,30,32,35,39,41,43,47],"ascension_level":1}}