{"host":"ocllwaoi18j60ltd","time":1614441588,"event":{"mods":["BaseMod","DeckTracker","Minty Spire (QoL Compilation)","Permanent Neow","Quick Restart","StSLib","SuperFastMode"],"gold_per_floor":[118,118,136,150,170,170,187,205,205,237,237,249,259,289,289,390,390,404,404,107,206,206,206,235,249,327,341,356,356,356],"floor_reached":29,"language":"KOR","playtime":795,"items_purged":["Writhe"],"score":311,"play_id":"f10f3c89-172f-4586-87d7-a7d48375290b","local_time":"20210228005948","is_ascension_mode":true,"campfire_choices":[{"floor":11.0,"key":"REST"},{"floor":15.0,"key":"REST"},{"data":"Defragment","floor":23.0,"key":"SMITH"}],"circlet_count":0,"master_deck":["Zap+1","Dualcast","Thunder Strike","Go for the Eyes","Coolheaded","Reinforced Body","Turbo","Loop","Ball Lightning","Creative AI","Hyperbeam","Machine Learning","Multi-Cast","Creative AI","Storm","Defragment+1","Ball Lightning","Chill","Conserve Battery","Defragment+1","Auto Shields","Core Surge","Steam+1"],"relics":["Cracked Core","Bottled Lightning","Toy Ornithopter","Shuriken","Pandora\u0027s Box","Omamori","Membership Card","Necronomicon","Ancient Tea Set","Matryoshka"],"acts_visited":["Exordium","TheCity"],"potions_floor_usage":[27,27,27,28],"damage_taken":[{"damage":0.0,"enemies":"2 Louse","floor":1.0,"turns":2.0},{"damage":7.0,"enemies":"Jaw Worm","floor":3.0,"turns":3.0},{"damage":4.0,"enemies":"Small Slimes","floor":4.0,"turns":2.0},{"damage":0.0,"enemies":"3 Louse","floor":5.0,"turns":3.0},{"damage":7.0,"enemies":"Looter","floor":7.0,"turns":3.0},{"damage":12.0,"enemies":"Exordium Wildlife","floor":8.0,"turns":5.0},{"damage":21.0,"enemies":"3 Sentries","floor":10.0,"turns":5.0},{"damage":12.0,"enemies":"Large Slime","floor":12.0,"turns":6.0},{"damage":1.0,"enemies":"3 Louse","floor":13.0,"turns":4.0},{"damage":16.0,"enemies":"Gremlin Nob","floor":14.0,"turns":4.0},{"damage":19.0,"enemies":"The Guardian","floor":16.0,"turns":11.0},{"damage":0.0,"enemies":"Spheric Guardian","floor":18.0,"turns":3.0},{"damage":48.0,"enemies":"Slavers","floor":24.0,"turns":3.0},{"damage":15,"enemies":"2 Thieves","floor":25,"turns":2},{"damage":19,"enemies":"Shelled Parasite and Fungi","floor":27,"turns":6},{"damage":0,"enemies":"Snecko","floor":28,"turns":5},{"damage":9,"enemies":"Gremlin Leader","floor":29,"turns":3}],"seed_played":"-2986731464676432623","potions_obtained":[{"floor":3.0,"key":"Fire Potion"},{"floor":4.0,"key":"GamblersBrew"},{"floor":8.0,"key":"ColorlessPotion"},{"floor":12.0,"key":"LiquidMemories"},{"floor":14.0,"key":"Block Potion"},{"floor":18.0,"key":"Fruit Juice"},{"floor":25,"key":"Explosive Potion"},{"floor":27,"key":"SkillPotion"}],"is_trial":false,"path_per_floor":["M","?","M","M","M","?","M","M","T","E","R","M","M","E","R","B",null,"M","?","$","?","?","R","E","M","T","M","M","E"],"character_chosen":"DEFECT","items_purchased":["Membership Card","Conserve Battery","PotionOfCapacity"],"campfire_rested":2,"item_purchase_floors":[20,20,20],"current_hp_per_floor":[75,75,68,64,64,57,50,38,38,17,39,27,26,15,37,18,75,75,75,75,75,59,59,21,6,6,2,7,0,0],"gold":356,"neow_bonus":"ONE_RANDOM_RARE_CARD","is_daily":false,"chose_seed":false,"campfire_upgraded":1,"win_rate":0.0,"timestamp":1614441588,"path_taken":["M","?","M","M","M","?","M","M","T","E","R","M","M","E","R","BOSS","M","?","$","?","?","R","E","?","T","M","M","E"],"items_purchased_type":["Relic","Card","Potion"],"build_version":"2020-12-22","purchased_purges":1,"victory":false,"max_hp_per_floor":[75,75,75,75,75,75,75,75,75,75,75,75,75,75,75,75,75,75,75,75,75,75,75,80,80,80,80,80,80,80],"card_choices":[{"not_picked":["Cold Snap","Redo"],"picked":"Go for the Eyes","floor":1.0},{"not_picked":["Gash","Stack","Barrage"],"picked":"SKIP","floor":3.0},{"not_picked":["Go for the Eyes","Fusion"],"picked":"Coolheaded","floor":4.0},{"not_picked":["Steam","Scrape","Gash"],"picked":"SKIP","floor":5.0},{"not_picked":["Steam","Loop"],"picked":"Reinforced Body","floor":7.0},{"not_picked":["Melter","Stack"],"picked":"Turbo","floor":8.0},{"not_picked":["Go for the Eyes","Hyperbeam","Darkness"],"picked":"SKIP","floor":10.0},{"not_picked":["Leap","Barrage","Coolheaded"],"picked":"SKIP","floor":12.0},{"not_picked":["Loop","Compile Driver","Turbo"],"picked":"SKIP","floor":13.0},{"not_picked":["Compile Driver","Turbo"],"picked":"Loop","floor":13.0},{"not_picked":["BootSequence","Sweeping Beam"],"picked":"Ball Lightning","floor":14.0},{"not_picked":["Multi-Cast","Machine Learning"],"picked":"Creative AI","floor":16.0},{"not_picked":["Sweeping Beam","Coolheaded"],"picked":"Chill","floor":18.0},{"not_picked":["Hello World","Chaos"],"picked":"Defragment+1","floor":24.0},{"not_picked":["Rebound","Defragment"],"picked":"Auto Shields","floor":25},{"not_picked":["Steam","Cold Snap"],"picked":"Core Surge","floor":27},{"not_picked":["Fusion","Coolheaded"],"picked":"Steam+1","floor":28}],"player_experience":599448,"relics_obtained":[{"floor":9.0,"key":"Bottled Lightning"},{"floor":10.0,"key":"Toy Ornithopter"},{"floor":14.0,"key":"Shuriken"},{"floor":22.0,"key":"Necronomicon"},{"floor":24.0,"key":"Ancient Tea Set"},{"floor":26,"key":"Matryoshka"}],"event_choices":[{"damage_healed":0.0,"max_hp_gain":0.0,"max_hp_loss":0.0,"gold_gain":0.0,"event_name":"Living Wall","player_choice":"Grow","floor":2.0,"gold_loss":0.0,"damage_taken":0.0,"cards_upgraded":["Zap"]},{"cards_removed":["Strike_B"],"damage_healed":0.0,"max_hp_gain":0.0,"max_hp_loss":0.0,"gold_gain":0.0,"event_name":"Golden Wing","player_choice":"Card Removal","floor":6.0,"gold_loss":0.0,"damage_taken":7.0},{"damage_healed":0.0,"max_hp_gain":0.0,"max_hp_loss":0.0,"gold_gain":0.0,"event_name":"The Mausoleum","player_choice":"Opened","floor":19.0,"gold_loss":0.0,"damage_taken":0.0,"relics_obtained":["Omamori"],"cards_obtained":["Writhe"]},{"damage_healed":0.0,"max_hp_gain":0.0,"max_hp_loss":0.0,"gold_gain":99.0,"event_name":"Nest","player_choice":"Stole From Cult","floor":21.0,"gold_loss":0.0,"damage_taken":0.0},{"damage_healed":0.0,"max_hp_gain":0.0,"max_hp_loss":0.0,"gold_gain":0.0,"event_name":"Cursed Tome","player_choice":"Obtained Book","floor":22.0,"gold_loss":0.0,"damage_taken":16.0}],"is_beta":false,"boss_relics":[{"not_picked":["Nuclear Battery","FrozenCore"],"picked":"Pandora\u0027s Box"}],"items_purged_floors":[20],"is_endless":false,"potions_floor_spawned":[3,4,8,12,14,18,25,27],"killed_by":"Gremlin Leader","ascension_level":4}}