{"host":"eeb412nj2w7f9cz8","time":1614401286,"event":{"mods":["Act Like it!","BaseMod","Library of Ruina","Library of Ruina Extra","Minty Spire (QoL Compilation)","StSLib","The Administrix","UnlockEverythingMod"],"gold_per_floor":[113,123,123,123,123,192,192,227,227,227,261,272,272,299,299,402,402,421,421,421,433,433,475,102,129,129,143,168,168,168,181,181,286,286,297,317,333,88,111,152,180,180,180,214,227,257,306,306,306,306,306,306,306,70,97,97],"floor_reached":57,"language":"ZHS","playtime":1934,"items_purged":["Writhe"],"score":2154,"play_id":"c9c29530-80f1-4abc-b7e8-3f8ec08964a1","local_time":"20210227124806","is_ascension_mode":true,"campfire_choices":[{"data":"DegradedPillar","floor":7.0,"key":"SMITH"},{"data":"DegradedPillar","floor":10.0,"key":"SMITH"},{"data":"FrontalAssault","floor":15.0,"key":"SMITH"},{"data":"FrontalAssault","floor":29.0,"key":"SMITH"},{"data":"DegradedLock","floor":32.0,"key":"SMITH"},{"data":"Faith","floor":42,"key":"SMITH"},{"floor":49,"key":"RECALL"},{"data":"DegradedChain","floor":53,"key":"SMITH"}],"circlet_count":0,"master_deck":["DegradedFairy","DegradedFairy","DegradedChain+1","DegradedChain","DegradedLock+1","DegradedPillar+1","DegradedPillar+1","DegradedShockwave+1","FrontalAssault+1","TheWillOfTheCity+1","FrontalAssault+1","UnavoidableGaze+1","SunsetBlade+1","Faith+1"],"relics":["PageOfLibrarian","PageOfPunishingBird","The Courier","Boot","PageOfLaetitia","PageOfHappyTeddyBear","White Beast Statue","Coffee Dripper","MutagenicStrength","Bag of Marbles","CeramicFish","Medical Kit","PageOfAlriune","PageOfBigBadWolf","Blue Candle","Dream Catcher","Philosopher\u0027s Stone","OrangePellets","Bronze Scales","Nunchaku","PageOfSnowWhitesApple","War Paint","PageOfTheSilentOrchestra","PageOfSingingMachine","PageOfBloodbath","Ginger"],"acts_visited":["Exordium","TheCity","TheBeyond","TheEnding"],"potions_floor_usage":[33,51,56],"damage_taken":[{"damage":0.0,"enemies":"Cultist","floor":1.0,"turns":1.0},{"damage":0.0,"enemies":"Jaw Worm","floor":2.0,"turns":1.0},{"damage":0.0,"enemies":"Lagavulin","floor":8.0,"turns":3.0},{"damage":0.0,"enemies":"3 Sentries","floor":11.0,"turns":2.0},{"damage":0.0,"enemies":"2 Louse","floor":12.0,"turns":1.0},{"damage":0.0,"enemies":"Lagavulin","floor":14.0,"turns":2.0},{"damage":0.0,"enemies":"Slime Boss","floor":16.0,"turns":2.0},{"damage":0.0,"enemies":"Spheric Guardian","floor":18.0,"turns":1.0},{"damage":0.0,"enemies":"Chosen","floor":21.0,"turns":1.0},{"damage":0.0,"enemies":"Book of Stabbing","floor":23.0,"turns":2.0},{"damage":0.0,"enemies":"Gremlin Leader","floor":25.0,"turns":1.0},{"damage":0.0,"enemies":"Centurion and Healer","floor":27.0,"turns":1.0},{"damage":0.0,"enemies":"Book of Stabbing","floor":28.0,"turns":1.0},{"damage":0.0,"enemies":"Cultist and Chosen","floor":31.0,"turns":1.0},{"damage":0,"enemies":"RedHoodMercenary","floor":33,"turns":4},{"damage":0,"enemies":"Orb Walker","floor":35,"turns":1},{"damage":8,"enemies":"3 Shapes","floor":36,"turns":1},{"damage":0,"enemies":"Maw","floor":37,"turns":2},{"damage":0,"enemies":"3 Darklings","floor":39,"turns":1},{"damage":0,"enemies":"Reptomancer","floor":40,"turns":1},{"damage":0,"enemies":"Spire Growth","floor":41,"turns":1},{"damage":0,"enemies":"Giant Head","floor":44,"turns":2},{"damage":0,"enemies":"Sphere and 2 Shapes","floor":45,"turns":1},{"damage":0,"enemies":"Nemesis","floor":46,"turns":1},{"damage":0,"enemies":"2 Orb Walkers","floor":47,"turns":1},{"damage":0,"enemies":"Awakened One","floor":50,"turns":5},{"damage":0,"enemies":"Awakened One","floor":51,"turns":2},{"damage":0,"enemies":"Shield and Spear","floor":55,"turns":2},{"damage":31,"enemies":"The Heart","floor":56,"turns":4}],"seed_played":"-2277866506695058139","potions_obtained":[{"floor":1.0,"key":"SkillPotion"},{"floor":12.0,"key":"GamblersBrew"},{"floor":13.0,"key":"SteroidPotion"},{"floor":14.0,"key":"Energy Potion"},{"floor":16.0,"key":"LiquidMemories"},{"floor":25.0,"key":"FairyPotion"},{"floor":31.0,"key":"FairyPotion"},{"floor":33,"key":"SpeedPotion"},{"floor":35,"key":"EntropicBrew"},{"floor":37,"key":"DistilledChaos"},{"floor":55,"key":"PowerPotion"}],"is_trial":false,"path_per_floor":["M","M","?","?","$","T","R","E","T","R","E","M","?","E","R","B",null,"M","$","?","M","?","E","$","E","T","M","E","R","?","M","R","B",null,"M","M","M","$","M","E","M","R","T","E","M","E","?","?","R","B",null,null,"R","$","E","B",null],"character_chosen":"Librarian","items_purchased":["Medical Kit","PageOfAlriune","OrangePellets","Bronze Scales","PageOfSingingMachine","PageOfBloodbath"],"campfire_rested":0,"item_purchase_floors":[24,24,38,38,54,54],"current_hp_per_floor":[60,60,65,65,65,65,65,65,65,65,65,65,65,65,65,65,86,86,86,86,86,86,86,86,86,86,86,86,86,86,86,86,86,86,86,78,78,78,78,78,78,78,78,78,78,78,78,78,78,78,78,86,86,86,86,55],"gold":97,"neow_bonus":"ONE_RARE_RELIC","is_daily":false,"chose_seed":false,"campfire_upgraded":7,"win_rate":0.0,"timestamp":1614401286,"path_taken":["M","M","?","?","$","?","R","E","T","R","E","M","?","E","R","BOSS","M","?","?","M","?","E","$","E","T","M","E","R","?","M","R","BOSS","M","M","?","$","M","E","M","R","T","E","M","E","?","?","R","BOSS","R","$","E","BOSS"],"items_purchased_type":["Relic","Relic","Relic","Relic","Relic","Relic"],"build_version":"2020-12-22","purchased_purges":1,"victory":true,"max_hp_per_floor":[81,81,86,86,86,86,86,86,86,86,86,86,86,86,86,86,86,86,86,86,86,86,86,86,86,86,86,86,86,86,86,86,86,86,86,86,86,86,86,86,86,86,86,86,86,86,86,86,86,86,86,86,86,86,86,86],"card_choices":[{"not_picked":["Retaliate","Faith","MultiHit","Parry2","PreparedMind","GuidanceOfTheGears","CombatPreparation","BayonetCombat","SerpentSwordTechnique"],"picked":"SKIP","floor":1.0},{"not_picked":["Thrust","SuppressingShot","Gigigig","ShockingBlow","MultiBlock","StartinOutLightly","QuickAttack","GreatSerpentsImpact","Overpower"],"picked":"SKIP","floor":2.0},{"not_picked":["Leap_lor","Punishment","GrazeTheGrass","FlyingSword","ViolentFlame","UncannyStrike","Rewind","Thrust","ExtremeEdge"],"picked":"SKIP","floor":8.0},{"not_picked":["SkitterAway","SerpentSwordTechnique","Reload","VioletBlade","GatherIntel","PreemptiveStrike","Crush","Pound"],"picked":"FrontalAssault","floor":11.0},{"not_picked":["ToOvercomeCrisis","GutHarvesting","OminousPower","ViolentFlame","SteelKnuckles","Struggle","UnavoidableGaze","DeepDrag"],"picked":"TheWillOfTheCity","floor":12.0},{"not_picked":["NightInTheBackstreets","FierceCharge","StructuralAnalysis","SnakesPrey","EnergyCycle","ButterflySlash","SuanNi","EnergyShield","SteelKnuckles"],"picked":"SKIP","floor":14.0},{"not_picked":["Leap_lor","PreparedMind+1","SunsetBlade","Slice_lor","EnergyStrike","Zzzzzap","ShrineToMusic","BackstreetsDash+1","HandleRequest"],"picked":"SKIP","floor":18.0},{"not_picked":["GreatSerpentsImpact+1","Wallop_lor","SharpSwipe+1","StrikeDown","FrontalAssault","BurningFlash","Parry2","ClassAndRespect","Quickness"],"picked":"SKIP","floor":21.0},{"not_picked":["SomberProcuration","MultiBlock","Lock","StartinOutLightly","SpearedSweep","YouOnlyLiveOnce","RapidGashes","Parry+1"],"picked":"FrontalAssault","floor":23.0},{"not_picked":["Multislash","ClassAndRespect+1","BackAttack","SenseQuarry","GroundSmash","UpbeatPerformance+1","FleetEdge","YoureTooSlow","TendonChords"],"picked":"SKIP","floor":25.0},{"not_picked":["Gigigig+1","Slice_lor","SmokingPipe","SuppressingShot","Eject","ChiWen","BladeWhirl","UpbeatPerformance","EnergyShield+1"],"picked":"SKIP","floor":27.0},{"not_picked":["GuidanceOfTheGears","Mutilate+1","VenomousFangs","SnakesPrey","SharpSwipe","MindCrush","WillOfThePrescript","Gamble","TrimTheIngredients"],"picked":"SKIP","floor":28.0},{"not_picked":["Parry2+1","LossOfSenses","YouOnlyLiveOnce","FocusFire+1","FierceCharge","SmokingPipe","IngredientHunt","BackAttack","Thirst"],"picked":"SKIP","floor":31.0},{"not_picked":["Rewind","Leap_lor+1","SmokingPipe+1","ConcentratedFire","Parry+1","HighKick","InkOver","OminousPower+1","Reload+1"],"picked":"SKIP","floor":35},{"not_picked":["SinglePointStab","Reload+1","StrikeDown","EndlessBattle","StrongStrike","FleetEdge","UpbeatPerformance+1","YoureTooSlow","SweepTheBackstreets+1"],"picked":"SKIP","floor":36},{"not_picked":["EmotionalTurbulence","UnavoidableGaze+1","SturdyDefense+1","Diversion","Outburst+1","BiteOff+1","SerpentineBarrier","Cruelty","Tailoring"],"picked":"SKIP","floor":37},{"not_picked":["BackstreetsDash","UpbeatPerformance+1","GuardingStance","StructuralAnalysis","Creak+1","SmokingPipe","Punishment","PreemptiveStrike"],"picked":"UnavoidableGaze+1","floor":39},{"not_picked":["HandlingWork","CookingPrep","EnergyCycle+1","YoureAHindrance+1","TheRedNotes+1","PreemptiveStrike+1","Leap_lor+1","Wallop_lor"],"picked":"SunsetBlade+1","floor":40},{"not_picked":["Unlock1+1","Rewind","BurningFlash","WrathOfTorment+1","UpbeatPerformance+1","MultiHit+1","FeatherShield+1","QuickAttack"],"picked":"Faith","floor":41},{"not_picked":["Zzzzzap","Leap_lor+1","DevastatingThrash","ViolentFlame+1","SavageMode","FierceCharge+1","PinpointShot","PreemptiveStrike","Punishment"],"picked":"SKIP","floor":44},{"not_picked":["Wallop_lor+1","SunsetBlade","IdentifyWeakpoint","HardRehearsal+1","GreatSerpentsImpact","YoureTooSlow","Concentration+1","Leap_lor+1","ScratchThat"],"picked":"SKIP","floor":45},{"not_picked":["EmotionalTurbulence","Thrust","FlashingStrike","Reload","YouOnlyLiveOnce","MultiBlock","TendonChords","Pound","GuardingStance"],"picked":"SKIP","floor":46},{"not_picked":["HighKick+1","Rewind","AbsorbImpact","GuardingStance","PinpointShot","Suppress","TheArtOfRapidSteps","DriedUp","FleetFootsteps+1"],"picked":"SKIP","floor":55}],"player_experience":144478,"relics_obtained":[{"floor":6.0,"key":"The Courier"},{"floor":8.0,"key":"Boot"},{"floor":9.0,"key":"PageOfLaetitia"},{"floor":11.0,"key":"PageOfHappyTeddyBear"},{"floor":14.0,"key":"White Beast Statue"},{"floor":23.0,"key":"CeramicFish"},{"floor":25.0,"key":"PageOfBigBadWolf"},{"floor":26.0,"key":"Blue Candle"},{"floor":28.0,"key":"Dream Catcher"},{"floor":40,"key":"Nunchaku"},{"floor":44,"key":"PageOfSnowWhitesApple"},{"floor":46,"key":"War Paint"},{"floor":47,"key":"PageOfTheSilentOrchestra"},{"floor":55,"key":"Ginger"}],"event_choices":[{"damage_healed":0.0,"max_hp_gain":5.0,"max_hp_loss":0.0,"gold_gain":0.0,"event_name":"Big Fish","player_choice":"Donut","floor":3.0,"gold_loss":0.0,"damage_taken":0.0},{"damage_healed":0.0,"max_hp_gain":0.0,"max_hp_loss":0.0,"gold_gain":0.0,"event_name":"Liars Game","player_choice":"Ignored","floor":4.0,"gold_loss":0.0,"damage_taken":0.0},{"damage_healed":0.0,"max_hp_gain":0.0,"max_hp_loss":0.0,"gold_gain":0.0,"event_name":"Lab","player_choice":"Got Potions","floor":13.0,"gold_loss":0.0,"damage_taken":0.0},{"damage_healed":0.0,"max_hp_gain":0.0,"max_hp_loss":0.0,"gold_gain":0.0,"event_name":"Drug Dealer","player_choice":"Inject Mutagens","floor":20.0,"gold_loss":0.0,"damage_taken":0.0,"relics_obtained":["MutagenicStrength"]},{"damage_healed":0.0,"max_hp_gain":0.0,"max_hp_loss":0.0,"gold_gain":0.0,"event_name":"The Mausoleum","player_choice":"Opened","floor":22.0,"gold_loss":0.0,"damage_taken":0.0,"relics_obtained":["Bag of Marbles"],"cards_obtained":["Writhe"]},{"damage_healed":0.0,"max_hp_gain":0.0,"max_hp_loss":0.0,"gold_gain":0.0,"event_name":"Upgrade Shrine","player_choice":"Upgraded","floor":30.0,"gold_loss":0.0,"damage_taken":0.0,"cards_upgraded":["DegradedShockwave"]},{"damage_healed":0,"gold_gain":0,"player_choice":"Fight","damage_taken":0,"max_hp_gain":0,"max_hp_loss":0,"event_name":"Mysterious Sphere","floor":47,"gold_loss":0},{"cards_removed":["DegradedFairy"],"damage_healed":0,"gold_gain":0,"player_choice":"Removed Attack","damage_taken":0,"max_hp_gain":0,"max_hp_loss":0,"event_name":"Falling","floor":48,"gold_loss":0}],"is_beta":false,"boss_relics":[{"not_picked":["Black Star","Calling Bell"],"picked":"Coffee Dripper"},{"not_picked":["Fusion Hammer","Sozu"],"picked":"Philosopher\u0027s Stone"}],"items_purged_floors":[24],"is_endless":false,"potions_floor_spawned":[1,12,14,16,18,21,23,25,27,28,31,33,35,36,37,39,40,41,44,45,46,47,51,55],"ascension_level":4}}