{"host":"ya062ahhhuj9au1o","time":1614449941,"event":{"mods":["BaseMod","Better Third Choice","Downfall","Filter the Spire","Hermit","Minty Spire (QoL Compilation)","Random Character Button","Robot Space Explorer","Somnambulant","StSLib","The Bug Knight","The Cursed","The Marked","The Servant 0.9.4"],"gold_per_floor":[17,32,49,59,59,59,69,69,69,87,35,47,47,35,35,134,134,147,158,158,158],"floor_reached":20,"language":"ENG","playtime":1433,"items_purged":[],"score":289,"play_id":"9993c75f-20ea-4020-92c7-1f741ad09db0","local_time":"20210227131901","is_ascension_mode":true,"campfire_choices":[{"floor":6,"key":"REST"},{"data":"somnambulantmod: QuickNap","floor":8,"key":"SMITH"},{"floor":15,"key":"REST"}],"circlet_count":0,"master_deck":["AscendersBane","somnambulantmod: SomnambulantStrike","somnambulantmod: SomnambulantStrike","somnambulantmod: SomnambulantStrike","somnambulantmod: SomnambulantStrike","somnambulantmod: Defend_Somnambulant","somnambulantmod: Defend_Somnambulant","somnambulantmod: Defend_Somnambulant","somnambulantmod: Defend_Somnambulant","somnambulantmod: Defend_Somnambulant","somnambulantmod: QuickNap+1","somnambulantmod: PrimingPunch+1","somnambulantmod: Nosebleed","somnambulantmod: BadIdea","somnambulantmod: LeechFears","somnambulantmod: Pinch","somnambulantmod: RuthlessStudy","somnambulantmod: MindWave","somnambulantmod: Sleepyhead","somnambulantmod: Nosebleed","somnambulantmod: MindWave+1","somnambulantmod: Withdraw","somnambulantmod: ImpenetrableMind","somnambulantmod: HorrificThought"],"relics":["somnambulantmod: DreamJournal","MealTicket","somnambulantmod: BrokenTimepiece"],"acts_visited":["Exordium","TheCity"],"potions_floor_usage":[12,20,20],"damage_taken":[{"damage":15,"enemies":"Jaw Worm","floor":1,"turns":5},{"damage":18,"enemies":"Cultist","floor":2,"turns":7},{"damage":3,"enemies":"2 Louse","floor":3,"turns":2},{"damage":2,"enemies":"Looter","floor":4,"turns":4},{"damage":6,"enemies":"Blue Slaver","floor":7,"turns":4},{"damage":13,"enemies":"3 Louse","floor":10,"turns":3},{"damage":23,"enemies":"Exordium Wildlife","floor":12,"turns":4},{"damage":8,"enemies":"Exordium Thugs","floor":14,"turns":4},{"damage":65,"enemies":"The Guardian","floor":16,"turns":10},{"damage":22,"enemies":"3 Byrds","floor":18,"turns":5},{"damage":26,"enemies":"2 Thieves","floor":19,"turns":5},{"damage":23,"enemies":"3 Cultists","floor":20,"turns":4}],"seed_played":"-2139382912394124766","potions_obtained":[{"floor":2,"key":"Energy Potion"},{"floor":3,"key":"Weak Potion"},{"floor":12,"key":"Ancient Potion"},{"floor":19,"key":"Weak Potion"}],"is_trial":false,"path_per_floor":["M","M","M","M","?","R","M","R","T","M","$","M","?","M","R","B",null,"M","M","M"],"character_chosen":"THE_SOMNAMBULANT","items_purchased":["somnambulantmod: Sleepyhead"],"campfire_rested":2,"item_purchase_floors":[11],"current_hp_per_floor":[62,44,41,39,39,66,60,60,60,47,62,39,67,59,86,21,71,49,23,0,0],"gold":158,"neow_bonus":"TWENTY_PERCENT_HP_BONUS","is_daily":false,"chose_seed":false,"campfire_upgraded":1,"win_rate":0.0,"timestamp":1614449941,"path_taken":["M","M","M","M","?","R","?","R","T","M","$","M","?","M","R","BOSS","M","M","M"],"items_purchased_type":["Card"],"build_version":"2020-12-22","purchased_purges":0,"victory":false,"max_hp_per_floor":[84,84,84,84,84,86,86,86,86,86,86,86,86,86,88,88,88,88,88,88,88],"card_choices":[{"not_picked":["somnambulantmod: HeavyLids","somnambulantmod: Bruise"],"picked":"somnambulantmod: Nosebleed","floor":1},{"not_picked":["somnambulantmod: RacingThoughts","somnambulantmod: NightmareFuel"],"picked":"somnambulantmod: BadIdea","floor":2},{"not_picked":["somnambulantmod: RacingThoughts","somnambulantmod: SnuggleUp"],"picked":"somnambulantmod: LeechFears","floor":3},{"not_picked":["somnambulantmod: RecurringDream","somnambulantmod: HeavyLids"],"picked":"somnambulantmod: Pinch","floor":4},{"not_picked":["somnambulantmod: Relive","somnambulantmod: Overshare"],"picked":"somnambulantmod: RuthlessStudy","floor":7},{"not_picked":["somnambulantmod: HeavyLids","somnambulantmod: Extract"],"picked":"somnambulantmod: MindWave","floor":10},{"not_picked":["somnambulantmod: Repression","somnambulantmod: PourItOut"],"picked":"somnambulantmod: Nosebleed","floor":12},{"not_picked":["somnambulantmod: SnuggleUp","somnambulantmod: Bloom"],"picked":"somnambulantmod: MindWave","floor":14},{"not_picked":["somnambulantmod: Mindlessness","somnambulantmod: Lucidity"],"picked":"somnambulantmod: Withdraw","floor":16},{"not_picked":["somnambulantmod: SnuggleUp+1","somnambulantmod: Bloom"],"picked":"somnambulantmod: ImpenetrableMind","floor":18},{"not_picked":["somnambulantmod: BadIdea","somnambulantmod: DreamBig"],"picked":"somnambulantmod: HorrificThought","floor":19}],"player_experience":1842377,"relics_obtained":[{"floor":9,"key":"MealTicket"}],"event_choices":[{"cards_removed":["somnambulantmod: SomnambulantStrike"],"damage_healed":0,"gold_gain":0,"player_choice":"Card Removal","damage_taken":0,"max_hp_gain":0,"max_hp_loss":0,"event_name":"Wheel of Change","floor":5,"gold_loss":0},{"damage_healed":28,"gold_gain":0,"player_choice":"Banana","damage_taken":0,"max_hp_gain":0,"max_hp_loss":0,"event_name":"Big Fish","floor":13,"gold_loss":0}],"is_beta":false,"boss_relics":[{"not_picked":["Cursed Key","Runic Dome"],"picked":"somnambulantmod: BrokenTimepiece"}],"items_purged_floors":[],"is_endless":false,"potions_floor_spawned":[2,3,12,19],"killed_by":"3 Cultists","ascension_level":11}}