{"host":"cd9ii0p4lcq6b7m2","time":1614388259,"event":{"mods":["BaseMod","Block Reminder","Colored Map","Highlight Path","Minty Spire (QoL Compilation)"],"gold_per_floor":[114,129,54,54,54,84,84,114,164,194,194,194,194,224,224,324,324,339,339,354,62,77,107,107,137,162,162,177,192,222,222,222,322,322,337,352,41,56,56,56,86,101,126,156,171,171,201,219,219,219],"floor_reached":51,"language":"ENG","playtime":4612,"items_purged":["Eruption","Strike_R","Zap"],"score":794,"play_id":"e818cd84-d9dc-482c-a104-1d59f4feb49d","local_time":"20210227011059","daily_mods":["Chimera","Time Dilation","Elite Swarm"],"is_ascension_mode":false,"campfire_choices":[{"floor":7,"key":"REST"},{"data":"Go for the Eyes","floor":12,"key":"SMITH"},{"floor":15,"key":"REST"},{"data":"Machine Learning","floor":24,"key":"SMITH"},{"data":"Beam Cell","floor":27,"key":"SMITH"},{"data":"Reboot","floor":32,"key":"SMITH"},{"data":"Panache","floor":40,"key":"SMITH"},{"data":"Seek","floor":46,"key":"SMITH"},{"data":"Deep Breath","floor":49,"key":"SMITH"}],"circlet_count":0,"master_deck":["Bash","Survivor","Strike_G","Defend_R","Defend_P+1","Go for the Eyes+1","Ball Lightning","Hologram+1","All For One","Core Surge","All For One","CurseOfTheBell","Melter","Beam Cell+1","Seek+1","Gash","Deep Breath+1","FTL","Machine Learning+1","Rainbow","Gash+1","Reboot+1","Beam Cell+1","Sweeping Beam+1","Panache+1","Madness","Madness"],"relics":["Cracked Core","Bag of Preparation","Happy Flower","Potion Belt","Bag of Marbles","Gambling Chip","CaptainsWheel","Calling Bell","Akabeko","Question Card","Prayer Wheel","Lantern","Eternal Feather","Blood Vial","Dream Catcher","Runic Pyramid","CeramicFish","Nunchaku","Molten Egg 2","Ginger"],"acts_visited":["TheCity","TheBeyond"],"potions_floor_usage":[6,7,16,30,30,33,38,38,41,50,50,50],"damage_taken":[{"damage":4,"enemies":"2 Louse","floor":1,"turns":3},{"damage":0,"enemies":"Small Slimes","floor":2,"turns":2},{"damage":11,"enemies":"Gremlin Nob","floor":6,"turns":3},{"damage":29,"enemies":"3 Sentries","floor":8,"turns":6},{"damage":10,"enemies":"Gremlin Nob","floor":10,"turns":3},{"damage":17,"enemies":"3 Sentries","floor":14,"turns":5},{"damage":26,"enemies":"The Guardian","floor":16,"turns":7},{"damage":2,"enemies":"Spheric Guardian","floor":18,"turns":3},{"damage":0,"enemies":"Shell Parasite","floor":20,"turns":2},{"damage":2,"enemies":"Cultist and Chosen","floor":22,"turns":3},{"damage":12,"enemies":"Book of Stabbing","floor":23,"turns":2},{"damage":6,"enemies":"Slavers","floor":25,"turns":3},{"damage":0,"enemies":"Snecko","floor":28,"turns":2},{"damage":0,"enemies":"Shelled Parasite and Fungi","floor":29,"turns":2},{"damage":0,"enemies":"Book of Stabbing","floor":30,"turns":2},{"damage":6,"enemies":"Automaton","floor":33,"turns":6},{"damage":20,"enemies":"3 Darklings","floor":35,"turns":2},{"damage":28,"enemies":"3 Shapes","floor":36,"turns":2},{"damage":7,"enemies":"Writhing Mass","floor":38,"turns":3},{"damage":24,"enemies":"Reptomancer","floor":41,"turns":3},{"damage":0,"enemies":"Transient","floor":42,"turns":5},{"damage":8,"enemies":"Giant Head","floor":44,"turns":4},{"damage":14,"enemies":"Maw","floor":45,"turns":3},{"damage":9,"enemies":"Reptomancer","floor":47,"turns":3},{"damage":44,"enemies":"Donu and Deca","floor":50,"turns":6}],"seed_played":"4728103701414758894","potions_obtained":[{"floor":2,"key":"SteroidPotion"},{"floor":6,"key":"Fruit Juice"},{"floor":10,"key":"CultistPotion"},{"floor":18,"key":"ColorlessPotion"},{"floor":25,"key":"Block Potion"},{"floor":28,"key":"SkillPotion"},{"floor":30,"key":"Weak Potion"},{"floor":38,"key":"Strength Potion"},{"floor":42,"key":"Swift Potion"},{"floor":45,"key":"PotionOfCapacity"},{"floor":47,"key":"Swift Potion"}],"is_trial":false,"path_per_floor":["M","M","$","?","?","E","R","E","T","E","?","R","?","E","R","B",null,"M","?","M","$","M","E","R","E","T","R","M","M","E","?","R","B",null,"M","M","$","M","?","R","E","M","T","E","M","R","E","?","R","B",null],"character_chosen":"DEFECT","items_purchased":["Gash","Deep Breath","BlessingOfTheForge","Panache"],"campfire_rested":2,"item_purchase_floors":[21,21,21,37],"current_hp_per_floor":[71,71,71,71,56,45,72,43,43,33,59,59,56,39,63,37,80,78,78,78,78,76,64,64,58,58,70,72,74,76,76,80,74,80,60,34,34,29,70,70,46,48,48,42,30,45,38,29,44,2],"gold":219,"neow_bonus":"","is_daily":true,"chose_seed":false,"campfire_upgraded":7,"win_rate":0.0,"timestamp":1614388259,"path_taken":["M","M","$","?","?","E","R","E","T","E","?","R","?","E","R","BOSS","M","?","M","$","M","E","R","E","T","R","M","M","E","?","R","BOSS","M","M","$","M","?","R","E","M","T","E","M","R","E","?","R","BOSS"],"items_purchased_type":["Card","Card","Potion","Card"],"build_version":"2020-12-22","purchased_purges":3,"victory":true,"max_hp_per_floor":[75,75,75,75,75,75,80,80,80,80,80,80,80,80,80,80,80,80,80,80,80,80,80,80,80,80,80,80,80,80,80,80,80,80,80,80,80,80,70,70,70,70,70,70,70,70,70,70,70,70],"card_choices":[{"not_picked":["Hologram","Skim"],"picked":"Go for the Eyes","floor":1},{"not_picked":["Redo","Sweeping Beam"],"picked":"Ball Lightning","floor":2},{"not_picked":["Reboot","Meteor Strike"],"picked":"All For One","floor":6},{"not_picked":["Machine Learning","Hyperbeam","Biased Cognition"],"picked":"SKIP","floor":8},{"not_picked":["Multi-Cast","Meteor Strike","Electrodynamics"],"picked":"SKIP","floor":10},{"not_picked":["Buffer","Fission"],"picked":"Core Surge","floor":14},{"not_picked":["Core Surge","Multi-Cast"],"picked":"All For One","floor":16},{"not_picked":["Cold Snap","Heatsinks","Fusion"],"picked":"Melter","floor":18},{"not_picked":["Conserve Battery","Redo","Barrage","Reinforced Body"],"picked":"SKIP","floor":18},{"not_picked":["Stack+1","Steam","Scrape"],"picked":"Beam Cell","floor":20},{"not_picked":["Hologram+1","Barrage","Turbo"],"picked":"Seek","floor":20},{"not_picked":["Reprogram+1","Darkness+1","Ball Lightning+1"],"picked":"FTL","floor":22},{"not_picked":["Stack","Hologram","Double Energy","Redo"],"picked":"SKIP","floor":22},{"not_picked":["Creative AI","Electrodynamics","Amplify"],"picked":"Machine Learning","floor":23},{"not_picked":["Reboot","Hyperbeam","Amplify"],"picked":"Rainbow","floor":25},{"not_picked":["Streamline","Chaos+1","Glacier"],"picked":"Gash+1","floor":28},{"not_picked":["Hologram+1","Sunder+1","Turbo","Go for the Eyes"],"picked":"SKIP","floor":28},{"not_picked":["Stack","Beam Cell","Loop","Darkness"],"picked":"SKIP","floor":29},{"not_picked":["Hello World+1","Redo","Doom and Gloom","Rip and Tear+1"],"picked":"SKIP","floor":29},{"not_picked":["Machine Learning","Meteor Strike","Rainbow"],"picked":"Reboot","floor":30},{"not_picked":["Go for the Eyes","Steam+1","Hello World+1"],"picked":"Beam Cell+1","floor":35},{"not_picked":["Streamline","Chaos","Coolheaded","Cold Snap"],"picked":"SKIP","floor":35},{"not_picked":["BootSequence+1","Doom and Gloom","Tempest+1"],"picked":"Sweeping Beam+1","floor":36},{"not_picked":["Heatsinks+1","Reinforced Body","Turbo","Rip and Tear"],"picked":"SKIP","floor":36},{"not_picked":["Rainbow","Ball Lightning","White Noise","Hello World+1"],"picked":"SKIP","floor":38},{"not_picked":["FTL","Compile Driver+1","BootSequence","Go for the Eyes+1"],"picked":"SKIP","floor":38},{"not_picked":["Thunder Strike","Rainbow","Hyperbeam","Buffer"],"picked":"SKIP","floor":41},{"not_picked":["Redo+1","Ball Lightning+1","Beam Cell+1","Rip and Tear+1"],"picked":"SKIP","floor":42},{"not_picked":["Go for the Eyes","Cold Snap","Stack","Conserve Battery"],"picked":"SKIP","floor":42},{"not_picked":["Amplify","Core Surge+1","Biased Cognition","Machine Learning"],"picked":"SKIP","floor":44},{"not_picked":["Sweeping Beam+1","Compile Driver+1","Rebound+1","Hyperbeam+1"],"picked":"SKIP","floor":45},{"not_picked":["Lockon+1","Stack","Reinforced Body+1","Defragment+1"],"picked":"SKIP","floor":45},{"not_picked":["Hyperbeam+1","Electrodynamics","Rainbow","Amplify"],"picked":"SKIP","floor":47}],"player_experience":182389,"relics_obtained":[{"floor":6,"key":"Bag of Preparation"},{"floor":8,"key":"Happy Flower"},{"floor":9,"key":"Potion Belt"},{"floor":10,"key":"Bag of Marbles"},{"floor":14,"key":"CaptainsWheel"},{"floor":17,"key":"Akabeko"},{"floor":17,"key":"Question Card"},{"floor":17,"key":"Prayer Wheel"},{"floor":23,"key":"Lantern"},{"floor":25,"key":"Eternal Feather"},{"floor":26,"key":"Blood Vial"},{"floor":30,"key":"Dream Catcher"},{"floor":41,"key":"CeramicFish"},{"floor":43,"key":"Nunchaku"},{"floor":44,"key":"Molten Egg 2"},{"floor":47,"key":"Ginger"}],"event_choices":[{"damage_healed":0,"gold_gain":0,"cards_transformed":["Strike_B"],"player_choice":"Change","damage_taken":0,"max_hp_gain":0,"max_hp_loss":0,"event_name":"Living Wall","floor":4,"gold_loss":0,"cards_obtained":["Hologram"]},{"damage_healed":0,"gold_gain":0,"player_choice":"Entered Light","damage_taken":15,"max_hp_gain":0,"max_hp_loss":0,"event_name":"Shining Light","floor":5,"gold_loss":0,"cards_upgraded":["Defend_P","Hologram"]},{"damage_healed":26,"gold_gain":0,"player_choice":"Banana","damage_taken":0,"max_hp_gain":0,"max_hp_loss":0,"event_name":"Big Fish","floor":11,"gold_loss":0},{"damage_healed":0,"gold_gain":0,"player_choice":"Success","damage_taken":3,"relics_obtained":["Gambling Chip"],"max_hp_gain":0,"max_hp_loss":0,"event_name":"Scrap Ooze","floor":13,"gold_loss":0},{"cards_removed":["Defend_G"],"damage_healed":0,"gold_gain":0,"player_choice":"Elegance","damage_taken":0,"max_hp_gain":0,"max_hp_loss":0,"event_name":"Back to Basics","floor":19,"gold_loss":0},{"damage_healed":0,"gold_gain":0,"player_choice":"Ignored","damage_taken":0,"max_hp_gain":0,"max_hp_loss":0,"event_name":"Ghosts","floor":31,"gold_loss":0},{"damage_healed":70,"gold_gain":0,"player_choice":"Heal","damage_taken":0,"max_hp_gain":0,"max_hp_loss":10,"event_name":"The Moai Head","floor":39,"gold_loss":0},{"damage_healed":0,"gold_gain":0,"player_choice":"Embrace Madness","damage_taken":9,"max_hp_gain":0,"max_hp_loss":0,"event_name":"Winding Halls","floor":48,"gold_loss":0,"cards_obtained":["Madness","Madness"]}],"is_beta":false,"boss_relics":[{"not_picked":["Runic Dome","Coffee Dripper"],"picked":"Calling Bell"},{"not_picked":["SlaversCollar","Nuclear Battery"],"picked":"Runic Pyramid"}],"items_purged_floors":[3,21,37],"is_endless":false,"potions_floor_spawned":[2,6,10,18,25,28,30,38,42,45,47],"ascension_level":0}}