{"host":"7vsti54a9aip3o1e","time":1614440893,"event":{"mods":["AchievementEnabler","BaseMod","Colored Map","Colored Powertips","Highlight Path","Minty Spire (QoL Compilation)","Quick Restart","Rare Cards Sparkle","SuperFastMode"],"gold_per_floor":[114,27,177,188,188,188,203,233,278,296,296,296],"floor_reached":11,"language":"ENG","playtime":163,"items_purged":[],"score":113,"play_id":"9b9a1e57-cb74-4b6b-9beb-eadc79cf8abc","local_time":"20210227104813","is_ascension_mode":true,"campfire_choices":[{"data":"FTL","floor":6,"key":"SMITH"}],"circlet_count":0,"master_deck":["AscendersBane","Strike_B","Strike_B","Strike_B","Strike_B","Defend_B","Defend_B","Defend_B","Defend_B","Zap","Dualcast","FTL+1","Doubt","Rebound","Auto Shields","Gash"],"relics":["Cracked Core","NeowsBlessing","Singing Bowl","Dream Catcher"],"acts_visited":["Exordium"],"potions_floor_usage":[],"damage_taken":[{"damage":0,"enemies":"Small Slimes","floor":1,"turns":1},{"damage":0,"enemies":"Jaw Worm","floor":4,"turns":1},{"damage":0,"enemies":"2 Louse","floor":7,"turns":1},{"damage":36,"enemies":"Exordium Thugs","floor":10,"turns":6},{"damage":4,"enemies":"Gremlin Nob","floor":11,"turns":2}],"seed_played":"3072652826830430066","potions_obtained":[{"floor":1,"key":"Energy Potion"},{"floor":7,"key":"LiquidMemories"}],"is_trial":false,"path_per_floor":["M","$","?","M","?","R","M","?","T","M","E"],"character_chosen":"DEFECT","items_purchased":["FTL"],"campfire_rested":0,"item_purchase_floors":[2],"current_hp_per_floor":[64,64,64,64,38,38,38,38,38,2,0,0],"gold":296,"neow_bonus":"THREE_ENEMY_KILL","is_daily":false,"chose_seed":false,"campfire_upgraded":1,"win_rate":0.0,"timestamp":1614440893,"path_taken":["M","$","?","M","?","R","M","?","T","M","E"],"items_purchased_type":["Card"],"build_version":"2020-12-22","purchased_purges":0,"victory":false,"max_hp_per_floor":[71,71,71,71,71,71,71,71,71,71,71,71],"card_choices":[{"not_picked":["Reinforced Body","Cold Snap","Aggregate"],"picked":"SKIP","floor":1},{"not_picked":["Sweeping Beam","Cold Snap"],"picked":"Rebound","floor":4},{"not_picked":["BootSequence","Double Energy"],"picked":"Auto Shields","floor":7},{"not_picked":["Coolheaded","Skim"],"picked":"Gash","floor":10}],"player_experience":576047,"relics_obtained":[{"floor":9,"key":"Dream Catcher"}],"event_choices":[{"damage_healed":0,"gold_gain":150,"player_choice":"AGREE","damage_taken":0,"max_hp_gain":0,"max_hp_loss":0,"event_name":"Liars Game","floor":3,"gold_loss":0,"cards_obtained":["Doubt"]},{"damage_healed":0,"gold_gain":0,"player_choice":"Success","damage_taken":26,"relics_obtained":["Singing Bowl"],"max_hp_gain":0,"max_hp_loss":0,"event_name":"Scrap Ooze","floor":5,"gold_loss":0},{"damage_healed":0,"gold_gain":30,"player_choice":"Searched \u00271\u0027 times","damage_taken":0,"max_hp_gain":0,"max_hp_loss":0,"event_name":"Dead Adventurer","floor":8,"gold_loss":0}],"is_beta":false,"boss_relics":[],"items_purged_floors":[],"is_endless":false,"potions_floor_spawned":[1,7],"killed_by":"Gremlin Nob","ascension_level":16}}