{"host":"w4b7hmige5bnqipq","time":1614456273,"event":{"mods":["2.2 Compatiblity","BaseMod","Colored Map","DeckTracker","Keyboard Shortcuts","Minty Spire (QoL Compilation)","Permanent Neow","Rare Cards Sparkle","SuperFastMode","everything is the same but u backflip on backflip","slay the spire mod where everything is the same but ironclad has a cowboy hat"],"gold_per_floor":[119,84,96,113,131,131,131,164,164,177,192,222,241,241,241,314,314,324,324,324,294,294,294],"floor_reached":22,"language":"KOR","playtime":675,"items_purged":[],"score":386,"play_id":"a3eb75ee-3b33-48e1-a610-0883623f4f8c","local_time":"20210228040433","is_ascension_mode":true,"campfire_choices":[{"data":"White Noise","floor":6,"key":"SMITH"},{"data":"Biased Cognition","floor":15,"key":"SMITH"}],"circlet_count":0,"master_deck":["AscendersBane","Strike_B+1","Strike_B+1","Defend_B+1","Defend_B+1","Defend_B+1","Defend_B+1","Zap","Dualcast","Thunder Strike","Blizzard","Ball Lightning+1","White Noise+1","Conserve Battery","Biased Cognition+1","Rebound","Glacier","Undo","Go for the Eyes","Cold Snap","Defragment"],"relics":["Cracked Core","Strawberry","Whetstone","Anchor","Coffee Dripper","Question Card"],"acts_visited":["Exordium","TheCity"],"potions_floor_usage":[8,8,13,18],"damage_taken":[{"damage":9,"enemies":"Jaw Worm","floor":1,"turns":4},{"damage":10,"enemies":"Small Slimes","floor":3,"turns":3},{"damage":0,"enemies":"Cultist","floor":4,"turns":3},{"damage":12,"enemies":"Looter","floor":5,"turns":4},{"damage":6,"enemies":"Lagavulin","floor":8,"turns":6},{"damage":12,"enemies":"2 Fungi Beasts","floor":10,"turns":2},{"damage":0,"enemies":"Red Slaver","floor":11,"turns":3},{"damage":13,"enemies":"3 Sentries","floor":12,"turns":8},{"damage":0,"enemies":"Gremlin Gang","floor":13,"turns":4},{"damage":5,"enemies":"The Guardian","floor":16,"turns":18},{"damage":28,"enemies":"3 Byrds","floor":18,"turns":5},{"damage":11,"enemies":"2 Thieves","floor":21,"turns":4},{"damage":26,"enemies":"Cultist and Chosen","floor":22,"turns":5}],"seed_played":"4145438458016732666","potions_obtained":[{"floor":3,"key":"ColorlessPotion"},{"floor":5,"key":"Regen Potion"},{"floor":8,"key":"FearPotion"},{"floor":16,"key":"Fire Potion"},{"floor":21,"key":"SpeedPotion"}],"is_trial":false,"path_per_floor":["M","?","M","M","M","R","?","E","T","M","M","E","M","T","R","B",null,"M","?","T","M","M"],"character_chosen":"DEFECT","items_purchased":[],"campfire_rested":0,"item_purchase_floors":[],"current_hp_per_floor":[37,54,44,44,32,32,32,47,47,35,35,22,22,22,22,17,63,35,35,35,24,0,0],"gold":294,"neow_bonus":"TRANSFORM_TWO_CARDS","is_daily":false,"chose_seed":false,"campfire_upgraded":2,"win_rate":0.0,"timestamp":1614456273,"path_taken":["M","?","M","M","M","R","?","E","T","M","M","E","M","?","R","BOSS","M","?","?","M","M"],"items_purchased_type":[],"build_version":"2020-12-22","purchased_purges":0,"victory":false,"max_hp_per_floor":[71,71,71,71,71,71,71,78,78,78,78,78,78,78,78,78,78,78,78,78,78,78,78],"card_choices":[{"not_picked":["Leap","Loop"],"picked":"Ball Lightning","floor":1},{"not_picked":["Turbo","Static Discharge"],"picked":"White Noise","floor":3},{"not_picked":["Cold Snap","Ball Lightning"],"picked":"Conserve Battery","floor":4},{"not_picked":["White Noise","Static Discharge"],"picked":"Biased Cognition","floor":5},{"not_picked":["Beam Cell","Darkness"],"picked":"Rebound","floor":8},{"not_picked":["Conserve Battery","Skim"],"picked":"Glacier","floor":10},{"not_picked":["Go for the Eyes","Melter"],"picked":"Undo","floor":11},{"not_picked":["Tempest","Doom and Gloom"],"picked":"Go for the Eyes","floor":12},{"not_picked":["Chaos","Storm"],"picked":"Cold Snap","floor":13},{"not_picked":["Redo","Turbo","Leap"],"picked":"SKIP","floor":18},{"not_picked":["Sweeping Beam","Leap","Go for the Eyes"],"picked":"Defragment","floor":21}],"player_experience":802929,"relics_obtained":[{"floor":8,"key":"Strawberry"},{"floor":9,"key":"Whetstone"},{"floor":14,"key":"Anchor"},{"floor":20,"key":"Question Card"}],"event_choices":[{"damage_healed":17,"gold_gain":0,"player_choice":"Healed","damage_taken":0,"max_hp_gain":0,"max_hp_loss":0,"event_name":"The Cleric","floor":2,"gold_loss":35},{"damage_healed":0,"gold_gain":0,"player_choice":"Ignored","damage_taken":0,"max_hp_gain":0,"max_hp_loss":0,"event_name":"Liars Game","floor":7,"gold_loss":0},{"damage_healed":0,"gold_gain":0,"player_choice":"Simplicity","damage_taken":0,"max_hp_gain":0,"max_hp_loss":0,"event_name":"Back to Basics","floor":19,"gold_loss":0,"cards_upgraded":["Strike_B","Defend_B","Defend_B","Defend_B","Defend_B"]}],"is_beta":false,"boss_relics":[{"not_picked":["Pandora\u0027s Box","Runic Dome"],"picked":"Coffee Dripper"}],"items_purged_floors":[],"is_endless":false,"potions_floor_spawned":[3,5,8,16,21],"killed_by":"Cultist and Chosen","ascension_level":19}}