{"host":"nsbvf48t13c3go4z","time":1614432335,"event":{"mods":["BaseMod","Downfall","GifTheSpireLib","Marisa????????","Minty Spire (QoL Compilation)","StSLib","The Animator","The Bug Knight","The Poker Player","The Problem Sleuth","The Saiyan","The Senshi","The Servant 0.9.4","thorton"],"gold_per_floor":[19,37,48,48,48,48,79,91,91,43,43,43,43,63,63,164,164,178,193,37,54,54,83,8,36,36,47,57,57,57,68,68,68,68],"floor_reached":33,"language":"ENG","playtime":1618,"items_purged":["theSenshi:SailorKick"],"score":390,"play_id":"4ce3601b-5aac-4bc9-84b7-667b87514c76","local_time":"20210227082535","is_ascension_mode":true,"campfire_choices":[{"data":"theSenshi:SailorKick","floor":6,"key":"SMITH"},{"floor":12,"key":"REST"},{"data":"theSenshi:StarlightHoneymoonTherapyKiss","floor":15,"key":"SMITH"},{"floor":30,"key":"REST"},{"floor":32,"key":"REST"}],"circlet_count":0,"master_deck":["theSenshi:SailorKick+1","theSenshi:SailorKick","theSenshi:SailorKick","theSenshi:SailorBlock","theSenshi:SailorBlock","theSenshi:SailorBlock","theSenshi:SailorBlock","theSenshi:RoseThrow","theSenshi:MoonPrismPowerMakeUp+1","Secret Weapon","theSenshi:MoonCrystalPowerMakeUp","theSenshi:MoonPunch","theSenshi:SailorMercuryAssists","theSenshi:StarlightHoneymoonTherapyKiss+1","theSenshi:TallSilhouette","theSenshi:UranusStrength","theSenshi:MoonGorgeousMeditation","theSenshi:MoonPunch","theSenshi:MoonCrisisMakeUp+1","theSenshi:GlimpseOfThePast","theSenshi:MoonKick","theSenshi:MoonTiaraMagic+1","Writhe"],"relics":["theSenshi:TransformationBroochRelic","Mummified Hand","Juzu Bracelet","Bottled Tornado","Fusion Hammer","PreservedInsect","Boot","theSenshi:CutieMoonRodRelic","Peace Pipe","HollowMod:StagPassRelic"],"acts_visited":["Exordium","TheCity"],"potions_floor_usage":[7,8,16,18,19,22,23,25,25,28,31],"damage_taken":[{"damage":4,"enemies":"Cultist","floor":1,"turns":5},{"damage":14,"enemies":"2 Louse","floor":2,"turns":5},{"damage":0,"enemies":"Jaw Worm","floor":3,"turns":4},{"damage":46,"enemies":"3 Sentries","floor":7,"turns":9},{"damage":3,"enemies":"2 Fungi Beasts","floor":8,"turns":5},{"damage":1,"enemies":"Blue Slaver","floor":14,"turns":4},{"damage":23,"enemies":"Slime Boss","floor":16,"turns":10},{"damage":2,"enemies":"Shell Parasite","floor":18,"turns":5},{"damage":0,"enemies":"Chosen","floor":19,"turns":4},{"damage":26,"enemies":"Centurion and Healer","floor":21,"turns":5},{"damage":5,"enemies":"Gremlin Leader","floor":23,"turns":5},{"damage":18,"enemies":"Book of Stabbing","floor":25,"turns":3},{"damage":0,"enemies":"Cultist and Chosen","floor":27,"turns":6},{"damage":5,"enemies":"Chosen and Byrds","floor":28,"turns":5},{"damage":2,"enemies":"Snecko","floor":31,"turns":4},{"damage":84,"enemies":"Automaton","floor":33,"turns":6}],"seed_played":"-7129289889169600339","potions_obtained":[{"floor":1,"key":"Dexterity Potion"},{"floor":2,"key":"GamblersBrew"},{"floor":16,"key":"Block Potion"},{"floor":18,"key":"Explosive Potion"},{"floor":22,"key":"Weak Potion"},{"floor":22,"key":"Fruit Juice"},{"floor":22,"key":"Slimebound:ThreeZeroPotion"},{"floor":23,"key":"hexamod:SoulburnPotion"},{"floor":27,"key":"Swift Potion"},{"floor":28,"key":"BlessingOfTheForge"}],"is_trial":false,"path_per_floor":["M","M","M","T","?","R","E","M","T","$","?","R","?","M","R","B",null,"M","M","$","M","?","E","$","E","T","M","M","?","R","M","R","B"],"character_chosen":"THE_SENSHI","items_purchased":["Strength Potion","PreservedInsect"],"campfire_rested":3,"item_purchase_floors":[10,20],"current_hp_per_floor":[71,57,57,57,57,57,11,8,8,8,8,30,30,29,29,6,58,56,56,56,30,35,30,30,12,12,12,7,7,31,29,53,0,0],"gold":68,"neow_bonus":"RANDOM_COLORLESS_2","is_daily":false,"chose_seed":false,"campfire_upgraded":2,"win_rate":0.0,"timestamp":1614432335,"path_taken":["M","M","M","?","?","R","E","M","T","?","?","R","?","M","R","BOSS","M","M","$","M","?","E","?","E","T","M","M","?","R","M","R","BOSS"],"items_purchased_type":["Potion","Relic"],"build_version":"2020-12-22","purchased_purges":1,"victory":false,"max_hp_per_floor":[75,75,75,75,75,75,75,75,75,75,75,75,75,75,75,75,75,75,75,75,75,80,80,80,80,80,80,80,80,80,80,80,80,80],"card_choices":[{"not_picked":["Panache","Master of Strategy"],"picked":"Secret Weapon","floor":0},{"not_picked":["theSenshi:InTheNickOfTime","theSenshi:LunasBite"],"picked":"theSenshi:MoonCrystalPowerMakeUp","floor":1},{"not_picked":["theSenshi:TallSilhouette","theSenshi:TuxedoSmokingBomber"],"picked":"theSenshi:MoonPunch","floor":2},{"not_picked":["theSenshi:MoonsReflection","theSenshi:MoonCrisisMakeUp"],"picked":"theSenshi:SailorMercuryAssists","floor":3},{"not_picked":["theSenshi:SupersonicWaves","theSenshi:EncouragingSpeech"],"picked":"theSenshi:StarlightHoneymoonTherapyKiss","floor":7},{"not_picked":["theSenshi:LateForSchool","theSenshi:LunasBite"],"picked":"theSenshi:TallSilhouette","floor":8},{"not_picked":["theSenshi:SupersonicWaves","theSenshi:SailorMercuryAssists"],"picked":"theSenshi:UranusStrength","floor":14},{"not_picked":["theSenshi:SilverMoonCrystalPowerKiss","theSenshi:SailorCosmosAssists"],"picked":"theSenshi:MoonGorgeousMeditation","floor":16},{"not_picked":["theSenshi:SchoolBag","theSenshi:EncouragingSpeech","theSenshi:LunasBite+1"],"picked":"SKIP","floor":18},{"not_picked":["theSenshi:SailorChibiMoonAssists","theSenshi:SailorMarsAssists"],"picked":"theSenshi:MoonPunch","floor":19},{"not_picked":["theSenshi:EncouragingSpeech","theSenshi:MoonCosmicPowerMakeUp"],"picked":"theSenshi:MoonCrisisMakeUp+1","floor":21},{"not_picked":["theSenshi:LunaWiseMentor+1","theSenshi:MoonKick"],"picked":"theSenshi:GlimpseOfThePast","floor":23},{"not_picked":["theSenshi:TuxedoSmokingBomber+1","theSenshi:MoonPower"],"picked":"theSenshi:MoonKick","floor":25},{"not_picked":["theSenshi:LunasBite","theSenshi:MoonPrincessHalation","theSenshi:FatedKiss"],"picked":"SKIP","floor":27},{"not_picked":["theSenshi:SailorMercuryAssists+1","theSenshi:SupersonicWaves+1"],"picked":"theSenshi:MoonTiaraMagic+1","floor":28},{"not_picked":["theSenshi:GatheringStrength","theSenshi:SailorMarsAssists","theSenshi:SailorStarMakerAssists"],"picked":"SKIP","floor":31}],"player_experience":2550369,"relics_obtained":[{"floor":4,"key":"Mummified Hand"},{"floor":7,"key":"Juzu Bracelet"},{"floor":9,"key":"Bottled Tornado"},{"floor":23,"key":"Boot"},{"floor":25,"key":"theSenshi:CutieMoonRodRelic"},{"floor":26,"key":"Peace Pipe"}],"event_choices":[{"damage_healed":0,"gold_gain":0,"player_choice":"Grow","damage_taken":0,"max_hp_gain":0,"max_hp_loss":0,"event_name":"Living Wall","floor":5,"gold_loss":0,"cards_upgraded":["theSenshi:MoonPrismPowerMakeUp"]},{"damage_healed":0,"gold_gain":0,"player_choice":"Ignored","damage_taken":0,"max_hp_gain":0,"max_hp_loss":0,"event_name":"Shining Light","floor":11,"gold_loss":0},{"damage_healed":0,"gold_gain":0,"player_choice":"Fled","damage_taken":0,"max_hp_gain":0,"max_hp_loss":0,"event_name":"Scrap Ooze","floor":13,"gold_loss":0},{"damage_healed":0,"gold_gain":0,"player_choice":"Got Potions","damage_taken":0,"max_hp_gain":0,"max_hp_loss":0,"event_name":"Lab","floor":22,"gold_loss":0},{"damage_healed":0,"gold_gain":0,"player_choice":"Opened","damage_taken":0,"relics_obtained":["HollowMod:StagPassRelic"],"max_hp_gain":0,"max_hp_loss":0,"event_name":"The Mausoleum","floor":29,"gold_loss":0,"cards_obtained":["Writhe"]}],"is_beta":false,"boss_relics":[{"not_picked":["Snecko Eye","SlaversCollar"],"picked":"Fusion Hammer"}],"items_purged_floors":[24],"is_endless":false,"potions_floor_spawned":[1,2,16,18,23,27,28],"killed_by":"Automaton","ascension_level":5}}