{"host":"7eytxr1oawi6r5nr","time":1614460554,"event":{"mods":["Act Like it!","BaseMod","Better Third Choice","Curses Come First","Dark Map","Hermit","Hubris","Ironclad Rager","Minty Spire (QoL Compilation)","Permanent Neow","Quick Restart","Rare Cards Sparkle","Relic Filter Mod","Reliquary","Replay The Spire","Ruina","StSLib","The Cursed","The Disciple","The Forsaken","The IronCluck","The Runesmith","The Servant 0.9.4","Wide Potions"],"gold_per_floor":[432,465,519,576,305,305,305],"floor_reached":6,"language":"ENG","playtime":317,"items_purged":["theForsaken:TheForsaken_Strike"],"score":48,"play_id":"907b74a9-ca1e-4607-95ea-689701b6ad43","local_time":"20210227211554","daily_mods":["Vintage","Heirloom","Flight","DeadlyEvents","Elite Swarm","Midas"],"is_ascension_mode":true,"campfire_choices":[],"circlet_count":0,"master_deck":["theForsaken:TheForsaken_Strike","theForsaken:TheForsaken_Strike","theForsaken:TheForsaken_Strike","theForsaken:TheForsaken_Defend","theForsaken:TheForsaken_Defend","theForsaken:TheForsaken_Defend","theForsaken:TheForsaken_Defend","theForsaken:Smite","theForsaken:Penitence","theForsaken:WordsOfMight"],"relics":["theForsaken:JudgementScales","Ring of Chaos","replay:Trail_Library","hubris:BundleOfHerbs","Old Coin","Tiny Chest","reliquary:RosewoodLute","Anchor","Replay:Wax Seal","hubris:OldNail"],"acts_visited":["Exordium"],"potions_floor_usage":[],"damage_taken":[{"damage":7,"enemies":"Cultist","floor":1,"turns":5},{"damage":10,"enemies":"Jaw Worm","floor":2,"turns":6},{"damage":3,"enemies":"Small Slimes","floor":3,"turns":5},{"damage":15,"enemies":"2 Fungi Beasts","floor":4,"turns":5},{"damage":77,"enemies":"Gremlin Nob","floor":6,"turns":6}],"seed_played":"4964555575793154447","potions_obtained":[{"floor":4,"key":"Doom Potion"}],"is_trial":true,"path_per_floor":["M","M","M","M","$","E"],"character_chosen":"THE_FORSAKEN","items_purchased":["Replay:Wax Seal","hubris:OldNail"],"campfire_rested":0,"item_purchase_floors":[5,5],"current_hp_per_floor":[58,54,53,48,48,0,0],"gold":305,"neow_bonus":"","is_daily":false,"chose_seed":false,"campfire_upgraded":0,"win_rate":0.0,"timestamp":1614460554,"path_taken":["M","M","M","M","$","E"],"items_purchased_type":["Relic","Relic"],"build_version":"2020-12-22","purchased_purges":1,"victory":false,"max_hp_per_floor":[65,65,65,65,65,65,65],"card_choices":[],"player_experience":228297,"relics_obtained":[{"floor":1,"key":"Old Coin"},{"floor":2,"key":"Tiny Chest"},{"floor":3,"key":"reliquary:RosewoodLute"},{"floor":4,"key":"Anchor"}],"event_choices":[],"is_beta":false,"boss_relics":[],"items_purged_floors":[5],"is_endless":false,"potions_floor_spawned":[4],"killed_by":"Gremlin Nob","ascension_level":5}}