{"host":"9oysz4knkucnjyyz","time":1614416045,"event":{"mods":["100% Spire Juice","2.2 Compatiblity","A Penny For Your Troubles","Act Like it!","BaseMod","Better Altar","Better Match","Better Note","Better Sensory Stone","Better Skull","Better Third Choice","BetterRewards","Displayed Cursed Tome","Downfall","Friendly Minions","Googly Eyes","GungeonMod","Hallownest","Hermit","Library of Ruina","Library of Ruina Extra","Lobotomy","LobotomyExtend","Minty Spire (QoL Compilation)","Reliquary","Spicy Shops","Spire Arcade","Spire Birthday Party","StSLib","The Bug Knight","Wide Potions","everything is the same but u backflip on backflip","slay the spire mod where everything is the same but ironclad has a cowboy hat"],"gold_per_floor":[116,128,140,157,157,157,185,185,211,211,223,27,27,27,27,131,131,150,169,182,39,56,56,71,71,71,71,83,103,114,131,142,142,142,142,142],"floor_reached":35,"language":"ENG","playtime":1043,"items_purged":[],"score":474,"play_id":"d02d27eb-951d-4755-97e4-3f71b6d3123f","local_time":"20210227035405","is_ascension_mode":true,"campfire_choices":[{"data":"FieryDragonSlash","floor":6,"key":"SMITH"},{"data":"FrontalAssault","floor":8,"key":"SMITH"},{"data":"TendonChords","floor":10,"key":"SMITH"},{"floor":13,"key":"REST"},{"data":"CrackOfDawn","floor":15,"key":"SMITH"},{"data":"FeatherShield","floor":23,"key":"SMITH"},{"data":"FlamingDragonFist","floor":25,"key":"SMITH"},{"data":"SteelKnuckles","floor":27,"key":"SMITH"},{"floor":33,"key":"REST"}],"circlet_count":0,"master_deck":["Dodge","LightDefense","LightAttack","LightAttack","LightAttack","LightDefense","LightDefense","LightDefense","ChargeAndCover","FocusedStrikes","GoinFirst","FrontalAssault+1","SteelKnuckles+1","FieryDragonSlash+1","TendonChords+1","FrontalAssault","CrackOfDawn+1","Tttonst","TheRedNotes","FlamingDragonFist+1","FeatherShield+1","TheRedNotes+1","RatsGuideToSurvival+1","AGoldenOpportunity","PreemptiveStrike","SunsetBlade+1"],"relics":["PageOfLibrarian","PageOfWrath","PageOfTodaysShyLook","LetterFromLob","PageOfTheQueenOfHatred","PageOfTheKnightOfDespair","reliquary:WritOfMandamus","DemoMod:MeatBun"],"acts_visited":["Exordium","TheCity","TheCity"],"potions_floor_usage":[7,19,30,35],"damage_taken":[{"damage":2,"enemies":"2 Louse","floor":1,"turns":3},{"damage":0,"enemies":"Cultist","floor":2,"turns":3},{"damage":4,"enemies":"Small Slimes","floor":3,"turns":3},{"damage":22,"enemies":"Exordium Wildlife","floor":4,"turns":3},{"damage":0,"enemies":"Lagavulin","floor":7,"turns":3},{"damage":0,"enemies":"Large Slime","floor":11,"turns":2},{"damage":13,"enemies":"Hexaghost","floor":16,"turns":5},{"damage":15,"enemies":"Shell Parasite","floor":18,"turns":4},{"damage":19,"enemies":"2 Thieves","floor":19,"turns":2},{"damage":24,"enemies":"Snake Plant","floor":20,"turns":2},{"damage":13,"enemies":"Centurion and Healer","floor":22,"turns":3},{"damage":14,"enemies":"Shelled Parasite and Fungi","floor":24,"turns":3},{"damage":10,"enemies":"DemoMod:Veteran_shot_gun_kin_and_bullet_kin","floor":28,"turns":2},{"damage":0,"enemies":"DemoMod:4_Bullet_Kins_with_one_veteran","floor":29,"turns":3},{"damage":15,"enemies":"DemoMod:Red_and_blue_shotgun_kin_with_gunsinger","floor":30,"turns":2},{"damage":12,"enemies":"DemoMod:Veteran_shot_gun_kin_and_blue_shotgun_kin_with_gunsinger","floor":31,"turns":3},{"damage":10,"enemies":"DemoMod:Veteran_shot_gun_kin_and_red_shotgun_kin_with_gunsinger","floor":32,"turns":2},{"damage":69,"enemies":"DemoMod:ResourcefulRat","floor":35,"turns":1}],"seed_played":"-2815907632210820603","potions_obtained":[{"floor":2,"key":"Strength Potion"},{"floor":7,"key":"BlessingOfTheForge"},{"floor":16,"key":"GamblersBrew"},{"floor":30,"key":"Explosive Potion"}],"is_trial":false,"path_per_floor":["M","M","M","M","?","R","E","R","T","R","M","$","R","E","R","B",null,"M","M","M","$","M","R","M","R","T","R","M","M","M","M","M","R","B","B"],"character_chosen":"Librarian","items_purchased":["PageOfWrath","PageOfTodaysShyLook","DemoMod:GnawedKey","CrackOfDawn","DemoMod:MeatBun"],"campfire_rested":2,"item_purchase_floors":[0,0,12,12,21],"current_hp_per_floor":[58,58,54,32,32,32,32,32,32,32,36,36,61,61,61,56,84,76,78,60,74,66,66,68,68,84,84,75,77,65,61,58,83,68,0,0],"gold":142,"neow_bonus":"","is_daily":false,"chose_seed":false,"campfire_upgraded":7,"win_rate":0.0,"timestamp":1614416045,"path_taken":["M","M","M","M","?","R","E","R","T","R","M","$","R","E","R","BOSS","M","M","M","$","M","R","M","R","T","R","M","M","M","M","M","R","BOSS","BOSS"],"items_purchased_type":["Relic","Relic","Relic","Card","Relic"],"build_version":"2020-12-22","purchased_purges":0,"victory":false,"max_hp_per_floor":[74,74,74,74,74,74,84,84,84,84,84,84,84,84,84,84,84,84,84,84,84,84,84,84,84,84,84,84,84,84,84,84,84,84,84,84],"card_choices":[{"not_picked":["Rampage_lor","FrontalAssault","HeavyPeaks","Pound","GreatSerpentsImpact","ToWhereThePrescriptPoints","ClassAndRespect","HiddenBlade"],"picked":"GoinFirst","floor":1},{"not_picked":["EnergyShield","Feast","QuickSuppression","SerpentineBarrier","ChargeUp","PreemptiveStrike","Diversion","RushDown"],"picked":"FrontalAssault","floor":2},{"not_picked":["QuickAttack","DevastatingThrash","ViolentFlame","BizarreAttack","HighKick","Standoff","GreatSerpentsImpact","InkOver"],"picked":"SteelKnuckles","floor":3},{"not_picked":["EnergyCycle","Reload","HiddenBlade","SunsetBlade","YoureTooSlow","BlowItUp","StructuralAnalysis","DirtyBlow"],"picked":"FieryDragonSlash","floor":4},{"not_picked":["SmokingPipe","IronWall","DefenseOrder","UncannyStrike","Unlock1","FleshFillet","LoosenUp","SunsetBlade"],"picked":"TendonChords","floor":7},{"not_picked":["Parry2","StructuralAnalysis","Rampage_lor","Ripple","Cruelty","Thrust","PuppetBlockade","FierceCharge"],"picked":"FrontalAssault","floor":11},{"not_picked":["RepressedFlesh","UnforgettableMelody"],"picked":"Tttonst","floor":16},{"not_picked":["SummaryJudgment+1","WillBeTasty","DefenseOrder+1","GutHarvesting","Multislash","FlashingStrike+1","SilentMist","FleetEdge"],"picked":"TheRedNotes","floor":18},{"not_picked":["StructuralAnalysis+1","Quickness","GuidanceOfTheGears","EnergyCycle","Parry","Faith+1","YourShield","DimensionalRift"],"picked":"FlamingDragonFist","floor":19},{"not_picked":["GuardingStance","HighKick","MindCrush","WaitUp","GreatSerpentsImpact","SetFire","HandleRequest+1","PreparedMind"],"picked":"FeatherShield","floor":20},{"not_picked":["BizarreAttack","EnergyBeam","LoosenUp","Thrust+1","VenomousFangs","ButterflySlash","BulkyImpact","BattleCommand"],"picked":"TheRedNotes+1","floor":22},{"not_picked":["HiddenBlade","IdentifyWeakpoint","EnergyStrike","QuickSuppression","BackAttack","Unlock1","GroundSmash","GuidanceOfTheGears"],"picked":"RatsGuideToSurvival+1","floor":24},{"not_picked":["FlyingSword+1","StrongStrike","WildCard+1","GutHarvesting","FlowOfTheSword+1","DarkCloud+1","Reload","GuidanceOfTheGears"],"picked":"AGoldenOpportunity","floor":28},{"not_picked":["Diversion+1","Parry","Thrust","ElectricShock+1","HandlingWork","DarkCloud+1","NightInTheBackstreets+1","GrazeTheGrass+1"],"picked":"PreemptiveStrike","floor":29},{"not_picked":["GrazeTheGrass","Gamble+1","GuidanceOfTheGears+1","VioletBlade","UnavoidableGaze","GuardingStance+1","HighSpeedStabbing+1","AlloutWar+1","Overcharge+1"],"picked":"SKIP","floor":30},{"not_picked":["HandleRequest+1","Decapitation","PinpointShot+1","FlyingSword","Faith","Pound","EnergyCycle","AsThePrescriptOrders+1"],"picked":"SunsetBlade+1","floor":31},{"not_picked":["HandleRequest","UpbeatPerformance","StructuralAnalysis","IllEndYou+1","EndlessBattle+1","YoureAHindrance","ViolentFlame","TheRedNotes+1","PinpointShot+1"],"picked":"SKIP","floor":32}],"player_experience":403677,"relics_obtained":[{"floor":1,"key":"LetterFromLob"},{"floor":7,"key":"PageOfTheQueenOfHatred"},{"floor":9,"key":"PageOfTheKnightOfDespair"}],"event_choices":[{"damage_healed":0,"gold_gain":0,"player_choice":"Ignored","damage_taken":0,"max_hp_gain":0,"max_hp_loss":0,"event_name":"Purifier","floor":5,"gold_loss":0}],"is_beta":false,"boss_relics":[{"not_picked":["Sozu","Snecko Eye"],"picked":"reliquary:WritOfMandamus"}],"items_purged_floors":[],"is_endless":false,"potions_floor_spawned":[2,7,16,18,30],"killed_by":"DemoMod:ResourcefulRat","ascension_level":3}}