{"host":"r9n4bwsh0iioe8bo","time":1614453948,"event":{"mods":["2.2 Compatiblity","BaseMod","Bestiary","Colored Map","Colored Powertips","Curses Come First","Highlight Path","Minty Spire (QoL Compilation)","Relic Stats","StSLib","SuperFastMode"],"gold_per_floor":[115,133,308,325,325,356,356,95,95,95,107,107,107,120,120,217,217,229,244,244,70,84,84,96,96,96,106,106,106,106],"floor_reached":29,"language":"ENG","playtime":1895,"items_purged":[],"score":225,"play_id":"6ebc719c-94fa-4e25-b81b-9178715782d6","local_time":"20210227192548","is_ascension_mode":false,"campfire_choices":[{"data":"Caltrops","floor":7,"key":"SMITH"},{"data":"Blade Dance","floor":10,"key":"SMITH"},{"data":"Dagger Spray","floor":12,"key":"SMITH"},{"data":"Deadly Poison","floor":15,"key":"SMITH"},{"floor":23,"key":"REST"},{"floor":25,"key":"REST"}],"circlet_count":0,"master_deck":["Strike_G","Strike_G","Strike_G","Strike_G","Strike_G","Defend_G","Defend_G","Defend_G","Defend_G","Defend_G","Survivor","Neutralize","Wraith Form v2","Caltrops+1","Blade Dance+1","Doubt","Dagger Spray+1","Deadly Poison+1","Parasite","Deadly Poison+1","Phantasmal Killer+1","Slice","Outmaneuver+1","Apotheosis+1","Infinite Blades+1","Blur+1","Footwork+1"],"relics":["Ring of the Snake","Matryoshka","Toxic Egg 2","Snake Skull","Frozen Egg 2","SlaversCollar","Bag of Marbles","Singing Bowl"],"acts_visited":["Exordium","TheCity"],"potions_floor_usage":[6,16,16,16,16,24,29,29],"damage_taken":[{"damage":2,"enemies":"Small Slimes","floor":1,"turns":5},{"damage":7,"enemies":"2 Louse","floor":2,"turns":3},{"damage":6,"enemies":"Cultist","floor":4,"turns":5},{"damage":21,"enemies":"Gremlin Nob","floor":6,"turns":6},{"damage":3,"enemies":"2 Fungi Beasts","floor":11,"turns":4},{"damage":0,"enemies":"Blue Slaver","floor":14,"turns":5},{"damage":27,"enemies":"The Guardian","floor":16,"turns":9},{"damage":19,"enemies":"Chosen","floor":18,"turns":5},{"damage":22,"enemies":"Shell Parasite","floor":19,"turns":5},{"damage":17,"enemies":"Shelled Parasite and Fungi","floor":22,"turns":7},{"damage":17,"enemies":"Snecko","floor":24,"turns":5},{"damage":9,"enemies":"Centurion and Healer","floor":27,"turns":7},{"damage":16,"enemies":"Colosseum Slavers","floor":29,"turns":4},{"damage":31,"enemies":"Colosseum Nobs","floor":29,"turns":4}],"seed_played":"-1769073111590556111","potions_obtained":[{"floor":1,"key":"Energy Potion"},{"floor":6,"key":"ColorlessPotion"},{"floor":11,"key":"EntropicBrew"},{"floor":16,"key":"BlessingOfTheForge"},{"floor":18,"key":"Strength Potion"},{"floor":19,"key":"GamblersBrew"}],"is_trial":false,"path_per_floor":["M","M","?","M","?","E","R","$","T","R","M","R","?","M","R","B",null,"M","M","?","$","M","R","M","R","T","M","?","?"],"character_chosen":"THE_SILENT","items_purchased":["Toxic Egg 2","Apotheosis+1"],"campfire_rested":2,"item_purchase_floors":[8,21],"current_hp_per_floor":[68,61,61,55,60,39,39,39,39,39,36,36,54,54,54,27,75,56,34,34,34,17,39,22,44,44,35,21,0,0],"gold":106,"neow_bonus":"ONE_RANDOM_RARE_CARD","is_daily":false,"chose_seed":false,"campfire_upgraded":4,"win_rate":0.0,"timestamp":1614453948,"path_taken":["M","M","?","M","?","E","R","$","T","R","M","R","?","M","R","BOSS","M","M","?","$","M","R","M","R","T","M","?","?"],"items_purchased_type":["Relic","Card"],"build_version":"2020-12-22","purchased_purges":0,"victory":false,"max_hp_per_floor":[70,70,70,70,75,75,75,75,75,75,75,75,75,75,75,75,75,75,75,75,75,75,75,75,75,75,75,80,80,80],"relic_stats":{"Singing Bowl":0,"counters":[14,74],"Snake Skull":[18],"obtain_stats":[{"SlaversCollar":17,"Matryoshka":6,"Singing Bowl":26,"Snake Skull":9,"Bag of Marbles":26,"Toxic Egg 2":8,"Frozen Egg 2":9,"Ring of the Snake":0},{"SlaversCollar":7,"Matryoshka":4,"Singing Bowl":11,"Snake Skull":4,"Bag of Marbles":11,"Toxic Egg 2":4,"Frozen Egg 2":4,"Ring of the Snake":0},{"SlaversCollar":37,"Matryoshka":19,"Singing Bowl":59,"Snake Skull":19,"Bag of Marbles":59,"Toxic Egg 2":19,"Frozen Egg 2":19,"Ring of the Snake":0}],"Ring of the Snake":[28]},"card_choices":[{"not_picked":["Expertise","Backflip"],"picked":"Caltrops","floor":1},{"not_picked":["Escape Plan","Dodge and Roll"],"picked":"Blade Dance","floor":2},{"not_picked":["Finisher","Dodge and Roll"],"picked":"Dagger Spray","floor":4},{"not_picked":["Acrobatics","Malaise"],"picked":"Deadly Poison","floor":6},{"not_picked":["Well Laid Plans+1","Leg Sweep+1","Riddle With Holes"],"picked":"SKIP","floor":11},{"not_picked":["PiercingWail+1","Heel Hook"],"picked":"Deadly Poison+1","floor":14},{"not_picked":["Tools of the Trade+1","Die Die Die"],"picked":"Phantasmal Killer+1","floor":16},{"not_picked":["PiercingWail+1","Poisoned Stab"],"picked":"Slice","floor":18},{"not_picked":["Dagger Spray+1","Underhanded Strike+1"],"picked":"Outmaneuver+1","floor":19},{"not_picked":["Reflex+1","Acrobatics+1"],"picked":"Infinite Blades+1","floor":22},{"not_picked":["Leg Sweep+1","Crippling Poison+1"],"picked":"Blur+1","floor":24},{"not_picked":["Deadly Poison+1","Tactician+1"],"picked":"Footwork+1","floor":27}],"player_experience":70554,"relics_obtained":[{"floor":6,"key":"Matryoshka"},{"floor":9,"key":"Snake Skull"},{"floor":9,"key":"Frozen Egg 2"},{"floor":26,"key":"Bag of Marbles"},{"floor":26,"key":"Singing Bowl"}],"event_choices":[{"damage_healed":0,"gold_gain":175,"player_choice":"AGREE","damage_taken":0,"max_hp_gain":0,"max_hp_loss":0,"event_name":"Liars Game","floor":3,"gold_loss":0,"cards_obtained":["Doubt"]},{"damage_healed":0,"gold_gain":0,"player_choice":"Donut","damage_taken":0,"max_hp_gain":5,"max_hp_loss":0,"event_name":"Big Fish","floor":5,"gold_loss":0},{"damage_healed":18,"gold_gain":0,"player_choice":"Healed and dodged fight","damage_taken":0,"max_hp_gain":0,"max_hp_loss":0,"event_name":"Mushrooms","floor":13,"gold_loss":0,"cards_obtained":["Parasite"]},{"damage_healed":0,"gold_gain":0,"player_choice":"Ignored","damage_taken":0,"max_hp_gain":0,"max_hp_loss":0,"event_name":"Vampires","floor":20,"gold_loss":0},{"damage_healed":0,"gold_gain":0,"player_choice":"Shed Blood","damage_taken":19,"max_hp_gain":5,"max_hp_loss":0,"event_name":"Forgotten Altar","floor":28,"gold_loss":0},{"damage_healed":0,"gold_gain":0,"player_choice":"Fight","damage_taken":0,"max_hp_gain":0,"max_hp_loss":0,"event_name":"Colosseum","floor":29,"gold_loss":0},{"damage_healed":0,"gold_gain":0,"player_choice":"Fought Nobs","damage_taken":0,"max_hp_gain":0,"max_hp_loss":0,"event_name":"Colosseum","floor":29,"gold_loss":0}],"is_beta":false,"boss_relics":[{"not_picked":["Runic Dome","Empty Cage"],"picked":"SlaversCollar"}],"items_purged_floors":[],"is_endless":false,"potions_floor_spawned":[1,6,11,16,18,19,22],"killed_by":"Colosseum Nobs","ascension_level":0}}