{"host":"3j24k6gtmfx6ynrk","time":1614386250,"event":{"mods":["AchievementEnabler","BaseMod","Block Reminder","Colored Powertips","Highlight Path","Minty Spire (QoL Compilation)","Quick Restart","Rare Cards Sparkle","StSLib"],"gold_per_floor":[114,129,144,34,34,63,63,13,313,313,325,209,209,209,209,312,312,324,335,110,130,141,141,158,170,170,170,188,188,113,113,113,211,211,221,232,21,21,21],"floor_reached":38,"language":"DEU","playtime":2425,"items_purged":["Defend_B","Strike_B","Dualcast"],"score":526,"play_id":"17e73678-bdda-47d5-b822-63095e222e8e","local_time":"20210227013730","is_ascension_mode":false,"campfire_choices":[{"data":"Sunder","floor":7,"key":"SMITH"},{"data":"Echo Form","floor":10,"key":"SMITH"},{"data":"Zap","floor":13,"key":"SMITH"},{"floor":15,"key":"REST"},{"floor":23,"key":"REST"},{"floor":27,"key":"REST"},{"floor":29,"key":"REST"},{"data":"Defragment","floor":32,"key":"SMITH"}],"circlet_count":0,"master_deck":["Defend_B","Defend_B","Defend_B","Zap+1","Beam Cell","Go for the Eyes","Sunder+1","Glacier","Capacitor","Echo Form+1","Loop","Loop","Core Surge","Defragment+1","Streamline","Defragment","Sweeping Beam","Conserve Battery","Doom and Gloom","Genetic Algorithm+1","Writhe","Echo Form","Cold Snap+1","Glacier+1","Coolheaded","Loop"],"relics":["Cracked Core","Pocketwatch","Old Coin","Singing Bowl","Inserter","Nunchaku","Pantograph","Nuclear Battery"],"acts_visited":["Exordium","TheCity","TheBeyond"],"potions_floor_usage":[21],"damage_taken":[{"damage":0,"enemies":"Cultist","floor":1,"turns":2},{"damage":0,"enemies":"Small Slimes","floor":2,"turns":2},{"damage":2,"enemies":"2 Louse","floor":3,"turns":2},{"damage":13,"enemies":"Gremlin Nob","floor":6,"turns":4},{"damage":10,"enemies":"2 Fungi Beasts","floor":11,"turns":3},{"damage":22,"enemies":"Hexaghost","floor":16,"turns":7},{"damage":15,"enemies":"3 Byrds","floor":18,"turns":4},{"damage":5,"enemies":"Chosen","floor":19,"turns":4},{"damage":15,"enemies":"Snake Plant","floor":21,"turns":6},{"damage":9,"enemies":"Shelled Parasite and Fungi","floor":22,"turns":5},{"damage":25,"enemies":"Chosen and Byrds","floor":24,"turns":5},{"damage":10,"enemies":"Cultist and Chosen","floor":25,"turns":6},{"damage":25,"enemies":"Snecko","floor":28,"turns":5},{"damage":24,"enemies":"Champ","floor":33,"turns":13},{"damage":2,"enemies":"3 Shapes","floor":35,"turns":5},{"damage":42,"enemies":"3 Darklings","floor":36,"turns":7},{"damage":42,"enemies":"Jaw Worm Horde","floor":38,"turns":1}],"seed_played":"6390252849855780212","potions_obtained":[{"floor":3,"key":"SteroidPotion"},{"floor":16,"key":"Swift Potion"},{"floor":18,"key":"PotionOfCapacity"},{"floor":21,"key":"PotionOfCapacity"},{"floor":24,"key":"Energy Potion"}],"is_trial":true,"path_per_floor":["M","M","M","$","?","E","R","?","T","R","M","$","R","?","R","B",null,"M","M","$","M","M","R","M","M","T","R","M","R","?","?","R","B",null,"M","M","$","M"],"character_chosen":"DEFECT","items_purchased":["Glacier","Capacitor","Loop","Defragment","Sweeping Beam","Coolheaded","Loop"],"campfire_rested":4,"item_purchase_floors":[4,4,12,20,20,37,37],"current_hp_per_floor":[75,75,73,73,66,53,53,53,53,53,43,43,43,43,65,43,75,60,55,55,40,33,56,31,21,21,44,21,44,44,44,44,45,79,77,35,35,0,0],"gold":21,"neow_bonus":"","is_daily":false,"chose_seed":false,"campfire_upgraded":4,"win_rate":0.0,"timestamp":1614386250,"path_taken":["M","?","M","$","?","E","R","?","T","R","M","$","R","?","R","BOSS","M","M","$","M","M","R","M","M","T","R","M","R","?","?","R","BOSS","M","M","$","M"],"items_purchased_type":["Card","Card","Card","Card","Card","Card","Card"],"build_version":"2020-12-22","purchased_purges":3,"victory":false,"max_hp_per_floor":[75,75,75,75,75,75,75,75,75,75,75,75,75,75,75,75,75,75,75,75,75,77,77,77,77,77,77,79,79,79,79,79,79,79,79,79,79,79,79],"card_choices":[{"not_picked":["Conserve Battery","Turbo"],"picked":"Beam Cell","floor":1},{"not_picked":["Chaos","Rebound"],"picked":"Go for the Eyes","floor":2},{"not_picked":["Hologram","Recycle"],"picked":"Sunder","floor":3},{"not_picked":["Cold Snap","Hologram"],"picked":"Echo Form","floor":6},{"not_picked":["Coolheaded","Scrape"],"picked":"Loop","floor":11},{"not_picked":["Creative AI","Rainbow"],"picked":"Core Surge","floor":16},{"not_picked":["Ball Lightning+1","Glacier"],"picked":"Defragment","floor":18},{"not_picked":["Beam Cell+1","Recycle"],"picked":"Streamline","floor":19},{"not_picked":["Gash+1","Static Discharge"],"picked":"Conserve Battery","floor":21},{"not_picked":["Cold Snap","Lockon","Capacitor"],"picked":"Singing Bowl","floor":22},{"not_picked":["Barrage","Recycle"],"picked":"Doom and Gloom","floor":24},{"not_picked":["Go for the Eyes","Static Discharge+1"],"picked":"Genetic Algorithm+1","floor":25},{"not_picked":["FTL","Steam+1","Redo+1"],"picked":"Singing Bowl","floor":28},{"not_picked":["Electrodynamics","Seek"],"picked":"Echo Form","floor":33},{"not_picked":["Redo+1","Force Field+1"],"picked":"Cold Snap+1","floor":35},{"not_picked":["Coolheaded+1","Sweeping Beam+1"],"picked":"Glacier+1","floor":36}],"player_experience":127351,"relics_obtained":[{"floor":6,"key":"Pocketwatch"},{"floor":9,"key":"Old Coin"},{"floor":26,"key":"Nunchaku"}],"event_choices":[{"cards_removed":["Strike_B"],"damage_healed":0,"gold_gain":0,"player_choice":"Card Removal","damage_taken":7,"max_hp_gain":0,"max_hp_loss":0,"event_name":"Golden Wing","floor":5,"gold_loss":0},{"cards_removed":["Strike_B"],"damage_healed":0,"gold_gain":0,"player_choice":"Card Removal","damage_taken":0,"max_hp_gain":0,"max_hp_loss":0,"event_name":"The Cleric","floor":8,"gold_loss":50},{"damage_healed":0,"gold_gain":0,"player_choice":"Gave Potion","damage_taken":0,"relics_obtained":["Singing Bowl"],"max_hp_gain":0,"max_hp_loss":0,"event_name":"WeMeetAgain","floor":14,"gold_loss":0},{"cards_removed":["Strike_B"],"damage_healed":0,"gold_gain":0,"player_choice":"Gave Gold","damage_taken":0,"max_hp_gain":0,"max_hp_loss":0,"event_name":"Beggar","floor":30,"gold_loss":75},{"damage_healed":0,"gold_gain":0,"player_choice":"Opened","damage_taken":0,"relics_obtained":["Pantograph"],"max_hp_gain":0,"max_hp_loss":0,"event_name":"The Mausoleum","floor":31,"gold_loss":0,"cards_obtained":["Writhe"]}],"is_beta":false,"boss_relics":[{"not_picked":["Tiny House","Ectoplasm"],"picked":"Inserter"},{"not_picked":["FrozenCore","Snecko Eye"],"picked":"Nuclear Battery"}],"items_purged_floors":[12,20,37],"is_endless":true,"potions_floor_spawned":[3,16,18,21,24,25],"killed_by":"Jaw Worm Horde","ascension_level":0}}