{"host":"1qhzi8r9ejho5yph","time":1614402521,"event":{"mods":["AchievementEnabler","BaseMod","Colored Map","Colored Powertips","Highlight Path","Minty Spire (QoL Compilation)","Permanent Neow","Quick Restart","Random Character Button","StSLib","SuperFastMode","Synergy Search"],"gold_per_floor":[112,112,138,164,176,217,229,260,272,314,326,368,380,412,424,534,546,568,679,701,724,755,793,825,837,873,912,924,954,966,988,1000,1117,1129,1157,522,537,550,570,570,602,602,602,619,841,841,841,854,854,854,854,854,103,138,138,138],"floor_reached":55,"language":"ENG","playtime":1489,"items_purged":[],"score":756,"play_id":"167fc2a7-ec5e-4803-a8dd-d4dd1402ff52","local_time":"20210227130841","is_ascension_mode":false,"campfire_choices":[{"data":"Uppercut","floor":7,"key":"SMITH"},{"data":"Perfected Strike","floor":11,"key":"SMITH"},{"data":"Dual Wield","floor":13,"key":"SMITH"},{"data":"Perfected Strike","floor":15,"key":"SMITH"},{"floor":25,"key":"REST"},{"data":"Pommel Strike","floor":30,"key":"SMITH"},{"floor":32,"key":"REST"},{"floor":40,"key":"REST"},{"floor":42,"key":"REST"},{"floor":47,"key":"RECALL"},{"data":"Berserk","floor":49,"key":"SMITH"},{"data":"Bash","floor":52,"key":"SMITH"}],"circlet_count":0,"master_deck":["Strike_R","Strike_R","Strike_R","Strike_R","Defend_R","Defend_R","Defend_R","Bash+1","Pommel Strike+1","Whirlwind","Uppercut+1","Perfected Strike+1","Dual Wield+1","Fiend Fire","Perfected Strike+1","Corruption+1","Pommel Strike+1","Whirlwind+1","Shockwave+1","Shrug It Off","Headbutt+1","Inflame+1","Shrug It Off","Shrug It Off","Berserk+1","Battle Trance","Mayhem","Deep Breath","Exhume","Warcry+1","Havoc+1","Fiend Fire","Pommel Strike+1","Havoc+1","Flash of Steel","Perfected Strike","Disarm","Perfected Strike+1"],"relics":["Burning Blood","MawBank","Charon\u0027s Ashes","Paper Frog","StoneCalendar","MealTicket","Runic Dome","PreservedInsect","Akabeko","Red Mask","SlaversCollar","HandDrill","Toy Ornithopter","Bottled Tornado","Medical Kit","Red Skull"],"acts_visited":["Exordium","TheCity","TheBeyond","TheEnding"],"potions_floor_usage":[10,16,33,50,50,55,55],"damage_taken":[{"damage":6,"enemies":"Cultist","floor":1,"turns":3},{"damage":5,"enemies":"Small Slimes","floor":3,"turns":3},{"damage":0,"enemies":"2 Louse","floor":4,"turns":2},{"damage":26,"enemies":"Lagavulin","floor":6,"turns":6},{"damage":7,"enemies":"Looter","floor":8,"turns":3},{"damage":35,"enemies":"3 Sentries","floor":10,"turns":6},{"damage":11,"enemies":"Gremlin Gang","floor":14,"turns":3},{"damage":23,"enemies":"Hexaghost","floor":16,"turns":7},{"damage":12,"enemies":"Shell Parasite","floor":18,"turns":2},{"damage":10,"enemies":"Chosen","floor":20,"turns":3},{"damage":11,"enemies":"Shelled Parasite and Fungi","floor":21,"turns":2},{"damage":10,"enemies":"Snake Plant","floor":22,"turns":2},{"damage":25,"enemies":"Book of Stabbing","floor":23,"turns":4},{"damage":17,"enemies":"Centurion and Healer","floor":24,"turns":4},{"damage":13,"enemies":"Masked Bandits","floor":27,"turns":3},{"damage":0,"enemies":"Chosen and Byrds","floor":29,"turns":3},{"damage":18,"enemies":"Sentry and Sphere","floor":31,"turns":4},{"damage":20,"enemies":"Champ","floor":33,"turns":7},{"damage":16,"enemies":"3 Darklings","floor":35,"turns":4},{"damage":4,"enemies":"Orb Walker","floor":37,"turns":3},{"damage":22,"enemies":"Sphere and 2 Shapes","floor":38,"turns":3},{"damage":42,"enemies":"3 Darklings","floor":39,"turns":6},{"damage":20,"enemies":"Reptomancer","floor":41,"turns":5},{"damage":2,"enemies":"Spire Growth","floor":44,"turns":3},{"damage":6,"enemies":"Writhing Mass","floor":48,"turns":3},{"damage":54,"enemies":"Time Eater","floor":50,"turns":6},{"damage":30,"enemies":"Shield and Spear","floor":54,"turns":2},{"damage":107,"enemies":"The Heart","floor":55,"turns":5}],"seed_played":"-304950991247694419","potions_obtained":[{"floor":1,"key":"Dexterity Potion"},{"floor":6,"key":"LiquidBronze"},{"floor":8,"key":"Swift Potion"},{"floor":10,"key":"BloodPotion"},{"floor":20,"key":"SteroidPotion"},{"floor":24,"key":"LiquidBronze"},{"floor":27,"key":"EssenceOfSteel"},{"floor":33,"key":"FairyPotion"},{"floor":44,"key":"DistilledChaos"}],"is_trial":false,"path_per_floor":["M","?","M","M","?","E","R","M","T","E","R","?","R","M","R","B",null,"M","?","M","M","M","E","M","R","T","?","?","M","R","M","R","B",null,"M","$","M","M","M","R","E","R","T","M","?","?","R","M","R","B",null,"R","$","E","B"],"character_chosen":"IRONCLAD","items_purchased":["HandDrill","Mayhem","Deep Breath","CultistPotion","Exhume","Bottled Tornado","Flash of Steel","Perfected Strike","Medical Kit","Disarm","BloodPotion","DuplicationPotion"],"campfire_rested":4,"item_purchase_floors":[36,36,36,36,36,53,53,53,53,53,53,53],"current_hp_per_floor":[80,73,74,80,80,60,60,59,59,46,46,46,46,41,41,24,80,74,74,70,65,61,42,31,55,55,48,48,54,54,42,66,52,80,70,80,80,64,28,52,38,62,62,66,66,66,66,66,66,28,80,80,80,56,0,0],"gold":138,"neow_bonus":"REMOVE_CARD","is_daily":false,"chose_seed":false,"campfire_upgraded":7,"win_rate":0.0,"timestamp":1614402521,"path_taken":["M","?","M","M","?","E","R","M","T","E","R","?","R","M","R","BOSS","M","?","M","M","M","E","M","R","T","?","?","M","R","M","R","BOSS","M","$","?","M","M","R","E","R","T","?","?","?","R","M","R","BOSS","R","$","E","BOSS"],"items_purchased_type":["Relic","Card","Card","Potion","Card","Relic","Card","Card","Relic","Card","Potion","Potion"],"build_version":"2020-12-22","purchased_purges":0,"victory":false,"max_hp_per_floor":[80,80,80,80,80,80,80,80,80,80,80,80,80,80,80,80,80,80,80,80,80,80,80,80,80,80,80,80,80,80,80,80,80,80,80,80,80,80,80,80,80,80,80,80,80,80,80,80,80,80,80,80,80,80,80,80],"card_choices":[{"not_picked":["Combust","Wild Strike"],"picked":"Pommel Strike","floor":1},{"not_picked":["Rupture","Armaments"],"picked":"Whirlwind","floor":3},{"not_picked":["Armaments","Sword Boomerang"],"picked":"Uppercut","floor":4},{"not_picked":["Reaper","Body Slam"],"picked":"Perfected Strike","floor":6},{"not_picked":["Clash","Thunderclap"],"picked":"Dual Wield","floor":8},{"not_picked":["Anger","Headbutt"],"picked":"Fiend Fire","floor":10},{"not_picked":["Rupture","Flex"],"picked":"Perfected Strike","floor":14},{"not_picked":["Brutality","Juggernaut"],"picked":"Corruption","floor":16},{"not_picked":["Clash","Intimidate+1"],"picked":"Pommel Strike+1","floor":18},{"not_picked":["Searing Blow+1","Bloodletting"],"picked":"Whirlwind+1","floor":20},{"not_picked":["Warcry","Thunderclap"],"picked":"Shockwave+1","floor":21},{"not_picked":["Twin Strike","Clash","Sword Boomerang"],"picked":"SKIP","floor":22},{"not_picked":["True Grit+1","Cleave+1"],"picked":"Shrug It Off","floor":23},{"not_picked":["Metallicize","Wild Strike"],"picked":"Headbutt+1","floor":24},{"not_picked":["Clothesline","Infernal Blade+1"],"picked":"Inflame+1","floor":27},{"not_picked":["Warcry","Evolve"],"picked":"Shrug It Off","floor":29},{"not_picked":["True Grit","Wild Strike+1"],"picked":"Shrug It Off","floor":31},{"not_picked":["Feed","Limit Break"],"picked":"Berserk","floor":33},{"not_picked":["Clash","Clothesline+1"],"picked":"Battle Trance","floor":35},{"not_picked":["Flex","Thunderclap","Anger+1"],"picked":"SKIP","floor":37},{"not_picked":["Havoc+1","Wild Strike"],"picked":"Warcry+1","floor":38},{"not_picked":["Hemokinesis","Flex"],"picked":"Havoc+1","floor":39},{"not_picked":["Fire Breathing","Warcry"],"picked":"Fiend Fire","floor":41},{"not_picked":["Feel No Pain","Metallicize+1"],"picked":"Pommel Strike+1","floor":44},{"not_picked":["Whirlwind","Body Slam"],"picked":"Havoc+1","floor":48},{"not_picked":["Havoc","Rupture+1"],"picked":"Perfected Strike+1","floor":54}],"player_experience":386414,"relics_obtained":[{"floor":6,"key":"Charon\u0027s Ashes"},{"floor":9,"key":"Paper Frog"},{"floor":10,"key":"StoneCalendar"},{"floor":23,"key":"PreservedInsect"},{"floor":26,"key":"Akabeko"},{"floor":27,"key":"Red Mask"},{"floor":41,"key":"Toy Ornithopter"},{"floor":54,"key":"Red Skull"}],"event_choices":[{"damage_healed":0,"gold_gain":0,"player_choice":"Success","damage_taken":7,"relics_obtained":["MawBank"],"max_hp_gain":0,"max_hp_loss":0,"event_name":"Scrap Ooze","floor":2,"gold_loss":0},{"cards_removed":["Strike_R"],"damage_healed":0,"gold_gain":0,"player_choice":"Forget","damage_taken":0,"max_hp_gain":0,"max_hp_loss":0,"event_name":"Living Wall","floor":5,"gold_loss":0},{"damage_healed":0,"gold_gain":30,"player_choice":"Searched \u00272\u0027 times","damage_taken":0,"relics_obtained":["MealTicket"],"max_hp_gain":0,"max_hp_loss":0,"event_name":"Dead Adventurer","floor":12,"gold_loss":0},{"damage_healed":0,"gold_gain":99,"player_choice":"Stole From Cult","damage_taken":0,"max_hp_gain":0,"max_hp_loss":0,"event_name":"Nest","floor":19,"gold_loss":0},{"damage_healed":0,"gold_gain":0,"player_choice":"Fought Bandits","damage_taken":0,"max_hp_gain":0,"max_hp_loss":0,"event_name":"Masked Bandits","floor":27,"gold_loss":0},{"damage_healed":0,"gold_gain":0,"player_choice":"Forge","damage_taken":0,"max_hp_gain":0,"max_hp_loss":0,"event_name":"Accursed Blacksmith","floor":28,"gold_loss":0,"cards_upgraded":["Corruption"]},{"damage_healed":0,"gold_gain":222,"player_choice":"Wore Mask","damage_taken":0,"max_hp_gain":0,"max_hp_loss":0,"event_name":"Tomb of Lord Red Mask","floor":45,"gold_loss":0},{"damage_healed":0,"gold_gain":0,"player_choice":"Ignored","damage_taken":0,"max_hp_gain":0,"max_hp_loss":0,"event_name":"SecretPortal","floor":46,"gold_loss":0}],"is_beta":false,"boss_relics":[{"not_picked":["Cursed Key","Velvet Choker"],"picked":"Runic Dome"},{"not_picked":["Philosopher\u0027s Stone","Pandora\u0027s Box"],"picked":"SlaversCollar"}],"items_purged_floors":[],"is_endless":false,"potions_floor_spawned":[1,6,8,10,20,24,27,31,33,38,44,48],"killed_by":"The Heart","ascension_level":0}}