{"host":"zcytydgb505ghzux","time":1614391491,"event":{"mods":["Act Like it!","BaseMod","Better Note","Better Sensory Stone","Colored Powertips","Downfall","Halation","Highlight Path","Hubris","Infinite Spire","Jorbs\u0027s Wanderer Trilogy","Marisa????????","Minty Spire (QoL Compilation)","Rare Cards Sparkle","Replay The Spire","StSLib","The Construct","The Exalted","The Hierophant","The Mystic","The Wild Card"],"gold_per_floor":[99,118,141,141,87,103,103,119,39,39,39,39,54,92,122,132,132,132],"floor_reached":16,"language":"ENG","playtime":1179,"items_purged":[],"score":102,"play_id":"9e92210e-57f3-49fd-b2a0-4e5ec582605f","local_time":"20210226210451","is_ascension_mode":false,"campfire_choices":[{"floor":1,"key":"DIG"}],"circlet_count":0,"master_deck":["champ:Strike","champ:Strike","champ:Strike","champ:Defend","champ:Defend","champ:Defend","champ:Execute","champ:Taunt","champ:GutPunch","champ:Lariat","champ:Shatter","champ:TornadoPunch","champ:Encircle","champ:AdrenalArmor","champ:GutPunch","champ:FaceSlap","Delirium","champ:BerserkersShout","champ:PreciseThrust","champ:CrookedStrike"],"relics":["champ:ChampionCrown","halation:IllGainedPizza","Unceasing Top","ReplayTheSpireMod:Ring of Exchange","hubris:ToyBattleship"],"acts_visited":["Exordium"],"potions_floor_usage":[],"damage_taken":[{"damage":10,"enemies":"2 Louse","floor":2,"turns":2},{"damage":25,"enemies":"Cultist","floor":3,"turns":4},{"damage":40,"enemies":"downfall:FleeingMerchant","floor":5,"turns":4},{"damage":16,"enemies":"Jaw Worm","floor":6,"turns":4},{"damage":10,"enemies":"3 Louse","floor":8,"turns":3},{"damage":15,"enemies":"downfall:FleeingMerchant","floor":9,"turns":4},{"damage":15,"enemies":"2 Fungi Beasts","floor":13,"turns":3},{"damage":52,"enemies":"3 Sentries","floor":14,"turns":7},{"damage":50,"enemies":"Exordium Thugs","floor":15,"turns":6},{"damage":56,"enemies":"WA_ARCHETYPE_RETAIN","floor":16,"turns":5}],"seed_played":"7287596931603286913","potions_obtained":[{"floor":2,"key":"Cursed Concoction"},{"floor":8,"key":"BlessingOfTheForge"},{"floor":15,"key":"Energy Potion"}],"is_trial":false,"path_per_floor":["R","M","M","?","$","M","T","M","$","?","?","?","M","E","M","B"],"character_chosen":"THE_CHAMP","items_purchased":["champ:TornadoPunch","champ:FaceSlap"],"campfire_rested":0,"item_purchase_floors":[5,9],"current_hp_per_floor":[90,90,85,85,85,84,84,79,79,79,79,79,74,52,42,21,21,21],"gold":132,"neow_bonus":"RANDOM_COMMON_RELIC","is_daily":false,"chose_seed":false,"campfire_upgraded":0,"win_rate":0.0,"timestamp":1614391491,"path_taken":["R","M","M","?","?","M","T","?","$","?","?","?","?","E","M","BOSS"],"items_purchased_type":["Card","Card"],"build_version":"2020-12-22","purchased_purges":0,"victory":false,"max_hp_per_floor":[90,90,90,90,90,90,90,90,90,90,90,90,90,90,90,90,90,90],"card_choices":[{"not_picked":["champ:ShieldSlam","champ:Parry"],"picked":"champ:GutPunch","floor":2},{"not_picked":["champ:FalseCounter","champ:ShieldSlam"],"picked":"champ:Lariat","floor":3},{"not_picked":["champ:Duel","champ:EnGarde"],"picked":"champ:Shatter","floor":5},{"not_picked":["champ:RecklessLeap","champ:EnragedBash"],"picked":"champ:Encircle","floor":6},{"not_picked":["champ:TornadoPunch","champ:Shatter"],"picked":"champ:AdrenalArmor","floor":8},{"not_picked":["champ:Shatter","champ:FlashCut"],"picked":"champ:GutPunch","floor":9},{"not_picked":["champ:Backstep","champ:RecklessLeap"],"picked":"champ:BerserkersShout","floor":13},{"not_picked":["champ:ShieldThrow","champ:SetATrap"],"picked":"champ:PreciseThrust","floor":14},{"not_picked":["champ:DeathBlow","champ:PerfectedStrike"],"picked":"champ:CrookedStrike","floor":15}],"player_experience":114331,"relics_obtained":[{"floor":1,"key":"Unceasing Top"},{"floor":12,"key":"ReplayTheSpireMod:Ring of Exchange"},{"floor":14,"key":"hubris:ToyBattleship"}],"event_choices":[],"is_beta":false,"boss_relics":[],"items_purged_floors":[],"is_endless":false,"potions_floor_spawned":[2,8,15],"killed_by":"WA_ARCHETYPE_RETAIN","ascension_level":0}}