{"host":"dgzcrkpp5hmi1639","time":1614436622,"event":{"mods":["A Magickal Journey","BaseMod","BetterRewards","Colored Powertips","Duelist Mod","Energized Spire","GifTheSpireLib","Infinite Spire","Koishi","Minty Spire (QoL Compilation)","Prisma Mod","Quick Restart","Shop Mod","StSLib","Stuff the Spire","The Bug Knight","The Forsaken","The Jungle","The Necromancer","The Servant 0.9.4","The Wild Card","???mod?????"],"gold_per_floor":[109,121,196,43,43,43,78,145,168,32,63,127,127,139,139,239,239,239,239],"floor_reached":18,"language":"ENG","playtime":654,"items_purged":[],"score":205,"play_id":"43ee9975-c0b3-48e1-9355-3ce68bb33977","local_time":"20210227153702","is_ascension_mode":true,"campfire_choices":[{"data":"Exchange","floor":6,"key":"SMITH"},{"floor":13,"key":"REST"},{"data":"Sabotage","floor":15,"key":"SMITH"}],"circlet_count":0,"master_deck":["Strike_S","Strike_S","Strike_S","Strike_S","Defend_S","Defend_S","Defend_S","Defend_S","KidneyShot","Exchange+1","Reset","GearUp","Starlight","InstantArmor","Good Instincts","ShatteredReality","SilverBlades","Starlight","Ricochet","Sabotage+1","Deny"],"relics":["Uniform","NeowsBlessing","HandDrill","SsserpentHead","Strawberry","Potion Belt","Bag of Preparation","theForsaken:PaleLantern"],"acts_visited":["Exordium","TheCity"],"potions_floor_usage":[16,16],"damage_taken":[{"damage":0,"enemies":"Cultist","floor":1,"turns":1},{"damage":0,"enemies":"Jaw Worm","floor":2,"turns":1},{"damage":0,"enemies":"Lagavulin","floor":7,"turns":1},{"damage":5,"enemies":"Small Slimes","floor":8,"turns":4},{"damage":19,"enemies":"Gremlin Nob","floor":11,"turns":5},{"damage":1,"enemies":"2 Fungi Beasts","floor":12,"turns":3},{"damage":0,"enemies":"Exordium Wildlife","floor":14,"turns":4},{"damage":31,"enemies":"Slime Boss","floor":16,"turns":12},{"damage":4,"enemies":"Chosen","floor":18,"turns":1}],"seed_played":"4866759614657542285","potions_obtained":[{"floor":1,"key":"EssenceOfSteel"},{"floor":11,"key":"GamblersBrew"},{"floor":16,"key":"SteroidPotion"}],"is_trial":false,"path_per_floor":["M","M","?","$","?","R","E","M","T","$","E","M","R","M","R","B",null,"M"],"character_chosen":"THE_SERVANT","items_purchased":["HandDrill","Good Instincts","ShatteredReality","SilverBlades"],"campfire_rested":1,"item_purchase_floors":[4,10,10,10],"current_hp_per_floor":[65,65,54,54,54,54,61,56,56,56,37,36,57,57,57,26,72,68,68],"gold":239,"neow_bonus":"THREE_ENEMY_KILL","is_daily":false,"chose_seed":false,"campfire_upgraded":2,"win_rate":0.0,"timestamp":1614436622,"path_taken":["M","?","?","?","?","R","E","?","T","?","E","?","R","M","R","BOSS","M"],"items_purchased_type":["Relic","Card","Card","Card"],"build_version":"2020-12-22","purchased_purges":0,"victory":false,"max_hp_per_floor":[65,65,65,65,65,65,72,72,72,72,72,72,72,72,72,72,72,72,72],"card_choices":[{"not_picked":["SpecialFormula","Foresight"],"picked":"Reset","floor":1},{"not_picked":["FastForward","Unruled"],"picked":"GearUp","floor":2},{"not_picked":["Rewind","Barrier"],"picked":"Starlight","floor":7},{"not_picked":["Rearm","TimeWarp"],"picked":"InstantArmor","floor":8},{"not_picked":["Rewind","Solidify"],"picked":"Starlight","floor":11},{"not_picked":["Replace","WasteNot"],"picked":"Ricochet","floor":12},{"not_picked":["Spin","ShatteredReality"],"picked":"Sabotage","floor":14},{"not_picked":["LightFlow","Initiator"],"picked":"Deny","floor":16}],"player_experience":88486,"relics_obtained":[{"floor":7,"key":"Strawberry"},{"floor":9,"key":"Potion Belt"},{"floor":11,"key":"Bag of Preparation"}],"event_choices":[{"damage_healed":0,"gold_gain":75,"player_choice":"Gather Gold","damage_taken":11,"max_hp_gain":0,"max_hp_loss":0,"event_name":"World of Goop","floor":3,"gold_loss":0},{"damage_healed":0,"gold_gain":0,"player_choice":"Trade","damage_taken":0,"relics_obtained":["SsserpentHead"],"max_hp_gain":0,"max_hp_loss":0,"event_name":"FaceTrader","floor":5,"gold_loss":0}],"is_beta":false,"boss_relics":[{"not_picked":["energizedSpire:EnergizedDie","Fusion Hammer"],"picked":"theForsaken:PaleLantern"}],"items_purged_floors":[],"is_endless":false,"potions_floor_spawned":[1,11,16],"killed_by":"Chosen","ascension_level":1}}