{"host":"yq7vhdvcv08g2502","time":1614389860,"event":{"mods":["Act Like it!","BaseMod","Colored Powertips","Conspire","Custom Start","Gensokyo","Infinite Spire","Marisa????????","Minty Spire (QoL Compilation)","Quick Restart","Reimu??????","Replay The Spire","StSLib","The Servant 0.9.4"],"gold_per_floor":[113,130,6,16,31,257,257,257,257,97,97,111,123,123,123,228,228,242,52,63,82,82,82,82,82,114,114,184,195,195,212,212,212,212,308,308,325,345,345,128,140,170,170,188,188,188,204,204,214,233,233,233],"floor_reached":53,"language":"ENG","playtime":2664,"items_purged":["Strike_MRS","Spreading Infection"],"score":989,"play_id":"98917169-1b4c-4714-8541-c79a03f1905e","local_time":"20210227013740","is_ascension_mode":true,"campfire_choices":[{"data":"ManaRampage","floor":7.0,"key":"SMITH"},{"floor":15.0,"key":"REST"},{"data":"EnergyFlow","floor":23.0,"key":"SMITH"},{"data":"AbsoluteMagnitude","floor":30.0,"key":"SMITH"},{"floor":32.0,"key":"REST"},{"data":"EnergyRecoil","floor":34.0,"key":"SMITH"},{"data":"UpSweep","floor":43,"key":"SMITH"},{"floor":48,"key":"REST"},{"data":"Defend_MRS","floor":51,"key":"PURGE"}],"circlet_count":0,"master_deck":["Strike_MRS","Defend_MRS","MasterSpark","UpSweep+1","EnergyRecoil+1","GalacticHalo+1","EarthLightRay","ManaRampage+1","EnergyRecoil+1","AbsoluteMagnitude+1","MaximisePower+1","AsteroidBelt+1","EnergyFlow+1","UltimateShortwave+1","CurseOfTheBell","PropBag+1","OneTimeOff+1","PropBag+1","GalacticHalo+1","MagicAbsorber+1","MagicChant+1"],"relics":["MiniHakkero","FossilizedHelix","Shuriken","Toxic Egg 2","Gensokyo:BookOfSpecters","Replay:Grab Bag","conspire:RoyalGoblet","Sozu","Empty Cage","Bronze Scales","conspire:BottledYoYo","BreadOfAWashokuLover","Calling Bell","Anchor","Question Card","Prayer Wheel","ReplayTheSpireMod:CursedCoin","Ginger","Replay:Mystery Machine","Garlic"],"acts_visited":["Gensokyo:Gensokyo","Gensokyo:Gensokyoer","Gensokyo:Gensokyoest"],"potions_floor_usage":[],"damage_taken":[{"damage":0.0,"enemies":"Gensokyo:3_Fairies","floor":1.0,"turns":3.0},{"damage":0.0,"enemies":"Gensokyo:2_Kodama","floor":2.0,"turns":3.0},{"damage":6.0,"enemies":"Gensokyo:Gryphon","floor":4.0,"turns":4.0},{"damage":17.0,"enemies":"Gensokyo:Python_and_Kodama","floor":5.0,"turns":6.0},{"damage":17.0,"enemies":"Gensokyo:Mamizou","floor":6.0,"turns":6.0},{"damage":0.0,"enemies":"Gensokyo:Gryphon_and_Rabbit","floor":12.0,"turns":3.0},{"damage":0.0,"enemies":"Gensokyo:LivingMonolith","floor":13.0,"turns":2.0},{"damage":24.0,"enemies":"Gensokyo:Reimu","floor":16.0,"turns":10.0},{"damage":13.0,"enemies":"Gensokyo:2_Gloops","floor":18.0,"turns":5.0},{"damage":32.0,"enemies":"Gensokyo:3_Dogs","floor":20.0,"turns":4.0},{"damage":14.0,"enemies":"Gensokyo:Wraith","floor":21.0,"turns":4.0},{"damage":9.0,"enemies":"Gensokyo:Koishi","floor":26.0,"turns":6.0},{"damage":4.0,"enemies":"Gensokyo:Monolith_and_Dog","floor":29.0,"turns":2.0},{"damage":0.0,"enemies":"Gensokyo:3_Gloops","floor":31.0,"turns":2.0},{"damage":43,"enemies":"Gensokyo:Kaguya","floor":35,"turns":6},{"damage":0,"enemies":"Gensokyo:3_Bats","floor":37,"turns":3},{"damage":0,"enemies":"Gensokyo:3_Boulders","floor":38,"turns":2},{"damage":0,"enemies":"Gensokyo:AtlasGolem","floor":41,"turns":4},{"damage":0,"enemies":"Gensokyo:Marisa","floor":42,"turns":2},{"damage":0,"enemies":"Gensokyo:Dusk_and_Dawn","floor":44,"turns":2},{"damage":24,"enemies":"Gensokyo:4_Bats","floor":47,"turns":4},{"damage":0,"enemies":"Gensokyo:AtlasGolem","floor":49,"turns":5},{"damage":24,"enemies":"Gensokyo:3_Boulders","floor":50,"turns":5},{"damage":0,"enemies":"Gensokyo:Scarlet_Devils","floor":52,"turns":4}],"seed_played":"340739308770227332","potions_obtained":[{"floor":5.0,"key":"PowerPotion"},{"floor":12.0,"key":"Block Potion"},{"floor":13.0,"key":"LiquidBronze"},{"floor":16.0,"key":"SteroidPotion"}],"is_trial":false,"path_per_floor":["M","M","COS","M","M","E","R","?","T","?","?","M","M","?","R","B",null,"M","$","M","M","?","R","PTL","PTL","E","?","T","M","R","M","R","AVR","R","B",null,"M","M","?","$","M","E","R","M","T","?","M","R","M","M","R","B",null],"character_chosen":"MARISA","items_purchased":["MaximisePower+1","AsteroidBelt+1","ReplayTheSpireMod:CursedCoin","Ginger"],"campfire_rested":3,"item_purchase_floors":[19,19,40,40],"current_hp_per_floor":[50,50,50,44,31,18,18,18,18,18,18,30,46,46,68,48,68,59,59,39,41,41,41,41,41,48,48,48,44,44,44,66,66,66,29,64,68,73,62,62,62,66,66,66,66,66,46,68,72,52,52,54],"gold":233,"neow_bonus":"ONE_RARE_RELIC","is_daily":false,"chose_seed":false,"campfire_upgraded":5,"win_rate":0.0,"timestamp":1614389860,"path_taken":["M","M","COS","M","M","E","R","?","T","?","?","?","M","?","R","BOSS","M","?","M","M","?","R","PTL","PTL","E","?","T","M","R","M","R","AVR","R","BOSS","M","M","?","$","M","E","R","M","T","?","M","R","M","M","R","BOSS"],"items_purchased_type":["Card","Card","Relic","Relic"],"build_version":"2020-12-22","purchased_purges":2,"victory":true,"max_hp_per_floor":[75,75,75,75,75,75,75,75,75,75,75,75,75,75,75,75,75,75,75,75,75,75,75,75,75,75,75,75,75,75,75,75,75,75,75,75,75,75,75,75,75,75,75,75,75,75,75,75,75,75,75,75],"card_choices":[{"not_picked":["Occultation","SporeBomb"],"picked":"EnergyRecoil","floor":1.0},{"not_picked":["GrandCross","NonDirectionalLaser"],"picked":"GalacticHalo","floor":2.0},{"not_picked":["AsteroidBelt","ShootingEcho"],"picked":"EarthLightRay","floor":4.0},{"not_picked":["EscapeVelocity","JA"],"picked":"ManaRampage","floor":5.0},{"not_picked":["MilkyWay","AsteroidBelt","SporeBomb"],"picked":"SKIP","floor":5.0},{"not_picked":["DC","Singularity","PowerUp+1"],"picked":"SKIP","floor":6.0},{"not_picked":["Robbery","MeteoricShower"],"picked":"EnergyRecoil+1","floor":12.0},{"not_picked":["MysteriousBeam","IllusionStar+1","RefractionSpark"],"picked":"SKIP","floor":13.0},{"not_picked":["EscapeVelocity","CasketOfStar"],"picked":"AbsoluteMagnitude","floor":16.0},{"not_picked":["DoubleSpark","ManaConvection+1","LuminesStrike"],"picked":"SKIP","floor":18.0},{"not_picked":["MysteriousBeam","StarlightTyphoon+1","NonDirectionalLaser"],"picked":"SKIP","floor":20.0},{"not_picked":["DragonMeteor","SporeBomb+1","ShootTheMoon"],"picked":"SKIP","floor":21.0},{"not_picked":["Singularity","TreasureHunter","GravityBeat"],"picked":"SKIP","floor":26.0},{"not_picked":["WitchLeyline+1","OpenUniverse+1","DragonMeteor+1"],"picked":"SKIP","floor":29.0},{"not_picked":["MilkyWay+1","PowerUp+1","OortCloud"],"picked":"SKIP","floor":31.0},{"not_picked":["CasketOfStar","ManaRampage+1"],"picked":"UltimateShortwave+1","floor":35},{"not_picked":["DC","Orbital+1","MeteoricShower+1","NonDirectionalLaser+1"],"picked":"SKIP","floor":37},{"not_picked":["Robbery","DoubleSpark","DC","WitchLeyline"],"picked":"SKIP","floor":37},{"not_picked":["SporeBomb+1","SprinkleStarSeal+1","OortCloud+1"],"picked":"PropBag+1","floor":38},{"not_picked":["MysteriousBeam+1","AsteroidBelt+1","SporeBomb+1"],"picked":"OneTimeOff+1","floor":38},{"not_picked":["SuperPerseids+1","ShootingEcho+1","WitchOfGreed+1","SporeBomb+1"],"picked":"SKIP","floor":41},{"not_picked":["GravityBeat+1","BigCrunch+1","Singularity+1","DoubleSpark"],"picked":"SKIP","floor":41},{"not_picked":["SuperPerseids+1","ShootingEcho+1","WitchOfGreed+1","SporeBomb+1"],"picked":"SKIP","floor":41},{"not_picked":["GravityBeat+1","BigCrunch+1","Singularity+1","DoubleSpark"],"picked":"SKIP","floor":41},{"not_picked":["DarkMatter+1","WitchOfGreed","ChargeUpSpray+1","EventHorizon+1"],"picked":"SKIP","floor":42},{"not_picked":["ShootTheMoon+1","DC","GravityBeat+1","ShootingEcho"],"picked":"SKIP","floor":44},{"not_picked":["UnstableBomb+1","6A+1","DoubleSpark","Acceleration+1"],"picked":"SKIP","floor":44},{"not_picked":["ShootTheMoon+1","DC","GravityBeat+1","ShootingEcho"],"picked":"SKIP","floor":44},{"not_picked":["UnstableBomb+1","6A+1","DoubleSpark","Acceleration+1"],"picked":"SKIP","floor":44},{"not_picked":["DoubleSpark","GrandCross+1","ManaConvection+1"],"picked":"PropBag+1","floor":47},{"not_picked":["Orbital+1","GrandCross","GravityBeat+1","GalacticHalo+1"],"picked":"SKIP","floor":47},{"not_picked":["BlazingStar","WitchLeyline+1","GravityBeat+1"],"picked":"GalacticHalo+1","floor":49},{"not_picked":["ShootingEcho","GalacticHalo+1","FairyDestructionRay"],"picked":"MagicAbsorber+1","floor":49},{"not_picked":["GravityBeat","PulseMagic+1","WitchOfGreed"],"picked":"MagicChant+1","floor":50},{"not_picked":["LuminesStrike","GasGiant+1","IllusionStar+1","6A+1"],"picked":"SKIP","floor":50}],"player_experience":327487,"relics_obtained":[{"floor":6.0,"key":"Toxic Egg 2"},{"floor":9.0,"key":"Meat on the Bone"},{"floor":26.0,"key":"Bronze Scales"},{"floor":28.0,"key":"conspire:BottledYoYo"},{"floor":36,"key":"Anchor"},{"floor":36,"key":"Question Card"},{"floor":36,"key":"Prayer Wheel"},{"floor":42,"key":"Replay:Mystery Machine"},{"floor":45,"key":"Garlic"}],"event_choices":[{"damage_healed":0.0,"max_hp_gain":0.0,"max_hp_loss":0.0,"gold_gain":0.0,"event_name":"conspire:Investor","player_choice":"Leave","floor":14.0,"gold_loss":0.0,"damage_taken":0.0}],"is_beta":false,"boss_relics":[{"not_picked":["Honey Jar","Black Star"],"picked":"Replay:Grab Bag"},{"not_picked":["RampagingMagicTools","conspire:SlowCooker"],"picked":"conspire:RoyalGoblet"},{"not_picked":["Coffee Dripper","Runic Dome"],"picked":"Sozu"},{"not_picked":["conspire:SpecialSausage","Kintsugi"],"picked":"Empty Cage"},{"not_picked":["Tiny House","conspire:RunicOctahedron"],"picked":"Calling Bell"}],"items_purged_floors":[33,40],"is_endless":false,"potions_floor_spawned":[5,12,13,16,21,37,41,44],"ascension_level":6}}