{"host":"emzatosnsokm6754","time":1614417149,"event":{"mods":["Act Like it!","BaseMod","Bossed Relics","Colored Powertips","Dota2Spire","Energized Spire","Minty Spire (QoL Compilation)","Rare Cards Sparkle","Replay The Spire","Ruina","Small Relic Pack","StSLib","The Hierophant","The Servant 0.9.4"],"gold_per_floor":[114,114,114,139,214,253,277,277,277,39,73,88,102,102,102,102,102],"floor_reached":16,"language":"ENG","playtime":471,"items_purged":[],"score":149,"play_id":"592d5722-7d33-4bd2-bb6a-b29394bb3a36","local_time":"20210227221229","is_ascension_mode":true,"campfire_choices":[{"data":"Reinforced Body","floor":8,"key":"SMITH"},{"floor":15,"key":"REST"}],"circlet_count":0,"master_deck":["Strike_B","Strike_B","Strike_B","Strike_B","Defend_B","Defend_B","Defend_B","Defend_B","Zap","Dualcast","Reinforced Body+1"],"relics":["Cracked Core","NeowsBlessing","Golden Idol","Durian","Replay:Bottled Steam","Molten Egg 2","Anchor"],"acts_visited":["Exordium"],"potions_floor_usage":[11,11,11,16,16],"damage_taken":[{"damage":0,"enemies":"Small Slimes","floor":1,"turns":1},{"damage":0,"enemies":"Cultist","floor":4,"turns":1},{"damage":0,"enemies":"Gremlin Nob","floor":6,"turns":1},{"damage":3,"enemies":"2 Louse","floor":7,"turns":3},{"damage":12,"enemies":"Lagavulin","floor":11,"turns":8},{"damage":0,"enemies":"2 Fungi Beasts","floor":12,"turns":4},{"damage":13,"enemies":"Exordium Thugs","floor":13,"turns":5},{"damage":68,"enemies":"Fading Forest","floor":16,"turns":11}],"seed_played":"-2129790305899216574","potions_obtained":[{"floor":1,"key":"Venom Potion"},{"floor":3,"key":"Weak Potion"},{"floor":3,"key":"Fire Potion"},{"floor":12,"key":"DuplicationPotion"},{"floor":13,"key":"Venom Potion"}],"is_trial":false,"path_per_floor":["M","?","?","M","?","E","M","R","T","$","E","M","M","?","R","B"],"character_chosen":"DEFECT","items_purchased":["Molten Egg 2"],"campfire_rested":1,"item_purchase_floors":[10],"current_hp_per_floor":[75,57,57,57,46,51,48,48,48,48,36,36,23,23,47,0,0],"gold":102,"neow_bonus":"THREE_ENEMY_KILL","is_daily":false,"chose_seed":false,"campfire_upgraded":1,"win_rate":0.0,"timestamp":1614417149,"path_taken":["M","?","?","?","?","E","M","R","T","$","E","M","M","?","R","BOSS"],"items_purchased_type":["Relic"],"build_version":"2020-12-22","purchased_purges":0,"victory":false,"max_hp_per_floor":[75,75,75,75,75,80,80,80,80,80,80,80,80,80,80,80,80],"card_choices":[{"not_picked":["Coolheaded","Beam Cell"],"picked":"Reinforced Body","floor":1},{"not_picked":["Streamline","Redo","Rebound"],"picked":"SKIP","floor":4},{"not_picked":["Hologram","ReplayTheSpireMod:System Scan","Beam Cell"],"picked":"SKIP","floor":6},{"not_picked":["Steam Power","Turbo","Compile Driver"],"picked":"SKIP","floor":7},{"not_picked":["Leap","Turbo","FIFO Queue"],"picked":"SKIP","floor":11},{"not_picked":["Conserve Battery","Turbo","Redo"],"picked":"SKIP","floor":12},{"not_picked":["Static Discharge","Recycle","Blizzard+1"],"picked":"SKIP","floor":13}],"player_experience":234490,"relics_obtained":[{"floor":6,"key":"Durian"},{"floor":9,"key":"Replay:Bottled Steam"},{"floor":11,"key":"Anchor"}],"event_choices":[{"damage_healed":0,"gold_gain":0,"player_choice":"Take Damage","damage_taken":18,"relics_obtained":["Golden Idol"],"max_hp_gain":0,"max_hp_loss":0,"event_name":"Golden Idol","floor":2,"gold_loss":0},{"damage_healed":0,"gold_gain":0,"player_choice":"Got Potions","damage_taken":0,"max_hp_gain":0,"max_hp_loss":0,"event_name":"Lab","floor":3,"gold_loss":0},{"damage_healed":0,"gold_gain":75,"player_choice":"Gather Gold","damage_taken":11,"max_hp_gain":0,"max_hp_loss":0,"event_name":"World of Goop","floor":5,"gold_loss":0},{"damage_healed":0,"gold_gain":0,"player_choice":"Ignored","damage_taken":0,"max_hp_gain":0,"max_hp_loss":0,"event_name":"Transmorgrifier","floor":14,"gold_loss":0}],"is_beta":false,"boss_relics":[],"items_purged_floors":[],"is_endless":false,"potions_floor_spawned":[1,12,13],"killed_by":"Fading Forest","ascension_level":2}}