{"host":"mithrandi","time":1614428965,"event":{"mods":["BaseMod","Colored Map","Highlight Path","Minty Spire (QoL Compilation)","SuperFastMode"],"gold_per_floor":[119,119,131,145,159,184,204,230,230,260,19,19,19,37,37,37,37],"floor_reached":16,"language":"ENG","playtime":709,"items_purged":["Strike_B"],"score":244,"play_id":"da9a550b-bc04-4442-ba5f-df6cee7bbf43","local_time":"20210227142925","is_ascension_mode":true,"campfire_choices":[{"floor":13,"key":"REST"},{"data":"Double Energy","floor":15,"key":"SMITH"}],"circlet_count":0,"master_deck":["AscendersBane","Strike_B","Strike_B","Defend_B","Defend_B","Defend_B","Defend_B","Zap","Dualcast","Creative AI+1","Ball Lightning","Double Energy+1","Compile Driver","Ball Lightning","Ball Lightning+1","Auto Shields","BootSequence","Doom and Gloom+1","Conserve Battery"],"relics":["Cracked Core","Molten Egg 2","Lantern","StrikeDummy","Question Card","Regal Pillow"],"acts_visited":["Exordium"],"potions_floor_usage":[10,14],"damage_taken":[{"damage":2.0,"enemies":"Jaw Worm","floor":1.0,"turns":3.0},{"damage":0.0,"enemies":"2 Louse","floor":3.0,"turns":2.0},{"damage":1.0,"enemies":"Cultist","floor":4.0,"turns":3.0},{"damage":16.0,"enemies":"Blue Slaver","floor":5.0,"turns":4.0},{"damage":10.0,"enemies":"Lagavulin","floor":6.0,"turns":5.0},{"damage":1.0,"enemies":"2 Fungi Beasts","floor":7.0,"turns":2.0},{"damage":8.0,"enemies":"Gremlin Nob","floor":8.0,"turns":3.0},{"damage":15,"enemies":"3 Sentries","floor":10,"turns":5},{"damage":1,"enemies":"Exordium Thugs","floor":14,"turns":4},{"damage":43,"enemies":"Hexaghost","floor":16,"turns":9}],"seed_played":"-5278102328526203254","potions_obtained":[{"floor":1.0,"key":"ColorlessPotion"},{"floor":6.0,"key":"SteroidPotion"},{"floor":7.0,"key":"ColorlessPotion"},{"floor":10,"key":"Fire Potion"}],"is_trial":false,"path_per_floor":["M","?","M","M","M","E","M","E","T","E","$","?","R","M","R","B"],"character_chosen":"DEFECT","items_purchased":["Regal Pillow"],"campfire_rested":1,"item_purchase_floors":[11],"current_hp_per_floor":[62,55,55,54,38,28,27,19,19,4,4,4,40,39,39,0,0],"gold":37,"neow_bonus":"ONE_RANDOM_RARE_CARD","is_daily":false,"chose_seed":false,"campfire_upgraded":1,"win_rate":0.0,"timestamp":1614428965,"path_taken":["M","?","M","M","M","E","M","E","T","E","$","?","R","?","R","BOSS"],"items_purchased_type":["Relic"],"build_version":"2020-12-18","purchased_purges":1,"victory":false,"max_hp_per_floor":[71,71,71,71,71,71,71,71,71,71,71,71,71,71,71,71,71],"card_choices":[{"not_picked":["FTL","Heatsinks"],"picked":"Ball Lightning","floor":1.0},{"not_picked":["Force Field","Steam Power"],"picked":"Double Energy","floor":3.0},{"not_picked":["Redo","Barrage"],"picked":"Compile Driver","floor":4.0},{"not_picked":["Undo","Thunder Strike"],"picked":"Ball Lightning","floor":5.0},{"not_picked":["Barrage+1","Leap"],"picked":"Ball Lightning+1","floor":6.0},{"not_picked":["Force Field","Redo"],"picked":"Auto Shields","floor":7.0},{"not_picked":["Sweeping Beam+1","Rebound+1"],"picked":"BootSequence","floor":8.0},{"not_picked":["Scrape+1","Chaos"],"picked":"Doom and Gloom+1","floor":10},{"not_picked":["Turbo","Leap","Redo"],"picked":"Conserve Battery","floor":14}],"player_experience":3176094,"relics_obtained":[{"floor":6.0,"key":"Molten Egg 2"},{"floor":8.0,"key":"Lantern"},{"floor":9.0,"key":"StrikeDummy"},{"floor":10,"key":"Question Card"}],"event_choices":[{"cards_removed":["Strike_B"],"damage_healed":0.0,"max_hp_gain":0.0,"max_hp_loss":0.0,"gold_gain":0.0,"event_name":"Golden Wing","player_choice":"Card Removal","floor":2.0,"gold_loss":0.0,"damage_taken":7.0},{"damage_healed":0,"gold_gain":0,"player_choice":"Upgraded","damage_taken":0,"max_hp_gain":0,"max_hp_loss":0,"event_name":"Upgrade Shrine","floor":12,"gold_loss":0,"cards_upgraded":["Creative AI"]}],"is_beta":true,"boss_relics":[],"items_purged_floors":[11],"is_endless":false,"potions_floor_spawned":[1,6,7,10],"killed_by":"Hexaghost","ascension_level":20}}