{"host":"3sqvgza1l4ip9ny1","time":1614384951,"event":{"mods":["BaseMod","Minty Spire (QoL Compilation)"],"gold_per_floor":[119,119,69,86,32,66,66,100,100,100,123,136,152,152,152,254,254,273,288,288,301,301,301],"floor_reached":22,"language":"ENG","playtime":918,"items_purged":[],"score":223,"play_id":"7bd5952f-409b-4ab4-9058-0a48b79364d7","local_time":"20210227001551","is_ascension_mode":true,"campfire_choices":[{"data":"Inflame","floor":7,"key":"SMITH"},{"data":"Rampage","floor":10,"key":"SMITH"},{"data":"Clothesline","floor":15,"key":"SMITH"}],"circlet_count":0,"master_deck":["Strike_R","Strike_R","Strike_R","Defend_R","Defend_R","Defend_R","Defend_R","Bash","Hemokinesis","Inflame+1","Headbutt","Sword Boomerang","Pummel","Rampage+1","Clothesline+1","Berserk","Combust","Trip","Bandage Up","Finesse","Spot Weakness+1"],"relics":["Burning Blood","Orichalcum","Mercury Hourglass","Smiling Mask","Bronze Scales","Odd Mushroom","Blue Candle","Black Star"],"acts_visited":["Exordium","TheCity"],"potions_floor_usage":[21,22,22],"damage_taken":[{"damage":5,"enemies":"Cultist","floor":1,"turns":4},{"damage":2,"enemies":"Small Slimes","floor":4,"turns":3},{"damage":14,"enemies":"Gremlin Nob","floor":6,"turns":4},{"damage":19,"enemies":"3 Sentries","floor":8,"turns":4},{"damage":24,"enemies":"The Mushroom Lair","floor":11,"turns":3},{"damage":7,"enemies":"Jaw Worm","floor":12,"turns":3},{"damage":2,"enemies":"2 Fungi Beasts","floor":13,"turns":2},{"damage":30,"enemies":"Hexaghost","floor":16,"turns":8},{"damage":5,"enemies":"Chosen","floor":18,"turns":3},{"damage":21,"enemies":"2 Thieves","floor":19,"turns":3},{"damage":34,"enemies":"3 Cultists","floor":21,"turns":5},{"damage":36,"enemies":"Centurion and Healer","floor":22,"turns":3}],"seed_played":"2479394054102882460","potions_obtained":[{"floor":4,"key":"BloodPotion"},{"floor":16,"key":"Strength Potion"},{"floor":19,"key":"BlessingOfTheForge"},{"floor":21,"key":"AttackPotion"}],"is_trial":false,"path_per_floor":["M","?","?","M","$","E","R","E","T","R","?","M","M","T","R","B",null,"M","M","?","M","M"],"character_chosen":"IRONCLAD","items_purchased":["Sword Boomerang"],"campfire_rested":0,"item_purchase_floors":[5],"current_hp_per_floor":[80,80,80,80,80,72,72,59,59,59,41,40,44,44,44,20,80,80,65,38,14,0,0],"gold":301,"neow_bonus":"RANDOM_COMMON_RELIC","is_daily":false,"chose_seed":false,"campfire_upgraded":3,"win_rate":0.0,"timestamp":1614384951,"path_taken":["M","?","?","M","?","E","R","E","T","R","?","M","?","?","R","BOSS","M","?","?","M","M"],"items_purchased_type":["Card"],"build_version":"2020-12-22","purchased_purges":0,"victory":false,"max_hp_per_floor":[80,80,80,80,80,80,80,80,80,80,80,80,80,80,80,80,80,80,80,80,80,80,80],"card_choices":[{"not_picked":["True Grit","Battle Trance"],"picked":"Hemokinesis","floor":1},{"not_picked":["Armaments","Anger"],"picked":"Headbutt","floor":4},{"not_picked":["Bludgeon","Hemokinesis"],"picked":"Pummel","floor":6},{"not_picked":["Body Slam","Flex"],"picked":"Rampage","floor":8},{"not_picked":["Iron Wave","Impervious","Anger"],"picked":"SKIP","floor":12},{"not_picked":["True Grit","Shrug It Off"],"picked":"Clothesline","floor":13},{"not_picked":["Impervious","Offering"],"picked":"Berserk","floor":16},{"not_picked":["Iron Wave","Anger","Havoc"],"picked":"SKIP","floor":18},{"not_picked":["Pommel Strike","True Grit"],"picked":"Combust","floor":19},{"not_picked":["Infernal Blade","Thunderclap+1"],"picked":"Spot Weakness+1","floor":21}],"player_experience":241475,"relics_obtained":[{"floor":6,"key":"Mercury Hourglass"},{"floor":8,"key":"Smiling Mask"},{"floor":9,"key":"Bronze Scales"},{"floor":11,"key":"Odd Mushroom"},{"floor":14,"key":"Blue Candle"}],"event_choices":[{"damage_healed":0,"gold_gain":0,"cards_transformed":["Strike_R"],"player_choice":"Change","damage_taken":0,"max_hp_gain":0,"max_hp_loss":0,"event_name":"Living Wall","floor":2,"gold_loss":0,"cards_obtained":["Inflame"]},{"cards_removed":["Strike_R"],"damage_healed":0,"gold_gain":0,"player_choice":"Card Removal","damage_taken":0,"max_hp_gain":0,"max_hp_loss":0,"event_name":"The Cleric","floor":3,"gold_loss":50},{"damage_healed":0,"gold_gain":0,"player_choice":"Fought Mushrooms","damage_taken":0,"max_hp_gain":0,"max_hp_loss":0,"event_name":"Mushrooms","floor":11,"gold_loss":0},{"damage_healed":0,"gold_gain":0,"player_choice":"CARD CARD CARD ","damage_taken":27,"max_hp_gain":0,"max_hp_loss":0,"event_name":"Knowing Skull","floor":20,"potions_obtained":[],"gold_loss":0,"cards_obtained":["Trip","Bandage Up","Finesse"]},{"damage_healed":0,"gold_gain":0,"player_choice":"CARD CARD CARD ","damage_taken":27,"max_hp_gain":0,"max_hp_loss":0,"event_name":"Knowing Skull","floor":20,"potions_obtained":[],"gold_loss":0,"cards_obtained":["Trip","Bandage Up","Finesse"]}],"is_beta":false,"boss_relics":[{"not_picked":["Runic Pyramid","Ectoplasm"],"picked":"Black Star"}],"items_purged_floors":[],"is_endless":false,"potions_floor_spawned":[4,16,19,21],"killed_by":"Centurion and Healer","ascension_level":3}}