{"host":"5vxoi0a3x57fg5l4","time":1614393460,"event":{"mods":["Act Like it!","BaseMod","Better Third Choice","Colored Map","GifTheSpireLib","Hallownest","Highlight Path","Minty Spire (QoL Compilation)","Permanent Neow","Quick Restart","Relic Sorter","Relic Stats","StSLib","The Bug Knight","UnlockEverythingMod"],"gold_per_floor":[154,44,44,80,5,45,45,115,115,155,42,42,156,193,193,288,288,327,148,148],"floor_reached":19,"language":"ENG","playtime":1395,"items_purged":["HollowMod:NailStrikeStart"],"score":175,"play_id":"4c692f45-d482-4e09-8656-02b21fe939dd","local_time":"20210226233740","is_ascension_mode":true,"campfire_choices":[{"data":"HandOfGreed","floor":7.0,"key":"SMITH"},{"floor":12.0,"key":"RECALL"},{"floor":15.0,"key":"REST"}],"circlet_count":0,"master_deck":["HollowMod:NailStrikeStart","HollowMod:NailStrikeStart","HollowMod:NailStrikeStart","HollowMod:QuickDashStart","HollowMod:QuickDashStart","HollowMod:QuickDashStart","HollowMod:QuickDashStart","HollowMod:FocusHealStart","HollowMod:PogoStrike","HandOfGreed+1","HollowMod:GreatSlash","HollowMod:QuirrelsAssistance","HollowMod:HeavyBlow","HollowMod:SoulVessel","HollowMod:SoulSplash","HollowMod:GrimmsGift","HollowMod:MidwifesHunger","HollowMod:LifebloodCocoon","HollowMod:Hiveblood"],"relics":["HollowMod:VesselMask","Hallownest:DreamNailRelic","Hallownest:BankAccountRelic","HollowMod:MantisClawRelic","Bag of Preparation","Black Star","Pen Nib"],"acts_visited":["Hallownest:Greenpath","Hallownest:CityofTears"],"potions_floor_usage":[],"damage_taken":[{"damage":9.0,"enemies":"Hallownest:2_Tiktiks_and_1_Crawlid","floor":1.0,"turns":3.0},{"damage":0.0,"enemies":"Hallownest:monsterHuskWarrior","floor":4.0,"turns":3.0},{"damage":3.0,"enemies":"Hallownest:2_MossCreeps","floor":8.0,"turns":3.0},{"damage":5.0,"enemies":"Hallownest:monsterFoolEater","floor":10.0,"turns":3.0},{"damage":30.0,"enemies":"Hallownest:2_Tiktiks_1_Baldur_1_Crawlid","floor":13.0,"turns":6.0},{"damage":0.0,"enemies":"Hallownest:MossCreep_and_Mosskin","floor":14.0,"turns":4.0},{"damage":50.0,"enemies":"Hallownest:BossFalseKnight","floor":16.0,"turns":11.0},{"damage":41,"enemies":"Hallownest:2_Mistakes","floor":18,"turns":5}],"seed_played":"-9132611942876816166","potions_obtained":[{"floor":8.0,"key":"Fruit Juice"},{"floor":13.0,"key":"EssenceOfSteel"},{"floor":16.0,"key":"Dexterity Potion"}],"is_trial":false,"path_per_floor":["M","$","?","M","?","$","R","M","T","M","$","R","M","M","R","B",null,"M","$"],"character_chosen":"THE_BUGKNIGHT","items_purchased":["HollowMod:QuirrelsAssistance","Bag of Preparation","HollowMod:Hiveblood","Pen Nib"],"campfire_rested":1,"item_purchase_floors":[2,11,19,19],"current_hp_per_floor":[45,45,45,51,51,51,51,59,59,54,54,54,30,30,54,10,80,39,39,39],"gold":148,"neow_bonus":"RANDOM_COLORLESS_2","is_daily":false,"chose_seed":false,"campfire_upgraded":1,"win_rate":0.0,"timestamp":1614393460,"path_taken":["M","$","?","?","?","?","R","?","T","M","$","R","M","M","R","BOSS","M","$"],"items_purchased_type":["Card","Relic","Card","Relic"],"build_version":"2020-12-22","purchased_purges":1,"victory":false,"max_hp_per_floor":[75,75,75,75,75,75,75,80,80,80,80,80,80,80,80,80,80,80,80,80],"relic_stats":{"counters":[8,38],"Pen Nib":[0],"Bag of Preparation":[8],"Black Star":0,"obtain_stats":[{"Hallownest:BankAccountRelic":5,"HollowMod:VesselMask":0,"Pen Nib":19,"Hallownest:DreamNailRelic":3,"Bag of Preparation":11,"Black Star":17,"HollowMod:MantisClawRelic":9},{"Hallownest:BankAccountRelic":2,"HollowMod:VesselMask":0,"Pen Nib":8,"Hallownest:DreamNailRelic":1,"Bag of Preparation":4,"Black Star":7,"HollowMod:MantisClawRelic":3},{"Hallownest:BankAccountRelic":6,"HollowMod:VesselMask":0,"Pen Nib":38,"Hallownest:DreamNailRelic":3,"Bag of Preparation":12,"Black Star":33,"HollowMod:MantisClawRelic":9}]},"card_choices":[{"not_picked":["Sadistic Nature","Master of Strategy"],"picked":"HandOfGreed","floor":0.0},{"not_picked":["HollowMod:WraithStrike","HollowMod:NewJinnsSoul"],"picked":"HollowMod:GreatSlash","floor":1.0},{"not_picked":["HollowMod:MawleksShell","HollowMod:VengefulVoid","HollowMod:TaintedHusks"],"picked":"SKIP","floor":4.0},{"not_picked":["HollowMod:NewJinnsSoul","HollowMod:CornifersMapStart"],"picked":"HollowMod:HeavyBlow","floor":8.0},{"not_picked":["HollowMod:InfectedAttack","HollowMod:FastStrike"],"picked":"HollowMod:SoulVessel","floor":10.0},{"not_picked":["HollowMod:VengefulVoid","HollowMod:TaintedHusks"],"picked":"HollowMod:SoulSplash","floor":13.0},{"not_picked":["HollowMod:ChannelNail","HollowMod:CornifersMapStart"],"picked":"HollowMod:GrimmsGift","floor":14.0},{"not_picked":["HollowMod:Weaversong","HollowMod:SlysStrikes"],"picked":"HollowMod:MidwifesHunger","floor":16.0},{"not_picked":["HollowMod:CycloneSlash+1","HollowMod:BaldurShell"],"picked":"HollowMod:LifebloodCocoon","floor":18}],"player_experience":43543,"relics_obtained":[{"floor":9.0,"key":"HollowMod:MantisClawRelic"}],"event_choices":[],"is_beta":false,"boss_relics":[{"not_picked":["Calling Bell","Fusion Hammer"],"picked":"Black Star"}],"items_purged_floors":[2],"is_endless":false,"potions_floor_spawned":[8,13,16],"ascension_level":2}}