{"host":"i0avyit1s6jb1siw","time":1614430580,"event":{"mods":["BaseMod","DeckTracker","Dota2Spire","Minty Spire (QoL Compilation)","Quick Restart","StSLib","SuperFastMode"],"gold_per_floor":[113,123,30,42,56,86,103,113,113,113,113,140,140,152,162,162,239,239,258,258,258,274,291,291,73,73,73,73,87,87,120,137,153,153,229,229,229,302,302,319,319,319,269,289,289,315,315,332,404,430,465,465,465,493,493,526,526,526,526,526,526,44,74,74],"floor_reached":65,"language":"ENG","playtime":1654,"items_purged":["Strike_G+1","Slice+1","Dagger Spray"],"score":3848,"play_id":"df77a510-2bcf-4118-9e63-3ffe0d20e8f2","local_time":"20210227135620","is_ascension_mode":true,"campfire_choices":[{"floor":11,"key":"REST"},{"data":"Accuracy","floor":13,"key":"SMITH"},{"data":"Noxious Fumes","floor":16,"key":"SMITH"},{"data":"Blade Dance","floor":24,"key":"SMITH"},{"data":"Blade Dance","floor":26,"key":"SMITH"},{"floor":34,"key":"REST"},{"floor":37,"key":"REST"},{"floor":45,"key":"RECALL"},{"floor":47,"key":"REST"},{"floor":53,"key":"REST"},{"floor":57,"key":"REST"},{"floor":61,"key":"REST"}],"circlet_count":0,"master_deck":["AscendersBane","Defend_G+1","Defend_G+1","Defend_G+1","Defend_G+1","Defend_G+1","Survivor","Neutralize","Noxious Fumes+1","Blade Dance","Accuracy+1","Blade Dance+1","PiercingWail","Bouncing Flask","Blade Dance+1","Leg Sweep","Accuracy+1","Corpse Explosion","Cloak And Dagger","Prepared","Leg Sweep","Dodge and Roll+1","Backflip+1","Predator","Bullet Time","Reflex+1","Acrobatics+1","Envenom","Well Laid Plans+1","Footwork"],"relics":["Snecko Eye","Anchor","Dota2Spire:DrumOfEndurance","HornCleat","Smiling Mask","Philosopher\u0027s Stone","Medical Kit","Question Card","Red Mask","Astrolabe","WristBlade","PreservedInsect","StrikeDummy","Toy Ornithopter","Ninja Scroll","Dota2Spire:OrchidMalevolence","Mummified Hand","Eternal Feather"],"acts_visited":["Exordium","TheCity","TheBeyond","TheEnding"],"potions_floor_usage":[6,7,12,22,59,64],"damage_taken":[{"damage":12.0,"enemies":"Cultist","floor":1.0,"turns":5.0},{"damage":5.0,"enemies":"2 Louse","floor":2.0,"turns":3.0},{"damage":7.0,"enemies":"Small Slimes","floor":4.0,"turns":3.0},{"damage":11.0,"enemies":"Blue Slaver","floor":5.0,"turns":3.0},{"damage":20,"enemies":"3 Sentries","floor":6,"turns":7},{"damage":0,"enemies":"Red Slaver","floor":7,"turns":1},{"damage":0,"enemies":"3 Louse","floor":8,"turns":3},{"damage":0,"enemies":"Lagavulin","floor":12,"turns":3},{"damage":0,"enemies":"Blue Slaver","floor":14,"turns":2},{"damage":0,"enemies":"Lots of Slimes","floor":15,"turns":3},{"damage":0,"enemies":"Slime Boss","floor":17,"turns":5},{"damage":12,"enemies":"2 Thieves","floor":19,"turns":3},{"damage":3,"enemies":"Spheric Guardian","floor":22,"turns":4},{"damage":8,"enemies":"Cultist and Chosen","floor":23,"turns":7},{"damage":0,"enemies":"Centurion and Healer","floor":29,"turns":3},{"damage":0,"enemies":"Masked Bandits","floor":31,"turns":2},{"damage":7,"enemies":"Snake Plant","floor":32,"turns":6},{"damage":4,"enemies":"Shelled Parasite and Fungi","floor":33,"turns":5},{"damage":14,"enemies":"Collector","floor":35,"turns":7},{"damage":0,"enemies":"Collector","floor":38,"turns":8},{"damage":0,"enemies":"3 Shapes","floor":40,"turns":2},{"damage":0,"enemies":"Orb Walker","floor":44,"turns":2},{"damage":14,"enemies":"Reptomancer","floor":46,"turns":7},{"damage":0,"enemies":"Sphere and 2 Shapes","floor":48,"turns":5},{"damage":2,"enemies":"Giant Head","floor":51,"turns":5},{"damage":0,"enemies":"Nemesis","floor":54,"turns":3},{"damage":11,"enemies":"Reptomancer","floor":56,"turns":3},{"damage":13,"enemies":"Donu and Deca","floor":58,"turns":5},{"damage":49,"enemies":"Awakened One","floor":59,"turns":12},{"damage":0,"enemies":"Shield and Spear","floor":63,"turns":3},{"damage":40,"enemies":"The Heart","floor":64,"turns":7}],"seed_played":"5673634358549072628","potions_obtained":[{"floor":4.0,"key":"EssenceOfSteel"},{"floor":6,"key":"CunningPotion"},{"floor":8,"key":"Fire Potion"},{"floor":12,"key":"SkillPotion"},{"floor":19,"key":"FearPotion"},{"floor":23,"key":"BlessingOfTheForge"},{"floor":38,"key":"Strength Potion"},{"floor":51,"key":"DistilledChaos"}],"is_trial":false,"path_per_floor":["M","M","$","M","M","E","M","M","T","T","R","E","R","M","M","R","B",null,"M","?","?","M","M","R","$","R","T","T","M","?","?","M","M","R","B",null,"R","B",null,"M","?","?","$","M","R","E","R","M","T","T","E","?","R","E","?","E","R","B","B",null,"R","$","E","B",null],"character_chosen":"THE_SILENT","items_purchased":["Accuracy","Blade Dance","Medical Kit","Mummified Hand","LiquidMemories","DuplicationPotion"],"campfire_rested":7,"item_purchase_floors":[3,3,25,62,62,62],"current_hp_per_floor":[47,42,42,35,24,4,4,4,4,4,23,23,23,23,23,23,23,55,43,43,43,40,32,32,32,32,32,32,32,32,32,25,21,40,26,26,45,45,61,61,61,61,61,61,61,47,63,63,63,63,61,51,63,63,63,52,63,50,6,49,63,63,63,28],"gold":74,"neow_bonus":"BOSS_RELIC","is_daily":false,"chose_seed":false,"campfire_upgraded":4,"win_rate":0.0,"timestamp":1614430580,"path_taken":["M","M","$","?","?","E","M","M","T","T","R","E","R","M","M","R","BOSS","M","?","?","?","M","R","$","R","T","T","M","?","?","M","M","R","BOSS","R","BOSS","M","?","?","$","?","R","E","R","M","T","T","E","?","R","E","?","E","R","BOSS","BOSS","R","$","E","BOSS"],"items_purchased_type":["Card","Card","Relic","Relic","Potion","Potion"],"build_version":"2020-12-22","purchased_purges":3,"victory":true,"max_hp_per_floor":[66,66,66,66,66,66,66,66,66,66,66,66,66,66,66,66,66,66,66,66,66,66,66,66,66,66,66,66,66,66,66,66,66,66,66,66,66,66,66,66,63,63,63,63,63,63,63,63,63,63,63,63,63,63,63,63,63,63,63,63,63,63,63,63],"card_choices":[{"not_picked":["Outmaneuver","Flechettes"],"picked":"Noxious Fumes","floor":1.0},{"not_picked":["Sucker Punch","Backflip"],"picked":"Blade Dance","floor":2.0},{"not_picked":["Prepared","Backstab","Poisoned Stab"],"picked":"SKIP","floor":4.0},{"not_picked":["Grand Finale","Deadly Poison"],"picked":"Dagger Spray","floor":5.0},{"not_picked":["Endless Agony","Backstab"],"picked":"PiercingWail","floor":6},{"not_picked":["Quick Slash","Deflect"],"picked":"Bouncing Flask","floor":7},{"not_picked":["Expertise","Deadly Poison"],"picked":"Blade Dance","floor":8},{"not_picked":["Underhanded Strike","Deadly Poison"],"picked":"Leg Sweep","floor":12},{"not_picked":["Deflect","Dodge and Roll","Endless Agony"],"picked":"SKIP","floor":14},{"not_picked":["Calculated Gamble","Outmaneuver"],"picked":"Accuracy","floor":15},{"not_picked":["Grand Finale","Wraith Form v2"],"picked":"Corpse Explosion","floor":17},{"not_picked":["Terror","PiercingWail"],"picked":"Cloak And Dagger","floor":19},{"not_picked":["Dagger Throw","Flechettes"],"picked":"Leg Sweep","floor":22},{"not_picked":["Finisher","Deadly Poison"],"picked":"Dodge and Roll+1","floor":23},{"not_picked":["Reflex","Flying Knee","Deflect","Sucker Punch+1"],"picked":"SKIP","floor":29},{"not_picked":["Endless Agony","Deadly Poison","Choke"],"picked":"Backflip+1","floor":32},{"not_picked":["Sucker Punch","Masterful Stab+1","Poisoned Stab"],"picked":"Predator","floor":33},{"not_picked":["Grand Finale","Venomology","Burst"],"picked":"Bullet Time","floor":35},{"not_picked":["Unload","Glass Knife","Storm of Steel"],"picked":"Envenom","floor":38},{"not_picked":["Flying Knee","Poisoned Stab+1","Backflip"],"picked":"Outmaneuver+1","floor":40},{"not_picked":["Prepared+1","Dagger Throw+1","Reflex","Underhanded Strike"],"picked":"SKIP","floor":44},{"not_picked":["Storm of Steel","Deflect","Poisoned Stab","Finisher+1"],"picked":"SKIP","floor":46},{"not_picked":["Acrobatics","Underhanded Strike","Slice","Quick Slash"],"picked":"SKIP","floor":48},{"not_picked":["Underhanded Strike","Calculated Gamble+1","Riddle With Holes+1"],"picked":"Well Laid Plans+1","floor":51},{"not_picked":["Acrobatics","Underhanded Strike+1","Finisher"],"picked":"Footwork","floor":54},{"not_picked":["Quick Slash","Prepared+1","Caltrops","Sucker Punch"],"picked":"SKIP","floor":56},{"not_picked":["Sucker Punch","Predator+1","Slice+1","Dodge and Roll"],"picked":"SKIP","floor":63}],"player_experience":2532308,"relics_obtained":[{"floor":6,"key":"Anchor"},{"floor":9,"key":"Dota2Spire:DrumOfEndurance"},{"floor":10,"key":"HornCleat"},{"floor":12,"key":"Smiling Mask"},{"floor":28,"key":"Question Card"},{"floor":31,"key":"Red Mask"},{"floor":46,"key":"PreservedInsect"},{"floor":49,"key":"StrikeDummy"},{"floor":50,"key":"Toy Ornithopter"},{"floor":51,"key":"Ninja Scroll"},{"floor":56,"key":"Dota2Spire:OrchidMalevolence"},{"floor":63,"key":"Eternal Feather"}],"event_choices":[{"damage_healed":0,"gold_gain":0,"player_choice":"Simplicity","damage_taken":0,"max_hp_gain":0,"max_hp_loss":0,"event_name":"Back to Basics","floor":20,"gold_loss":0,"cards_upgraded":["Strike_G","Strike_G","Strike_G","Strike_G","Strike_G","Defend_G","Defend_G","Defend_G","Defend_G","Defend_G"]},{"damage_healed":0,"gold_gain":0,"cards_transformed":["Strike_G"],"player_choice":"Transformed","damage_taken":0,"max_hp_gain":0,"max_hp_loss":0,"event_name":"Transmorgrifier","floor":21,"gold_loss":0,"cards_obtained":["Prepared"]},{"damage_healed":0,"gold_gain":0,"player_choice":"Ignored","damage_taken":0,"max_hp_gain":0,"max_hp_loss":0,"event_name":"Vampires","floor":30,"gold_loss":0},{"damage_healed":0,"gold_gain":0,"player_choice":"Fought Bandits","damage_taken":0,"max_hp_gain":0,"max_hp_loss":0,"event_name":"Masked Bandits","floor":31,"gold_loss":0},{"damage_healed":0,"gold_gain":0,"player_choice":"Max HP","damage_taken":0,"max_hp_gain":0,"max_hp_loss":3,"event_name":"Winding Halls","floor":41,"gold_loss":0},{"damage_healed":0,"gold_gain":0,"player_choice":"Forge","damage_taken":0,"max_hp_gain":0,"max_hp_loss":0,"event_name":"Accursed Blacksmith","floor":42,"gold_loss":0,"cards_upgraded":["Accuracy"]},{"damage_healed":0,"gold_gain":0,"player_choice":"Memory 3","damage_taken":10,"max_hp_gain":0,"max_hp_loss":0,"event_name":"SensoryStone","floor":52,"gold_loss":0},{"cards_removed":["Outmaneuver"],"damage_healed":0,"gold_gain":0,"player_choice":"Removed Skill","damage_taken":0,"max_hp_gain":0,"max_hp_loss":0,"event_name":"Falling","floor":55,"gold_loss":0}],"is_beta":false,"boss_relics":[{"not_picked":["Cursed Key","Ectoplasm"],"picked":"Philosopher\u0027s Stone"},{"not_picked":["SacredBark","Pandora\u0027s Box"],"picked":"Astrolabe"},{"not_picked":["Runic Pyramid","Busted Crown"],"picked":"WristBlade"}],"items_purged_floors":[25,43,62],"is_endless":false,"potions_floor_spawned":[4,6,8,12,19,23,29,33,38,40,51,54,56],"ascension_level":20}}