{"host":"0ke4ewd6kv0tgkyi","time":1614454497,"event":{"mods":["2.2 Compatiblity","Act Like it!","Aspiration","BaseMod","Conspire","Elementarium","Fox Events","Gensokyo","Gremlin Mod","Hallownest","Hermit","Highlight Path","Hubris","JesterMod","Menagerie","Minty Spire (QoL Compilation)","Pale of the Ancients","Permanent Neow","Quarter Circle Forward PUNCH!","Reliquary","Ruina","Shade Mod","StSLib","The Alterego","The Bug Knight","The Gatherer","The Judge","The Valiant","The Wild Card","The Witch","TheVacant","Yuri Mod","thorton"],"gold_per_floor":[114,132,7,18,18,18,48,48,48,68,68,68,68,29,29,127,127,127,127,139,165,180,180,25,25,52,83,83,109,168,93,93,192,192,205,220,220,120,120,120,148,148,173,48,48,60,79,98,98,98,114,114,114,169,169,169,169],"floor_reached":56,"language":"ENG","playtime":3729,"items_purged":["HollowMod:NailStrikeStart","HollowMod:NailStrikeStart","HollowMod:NailStrikeStart"],"score":897,"play_id":"f9598146-e919-4d56-85b8-4a94106c36a1","local_time":"20210227113457","is_ascension_mode":true,"campfire_choices":[{"data":"HollowMod:CycloneSlash","floor":6.0,"key":"SMITH"},{"data":"HollowMod:CrystalDash","floor":11.0,"key":"SMITH"},{"data":"HollowMod:MonomonsArchive","floor":13.0,"key":"SMITH"},{"data":"HollowMod:PogoStrike","floor":15.0,"key":"SMITH"},{"data":"HollowMod:Hiveblood","floor":23.0,"key":"SMITH"},{"data":"HollowMod:DreamGate","floor":25.0,"key":"SMITH"},{"data":"HollowMod:DreamGate","floor":28.0,"key":"SMITH"},{"data":"HollowMod:CloakDash","floor":32.0,"key":"SMITH"},{"data":"HollowMod:HornetsHelp","floor":40,"key":"SMITH"},{"data":"HollowMod:SlysStrikes","floor":42,"key":"SMITH"},{"data":"HollowMod:SiblingsSouls","floor":49,"key":"SMITH"},{"floor":55,"key":"RECALL"}],"circlet_count":0,"master_deck":["HollowMod:NailStrikeStart","HollowMod:QuickDashStart","HollowMod:QuickDashStart","HollowMod:QuickDashStart","HollowMod:FocusHealStart+1","HollowMod:PogoStrike+1","HollowMod:CycloneSlash+1","HollowMod:CrystalDash+1","HollowMod:MonomonsArchive+1","HollowMod:CloakDash+1","HollowMod:BaldurShell","HollowMod:DreamGate+1","HollowMod:Hiveblood+1","HollowMod:DreamGate+1","HollowMod:SoulSplash+1","HollowMod:SlysStrikes+1","HollowMod:HornetsHelp+1","Hallownest:curseDreamersLament","HollowMod:SiblingsSouls+1"],"relics":["HollowMod:VesselMask","Oddly Smooth Stone","reliquary:PurpleTingedLeaf","Bag of Preparation","Strawberry","Coffee Dripper","hubris:Zylophone","hubris:Towel","Lantern","Chemical X","qcfpunch:Red_Headband","hubris:64BitClover","Happy Flower","conspire:RoyalGoblet","Blood Vial","Akabeko","Hallownest:BeastSealRelic","hubris:MedicalManual","paleoftheancients:Timepiece","paleoftheancients:KeyRelic","Bronze Scales","CultistMask","paleoftheancients:SoulOfTheCollector"],"acts_visited":["Exordium","Gensokyo:Gensokyo","Hallownest:CityofTears","Hallownest:KingdomsEdge"],"potions_floor_usage":[],"damage_taken":[{"damage":3.0,"enemies":"Gensokyo:Gryphon","floor":1.0,"turns":4.0},{"damage":0.0,"enemies":"Gensokyo:Python","floor":2.0,"turns":2.0},{"damage":9.0,"enemies":"Gensokyo:2_Kodama","floor":4.0,"turns":4.0},{"damage":12.0,"enemies":"Gensokyo:Aya","floor":7.0,"turns":11.0},{"damage":2.0,"enemies":"Gensokyo:2_Rabbits","floor":10.0,"turns":6.0},{"damage":24.0,"enemies":"Gensokyo:Reimu","floor":16.0,"turns":15.0},{"damage":0.0,"enemies":"Hallownest:Flukemon_and_Top","floor":20.0,"turns":4.0},{"damage":28.0,"enemies":"Hallownest:2_Flukemon","floor":22.0,"turns":5.0},{"damage":63.0,"enemies":"conspire:MimicChest","floor":27.0,"turns":7.0},{"damage":19.0,"enemies":"Hallownest:eliteSoulWarrior","floor":29.0,"turns":6.0},{"damage":26.0,"enemies":"Hallownest:Glutton_and_Coward","floor":30.0,"turns":3.0},{"damage":51.0,"enemies":"Hallownest:BossMantisLord","floor":33.0,"turns":3.0},{"damage":0.0,"enemies":"Hallownest:3_Siblings","floor":35.0,"turns":1.0},{"damage":0.0,"enemies":"Hallownest:2_Littles","floor":36.0,"turns":2.0},{"damage":14,"enemies":"Hallownest:eliteCollector","floor":41,"turns":7},{"damage":0,"enemies":"Hallownest:Xero_Hu_Marmu","floor":46,"turns":1},{"damage":4,"enemies":"Hallownest:Slobbering_and_Violent","floor":47,"turns":3},{"damage":0,"enemies":"Hallownest:Shield_Sturdy","floor":48,"turns":1},{"damage":51,"enemies":"Hallownest:BossHollowKnight","floor":50,"turns":4},{"damage":8,"enemies":"Hallownest:BossHollowKnight","floor":51,"turns":4},{"damage":98,"enemies":"Hallownest:BossHollowKnight","floor":52,"turns":1},{"damage":98,"enemies":"Hallownest:BossHollowKnight","floor":56,"turns":4}],"seed_played":"5933155029682524085","potions_obtained":[{"floor":1.0,"key":"GamblersBrew"},{"floor":7.0,"key":"ColorlessPotion"},{"floor":10.0,"key":"ColorlessPotion"},{"floor":20.0,"key":"SpeedPotion"},{"floor":30.0,"key":"PowerPotion"},{"floor":36.0,"key":"Swift Potion"},{"floor":47,"key":"CultistPotion"}],"is_trial":false,"path_per_floor":["M","M","COS","M","?","R","E","?","T","M","R","?","R","$","R","B",null,"M","?","M","T","M","R","$","R","T","?","R","E","M","$","R","B",null,"M","M","?","$","?","R","E","R","T","$","?","M","M","M","R","B","M","M","?","T","R","M"],"character_chosen":"THE_BUGKNIGHT","items_purchased":["HollowMod:DreamGate","Chemical X"],"campfire_rested":0,"item_purchase_floors":[14,24],"current_hp_per_floor":[72,72,72,69,69,69,67,67,67,75,75,72,72,72,72,65,82,82,82,82,82,66,66,66,66,66,42,42,60,54,54,54,24,82,82,82,82,82,77,77,77,77,77,77,77,77,74,77,77,77,74,77,77,77,77,0,0],"gold":169,"neow_bonus":"REMOVE_CARD","is_daily":false,"chose_seed":false,"campfire_upgraded":11,"win_rate":0.0,"timestamp":1614454497,"path_taken":["M","M","COS","M","?","R","E","?","T","M","R","?","R","$","R","BOSS","M","?","M","?","?","R","$","R","T","?","R","E","M","?","R","BOSS","M","M","?","$","?","R","E","R","T","$","?","M","M","M","R","BOSS","M","M","?","T","R","M"],"items_purchased_type":["Card","Relic"],"build_version":"2020-12-22","purchased_purges":3,"victory":false,"max_hp_per_floor":[75,75,75,75,75,75,75,75,75,75,75,82,82,82,82,82,82,82,82,82,82,82,82,82,82,82,82,82,82,82,82,82,82,82,82,82,82,82,77,77,77,77,77,77,77,77,77,77,77,77,77,77,77,77,77,77,77],"card_choices":[{"not_picked":["HollowMod:SiblingsShadow","HollowMod:NewJinnsSoul"],"picked":"HollowMod:CycloneSlash","floor":1.0},{"not_picked":["HollowMod:DoubleDash","HollowMod:VengefulVoid"],"picked":"HollowMod:CrystalDash","floor":2.0},{"not_picked":["HollowMod:SoulEater","HollowMod:WraithStrike"],"picked":"HollowMod:MonomonsArchive","floor":4.0},{"not_picked":["HollowMod:ShapeofUnn","HollowMod:InfectionAssault"],"picked":"HollowMod:CloakDash","floor":7.0},{"not_picked":["HollowMod:FallenFury","HollowMod:LifebloodCocoon"],"picked":"HollowMod:BaldurShell","floor":10.0},{"not_picked":["HollowMod:SoulMaster","HollowMod:theNailsmith"],"picked":"HollowMod:Hiveblood","floor":16.0},{"not_picked":["HollowMod:InfectionAssault","HollowMod:RecoilStrike"],"picked":"HollowMod:DreamGate","floor":20.0},{"not_picked":["HollowMod:WraithStrike","HollowMod:SharpenedNail+1","HollowMod:GoodIntentions"],"picked":"SKIP","floor":22.0},{"not_picked":["HollowMod:LifebloodCocoon","HollowMod:NewLittleFool"],"picked":"HollowMod:SoulSplash+1","floor":29.0},{"not_picked":["HollowMod:InfectionAssault","HollowMod:DungDefenderAura"],"picked":"HollowMod:SlysStrikes","floor":30.0},{"not_picked":["HollowMod:SoulMaster","HollowMod:Weaversong"],"picked":"HollowMod:HornetsHelp","floor":33.0},{"not_picked":["HollowMod:NewJinnsSoul+1","HollowMod:InfectedCysts+1","HollowMod:VengefulVoid"],"picked":"SKIP","floor":35.0},{"not_picked":["HollowMod:CycloneSlash+1","HollowMod:VengefulVoid","HollowMod:VoidDash"],"picked":"SKIP","floor":36.0},{"not_picked":["HollowMod:CycloneSlash+1","HollowMod:DescendingDark","HollowMod:SoulStrike+1"],"picked":"SKIP","floor":41},{"not_picked":["HollowMod:SoulSplash","HollowMod:ShadowDash+1"],"picked":"HollowMod:SiblingsSouls","floor":46},{"not_picked":["HollowMod:SoulSplash+1","HollowMod:LifebloodCocoon","HollowMod:PureNailStrike+1"],"picked":"SKIP","floor":47},{"not_picked":["HollowMod:DashSlash+1","HollowMod:SiblingsShadow+1","HollowMod:TaintedHusks+1"],"picked":"SKIP","floor":48},{"not_picked":["HollowMod:HeavyBlow+1","HollowMod:AbyssShriek+1","HollowMod:MidwifesHunger"],"picked":"SKIP","floor":51}],"player_experience":1089132,"relics_obtained":[{"floor":7.0,"key":"Oddly Smooth Stone"},{"floor":9.0,"key":"reliquary:PurpleTingedLeaf"},{"floor":21.0,"key":"Lantern"},{"floor":26.0,"key":"qcfpunch:Red_Headband"},{"floor":27.0,"key":"hubris:64BitClover"},{"floor":29.0,"key":"Happy Flower"},{"floor":41,"key":"Blood Vial"},{"floor":43,"key":"Akabeko"},{"floor":48,"key":"hubris:MedicalManual"},{"floor":51,"key":"paleoftheancients:SoulOfTheCollector"}],"event_choices":[],"is_beta":false,"boss_relics":[{"not_picked":["Snecko Eye","conspire:SpecialSausage"],"picked":"Coffee Dripper"},{"not_picked":["reliquary:Ember","Runic Pyramid"],"picked":"conspire:RoyalGoblet"}],"items_purged_floors":[31,38,44],"is_endless":false,"potions_floor_spawned":[1,7,10,20,30,36,47],"killed_by":"Hallownest:BossHollowKnight","ascension_level":4}}