{"host":"q57ekfojy3i00x9o","time":1614414180,"event":{"mods":["Act Like it!","Arknights","Aspiration","BaseMod","Colored Map","Energized Spire","Hermit","Minty Spire (QoL Compilation)","Quick Restart","Ruina","Spicy Shops","Spikes Relics","StSLib","slay the spire mod where everything is the same but ironclad has a cowboy hat"],"gold_per_floor":[211,211,211,236,250,250,263,287,361,183,183,183,204,225,225,225,225],"floor_reached":16,"language":"RUS","playtime":310,"items_purged":[],"score":274,"play_id":"3ca47716-b522-40bb-bf39-ce1ac394cc94","local_time":"20210227132300","is_ascension_mode":true,"campfire_choices":[{"data":"Flex","floor":6,"key":"SMITH"},{"data":"Double Tap","floor":15,"key":"SMITH"}],"circlet_count":0,"master_deck":["AscendersBane","Strike_R","Strike_R","Strike_R","Strike_R","Strike_R","Defend_R","Defend_R","Defend_R","Defend_R","Bash","Flex+1","Sword Boomerang","Perfected Strike","Perfected Strike","Shrug It Off","Twin Strike","Double Tap+1","Injury","Immolate+1","Cleave+1"],"relics":["Burning Blood","Golden Idol","Eternal Feather","Molten Egg 2"],"acts_visited":["Exordium"],"potions_floor_usage":[7,16],"damage_taken":[{"damage":2,"enemies":"Cultist","floor":1,"turns":4},{"damage":15,"enemies":"Small Slimes","floor":4,"turns":4},{"damage":0,"enemies":"2 Louse","floor":5,"turns":3},{"damage":0,"enemies":"Looter","floor":7,"turns":1},{"damage":33,"enemies":"Exordium Thugs","floor":8,"turns":5},{"damage":16,"enemies":"Blue Slaver","floor":13,"turns":3},{"damage":4,"enemies":"Large Slime","floor":14,"turns":3},{"damage":50,"enemies":"The Guardian","floor":16,"turns":8}],"seed_played":"-166306479769455728","potions_obtained":[{"floor":4,"key":"Fire Potion"},{"floor":5,"key":"Ancient Potion"},{"floor":12,"key":"CultistPotion"}],"is_trial":false,"path_per_floor":["M","?","?","M","M","R","M","M","T","$","?","?","M","M","R","B"],"character_chosen":"IRONCLAD","items_purchased":["Twin Strike","Double Tap"],"campfire_rested":0,"item_purchase_floors":[10,10],"current_hp_per_floor":[72,68,68,59,65,65,68,41,41,41,41,41,31,33,45,0,0],"gold":225,"neow_bonus":"HUNDRED_GOLD","is_daily":false,"chose_seed":false,"campfire_upgraded":2,"win_rate":0.0,"timestamp":1614414180,"path_taken":["M","?","?","?","M","R","M","?","T","$","?","?","?","M","R","BOSS"],"items_purchased_type":["Card","Card"],"build_version":"2020-12-22","purchased_purges":0,"victory":false,"max_hp_per_floor":[75,68,68,68,68,68,68,68,68,68,68,68,68,68,68,68,68],"card_choices":[{"not_picked":["Iron Wave","Invigoration"],"picked":"Flex","floor":1},{"not_picked":["Absolvement","Dark Embrace"],"picked":"Sword Boomerang","floor":4},{"not_picked":["Whirlwind","Uppercut"],"picked":"Perfected Strike","floor":5},{"not_picked":["Blood for Blood","Anger"],"picked":"Perfected Strike","floor":7},{"not_picked":["True Grit","Dropkick"],"picked":"Shrug It Off","floor":8},{"not_picked":["Rampage+1","Iron Wave+1"],"picked":"Immolate+1","floor":13},{"not_picked":["Intimidate","Bloodletting"],"picked":"Cleave+1","floor":14}],"player_experience":799079,"relics_obtained":[{"floor":9,"key":"Eternal Feather"}],"event_choices":[{"damage_healed":0,"gold_gain":0,"player_choice":"Lose Max HP","damage_taken":0,"relics_obtained":["Golden Idol"],"max_hp_gain":0,"max_hp_loss":7,"event_name":"Golden Idol","floor":2,"gold_loss":0},{"damage_healed":0,"gold_gain":0,"player_choice":"Got Potions","damage_taken":0,"max_hp_gain":0,"max_hp_loss":0,"event_name":"Lab","floor":12,"gold_loss":0}],"is_beta":false,"boss_relics":[],"items_purged_floors":[],"is_endless":false,"potions_floor_spawned":[4,5,13],"killed_by":"The Guardian","ascension_level":18}}