{"host":"xp5rvh2jwe2ejyfm","time":1614454372,"event":{"mods":["2.2 Compatiblity","Aspiration","Bard","BaseMod","Beaked The Cultist","Better Altar","Better Match","Better Note","Better Sensory Stone","Better Skull","BetterRewards","Colored Powertips","Conspire","Downfall","GifTheSpireLib","Gremlin Mod","GungeonMod","Hermit","Hubris","Jorbs\u0027s Wanderer Trilogy","Mad Scientist","Minty Spire (QoL Compilation)","Potionbrewer","Quick Restart","Replay The Spire","Robot Space Explorer","Shade Mod","Somnambulant","StSLib","The Bug Knight","The Clintock","The Construct","The Cursed","The Disciple","The Forsaken","The Hierophant","The Marked","The Mystic","The Necromancer","The Runesmith","The Servant 0.9.4","The Valiant","The Witch","TheFirefly","TheVacant","thorton"],"gold_per_floor":[116,116,2,71,121,151,169,31,31,156,273,298,298,312,312,416,416,427,439,19,69,119,151,28,78,103,164,164,179,179,190,190,190,190],"floor_reached":33,"language":"ENG","playtime":837,"items_purged":[],"score":298,"play_id":"c737fea3-7588-40f0-b164-415b3f311d13","local_time":"20210227143252","is_ascension_mode":false,"campfire_choices":[{"floor":13,"key":"REST"},{"floor":15,"key":"RECALL"},{"floor":28,"key":"REST"},{"floor":30,"key":"REST"},{"data":"MadScienceMod:AutoStrike","floor":32,"key":"SMITH"}],"circlet_count":0,"master_deck":["MadScienceMod:Strike_MadScience","MadScienceMod:Strike_MadScience","MadScienceMod:Strike_MadScience","MadScienceMod:Strike_MadScience","MadScienceMod:Defend_MadScience","MadScienceMod:Defend_MadScience","MadScienceMod:Defend_MadScience","MadScienceMod:Defend_MadScience","MadScienceMod:PoweredStrike+1","MadScienceMod:HideBehindJunk+1","MadScienceMod:AutoStrike+1","MadScienceMod:PowerArmor","MadScienceMod:RadioactiveSword+1","MadScienceMod:FlexibleSpear","MadScienceMod:ParticleBeam","MadScienceMod:FlameThrower","MadScienceMod:RadioactiveSword+1","MadScienceMod:OilDrum","MadScienceMod:Strafe","MadScienceMod:MinatureWeapons","MadScienceMod:GattlingGun","MadScienceMod:Reconstitute","MadScienceMod:AntimatterBomb","MadScienceMod:Bombardment","MadScienceMod:ClockworkAssistant","MadScienceMod:FlameCannon","Replay:Bootleg Shield Generator","MadScienceMod:FlameCannon","MadScienceMod:MinatureWeapons+1","MadScienceMod:MindControlBeam","MadScienceMod:Probe","MadScienceMod:FlameThrower","MadScienceMod:AutoStrike+1"],"relics":["MadScienceMod:FuelTank","NeowsBlessing","SsserpentHead","Slimebound:PreparedRelic","DemoMod:MonsterBlood","hubris:ScarierMask","potionbrewer:Keyblade","Eternal Feather","aspiration:RitualStick","Vajra"],"acts_visited":["Exordium","TheCity"],"potions_floor_usage":[12,27,27,31,31],"damage_taken":[{"damage":0,"enemies":"Jaw Worm","floor":1,"turns":1},{"damage":0,"enemies":"Cultist","floor":4,"turns":1},{"damage":0,"enemies":"Lagavulin","floor":6,"turns":1},{"damage":0,"enemies":"2 Louse","floor":7,"turns":2},{"damage":19,"enemies":"Gremlin Nob","floor":12,"turns":5},{"damage":0,"enemies":"Looter","floor":14,"turns":2},{"damage":45,"enemies":"Slime Boss","floor":16,"turns":9},{"damage":22,"enemies":"Chosen","floor":18,"turns":5},{"damage":19,"enemies":"3 Byrds","floor":19,"turns":5},{"damage":33,"enemies":"Replay:Snechameleon","floor":23,"turns":7},{"damage":24,"enemies":"Snake Plant","floor":27,"turns":3},{"damage":0,"enemies":"Sentry and Sphere","floor":29,"turns":2},{"damage":0,"enemies":"3 Cultists","floor":31,"turns":3},{"damage":85,"enemies":"hubris:MusketHawk","floor":33,"turns":8}],"seed_played":"3206560019905244710","potions_obtained":[{"floor":7,"key":"potionbrewer:DiscountPotion"},{"floor":16,"key":"BlessingOfTheForge"},{"floor":23,"key":"potionbrewer:DiscountPotion"},{"floor":29,"key":"potionbrewer:SplittingPotion"}],"is_trial":false,"path_per_floor":["M","?","$","M","?","E","M","$","T","?","?","E","R","M","R","B",null,"M","M","$","?","?","E","$","?","T","M","R","M","R","M","R","B"],"character_chosen":"MAD_SCIENTIST","items_purchased":["MadScienceMod:PowerArmor","MadScienceMod:RadioactiveSword+1","MadScienceMod:RadioactiveSword+1","MadScienceMod:OilDrum","MadScienceMod:Strafe","potionbrewer:Keyblade","MadScienceMod:ClockworkAssistant","MadScienceMod:FlameCannon","Replay:Bootleg Shield Generator","MadScienceMod:MinatureWeapons+1","MadScienceMod:MindControlBeam"],"campfire_rested":3,"item_purchase_floors":[3,3,8,8,8,20,20,20,20,24,24],"current_hp_per_floor":[75,75,75,75,60,60,60,60,60,49,49,37,61,61,61,16,82,60,41,41,82,82,49,49,33,33,9,51,51,82,82,82,0,0],"gold":190,"neow_bonus":"THREE_ENEMY_KILL","is_daily":false,"chose_seed":false,"campfire_upgraded":1,"win_rate":0.0,"timestamp":1614454372,"path_taken":["M","?","$","?","?","E","M","$","T","?","?","E","R","M","R","BOSS","M","M","$","?","?","E","$","?","T","?","R","M","R","M","R","BOSS"],"items_purchased_type":["Card","Card","Card","Card","Card","Relic","Card","Card","Card","Card","Card"],"build_version":"2020-12-22","purchased_purges":0,"victory":false,"max_hp_per_floor":[75,75,75,75,75,75,75,75,75,75,75,82,82,82,82,82,82,82,82,82,82,82,82,82,82,82,82,82,82,82,82,82,82,82],"card_choices":[{"not_picked":["MadScienceMod:SelfDestruct","MadScienceMod:Detonate"],"picked":"MadScienceMod:AutoStrike","floor":1},{"not_picked":["MadScienceMod:MechanicalClaw","MadScienceMod:Browse"],"picked":"MadScienceMod:FlexibleSpear","floor":4},{"not_picked":["MadScienceMod:Redesign","MadScienceMod:Reconstitute"],"picked":"MadScienceMod:ParticleBeam","floor":6},{"not_picked":["MadScienceMod:NowOrNever","MadScienceMod:LightOnFire"],"picked":"MadScienceMod:FlameThrower","floor":7},{"not_picked":["MadScienceMod:AutoStrike","MadScienceMod:AcidSpray"],"picked":"MadScienceMod:MinatureWeapons","floor":12},{"not_picked":["MadScienceMod:Refuel","MadScienceMod:MechanicalClaw"],"picked":"MadScienceMod:GattlingGun","floor":14},{"not_picked":["MadScienceMod:Booster","MadScienceMod:CloneVats"],"picked":"MadScienceMod:Reconstitute","floor":16},{"not_picked":["MadScienceMod:Refuel","MadScienceMod:FumeBlast"],"picked":"MadScienceMod:AntimatterBomb","floor":18},{"not_picked":["MadScienceMod:MechanicalClaw","MadScienceMod:OilDrum"],"picked":"MadScienceMod:Bombardment","floor":19},{"not_picked":["MadScienceMod:Tune","MadScienceMod:CondenseVapors"],"picked":"MadScienceMod:FlameCannon","floor":23},{"not_picked":["MadScienceMod:RadioactiveSword+1","MadScienceMod:FlameCannon"],"picked":"MadScienceMod:Probe","floor":27},{"not_picked":["MadScienceMod:Refuel","MadScienceMod:Sprocket"],"picked":"MadScienceMod:FlameThrower","floor":29},{"not_picked":["MadScienceMod:MindControlBeam","MadScienceMod:Strafe"],"picked":"MadScienceMod:AutoStrike+1","floor":31}],"player_experience":590565,"relics_obtained":[{"floor":6,"key":"Slimebound:PreparedRelic"},{"floor":12,"key":"DemoMod:MonsterBlood"},{"floor":23,"key":"Eternal Feather"},{"floor":26,"key":"Vajra"}],"event_choices":[{"damage_healed":0,"gold_gain":0,"player_choice":"Trade","damage_taken":0,"relics_obtained":["SsserpentHead"],"max_hp_gain":0,"max_hp_loss":0,"event_name":"FaceTrader","floor":2,"gold_loss":0},{"damage_healed":0,"gold_gain":0,"player_choice":"Entered Light","damage_taken":15,"max_hp_gain":0,"max_hp_loss":0,"event_name":"Shining Light","floor":5,"gold_loss":0,"cards_upgraded":["MadScienceMod:HideBehindJunk","MadScienceMod:PoweredStrike"]},{"damage_healed":0,"gold_gain":75,"player_choice":"Gather Gold","damage_taken":11,"max_hp_gain":0,"max_hp_loss":0,"event_name":"World of Goop","floor":10,"gold_loss":0},{"damage_healed":0,"gold_gain":67,"player_choice":"Gained Gold","damage_taken":0,"max_hp_gain":0,"max_hp_loss":0,"event_name":"Golden Wing","floor":11,"gold_loss":0},{"damage_healed":41,"gold_gain":0,"player_choice":"Full Heal","damage_taken":0,"max_hp_gain":0,"max_hp_loss":0,"event_name":"Wheel of Change","floor":21,"gold_loss":0},{"damage_healed":0,"gold_gain":0,"player_choice":"Ignored","damage_taken":0,"max_hp_gain":0,"max_hp_loss":0,"event_name":"betterNote:BetterNote","floor":22,"gold_loss":0,"cards_obtained":["Death_March_Dance"]}],"is_beta":false,"boss_relics":[{"not_picked":["Busted Crown","Replay:Bronze Core"],"picked":"hubris:ScarierMask"}],"items_purged_floors":[],"is_endless":false,"potions_floor_spawned":[7,16,23,29],"killed_by":"hubris:MusketHawk","ascension_level":0}}