{"host":"0kk91h4bq4kgfj0u","time":1614442552,"event":{"mods":["BaseMod","Bestiary","Block Reminder","Colored Map","Colored Powertips","Curses Come First","Highlight Path","Minty Spire (QoL Compilation)","Relic Stats","StSLib"],"gold_per_floor":[112,112,125,139,139,139,139],"floor_reached":6,"language":"ENG","playtime":219,"items_purged":[],"score":52,"play_id":"5904c960-cd03-48fb-bccf-f2d26caea24e","local_time":"20210227111552","is_ascension_mode":true,"campfire_choices":[],"circlet_count":0,"master_deck":["Strike_R","Strike_R","Strike_R","Strike_R","Strike_R","Defend_R","Defend_R","Defend_R","Defend_R","Bash","Berserk","Heavy Blade","Cleave"],"relics":["Burning Blood"],"acts_visited":["Exordium"],"potions_floor_usage":[6,6,6],"damage_taken":[{"damage":13.0,"enemies":"2 Louse","floor":1.0,"turns":3.0},{"damage":6.0,"enemies":"Cultist","floor":3.0,"turns":3.0},{"damage":19.0,"enemies":"Jaw Worm","floor":4.0,"turns":4.0},{"damage":50,"enemies":"3 Sentries","floor":6,"turns":10}],"seed_played":"-3928444438125255142","potions_obtained":[{"floor":2.0,"key":"Block Potion"},{"floor":2.0,"key":"LiquidMemories"},{"floor":2.0,"key":"EssenceOfSteel"},{"floor":4.0,"key":"SkillPotion"}],"is_trial":false,"path_per_floor":["M","?","M","M","?","E"],"character_chosen":"IRONCLAD","items_purchased":[],"campfire_rested":0,"item_purchase_floors":[],"current_hp_per_floor":[65,65,65,52,45,0,0],"gold":139,"neow_bonus":"THREE_RARE_CARDS","is_daily":false,"chose_seed":false,"campfire_upgraded":0,"win_rate":0.0,"timestamp":1614442552,"path_taken":["M","?","M","?","?","E"],"items_purchased_type":[],"build_version":"2020-12-22","purchased_purges":0,"victory":false,"max_hp_per_floor":[80,80,80,80,80,80,80],"relic_stats":{"counters":[4,20],"obtain_stats":[{"Burning Blood":0},{"Burning Blood":0},{"Burning Blood":0}],"Burning Blood":18},"card_choices":[{"not_picked":["Exhume","Brutality"],"picked":"Berserk","floor":0.0},{"not_picked":["Perfected Strike","Dual Wield"],"picked":"Heavy Blade","floor":1.0},{"not_picked":["Warcry","Blood for Blood","Body Slam"],"picked":"SKIP","floor":3.0},{"not_picked":["Warcry","Wild Strike"],"picked":"Cleave","floor":4.0}],"player_experience":935866,"relics_obtained":[],"event_choices":[{"damage_healed":0.0,"max_hp_gain":0.0,"max_hp_loss":0.0,"gold_gain":0.0,"event_name":"Lab","player_choice":"Got Potions","floor":2.0,"gold_loss":0.0,"damage_taken":0.0},{"cards_removed":["Normality"],"damage_healed":0,"gold_gain":0,"player_choice":"Card Removal","damage_taken":7,"max_hp_gain":0,"max_hp_loss":0,"event_name":"Golden Wing","floor":5,"gold_loss":0}],"is_beta":false,"boss_relics":[],"items_purged_floors":[],"is_endless":false,"potions_floor_spawned":[4],"killed_by":"3 Sentries","ascension_level":9}}