{"host":"wshey5htrz8rni6u","time":1614454324,"event":{"mods":["2.2 Compatiblity","BaseMod","Block Reminder","Colored Map","Colored Powertips","Current Relic Mod","Curses Come First","Dark Map","Key Reminder","Keyboard Shortcuts","Minty Spire (QoL Compilation)","Potion Indicator Mod","Quick Restart","Random Character Button","Relic Sorter","Relic Stats","StSLib","SuperFastMode","Unceasing Turn Reminder","UnlockEverythingMod","Weighted Paths"],"gold_per_floor":[118,118,134,99,99,129,129,159,159,174,191,2,0,0,150,150,150,150],"floor_reached":17,"language":"ENG","playtime":605,"items_purged":[],"score":209,"play_id":"534291ff-6b93-4a15-9c6c-72a0ce580bbe","local_time":"20210227113204","is_ascension_mode":true,"campfire_choices":[{"floor":7.0,"key":"REST"},{"data":"Apotheosis","floor":16,"key":"SMITH"}],"circlet_count":0,"master_deck":["AscendersBane","Strike_P","Strike_P","Defend_P","Defend_P","Defend_P","Defend_P","Eruption","Vigilance","CrushJoints","Indignation","MentalFortress","BowlingBash","SpiritShield","FlyingSleeves","Apotheosis+1","Wallop","Doubt"],"relics":["PureWater","Strawberry","Frozen Egg 2","keyreminder:keyreminder"],"acts_visited":["Exordium"],"potions_floor_usage":[],"damage_taken":[{"damage":11.0,"enemies":"Small Slimes","floor":1.0,"turns":6.0},{"damage":7.0,"enemies":"Jaw Worm","floor":3.0,"turns":3.0},{"damage":28.0,"enemies":"Gremlin Nob","floor":6.0,"turns":4.0},{"damage":39.0,"enemies":"3 Sentries","floor":8.0,"turns":11.0},{"damage":1.0,"enemies":"2 Louse","floor":10.0,"turns":5.0},{"damage":0,"enemies":"Exordium Wildlife","floor":11,"turns":3},{"damage":1,"enemies":"Looter","floor":13,"turns":4},{"damage":36,"enemies":"Slime Boss","floor":17,"turns":4}],"seed_played":"-976696220792087198","potions_obtained":[{"floor":1.0,"key":"Energy Potion"},{"floor":6.0,"key":"Ancient Potion"}],"is_trial":false,"path_per_floor":["M","?","M","?","?","E","R","E","T","M","M","$","M","$","?","R","B"],"character_chosen":"WATCHER","items_purchased":["Apotheosis"],"campfire_rested":1,"item_purchase_floors":[12],"current_hp_per_floor":[50,43,36,53,58,37,61,22,22,21,21,21,20,20,20,20,0,0],"gold":150,"neow_bonus":"TRANSFORM_CARD","is_daily":false,"chose_seed":false,"campfire_upgraded":1,"win_rate":0.0,"timestamp":1614454324,"path_taken":["M","?","M","?","?","E","R","E","T","M","M","$","M","$","?","R","BOSS"],"items_purchased_type":["Card"],"build_version":"2020-12-13","purchased_purges":0,"victory":false,"max_hp_per_floor":[68,68,68,68,73,80,80,80,80,80,80,80,80,80,80,80,80,80],"relic_stats":{"counters":[8,40],"obtain_stats":[{"keyreminder:keyreminder":9,"Strawberry":6,"PureWater":0,"Frozen Egg 2":8},{"keyreminder:keyreminder":4,"Strawberry":3,"PureWater":0,"Frozen Egg 2":4},{"keyreminder:keyreminder":24,"Strawberry":13,"PureWater":0,"Frozen Egg 2":24}]},"card_choices":[{"not_picked":["ForeignInfluence","CutThroughFate"],"picked":"Indignation","floor":1.0},{"not_picked":["BowlingBash","Indignation"],"picked":"MentalFortress","floor":3.0},{"not_picked":["Swivel","CrushJoints"],"picked":"BowlingBash","floor":6.0},{"not_picked":["Evaluate","FlyingSleeves"],"picked":"SpiritShield","floor":8.0},{"not_picked":["Swivel","CrushJoints"],"picked":"FlyingSleeves","floor":11},{"not_picked":["ThirdEye","Crescendo"],"picked":"Wallop","floor":13}],"player_experience":243906,"relics_obtained":[{"floor":6.0,"key":"Strawberry"},{"floor":8.0,"key":"Frozen Egg 2"}],"event_choices":[{"cards_removed":["Strike_P"],"damage_healed":0.0,"max_hp_gain":0.0,"max_hp_loss":0.0,"gold_gain":0.0,"event_name":"Golden Wing","player_choice":"Card Removal","floor":2.0,"gold_loss":0.0,"damage_taken":7.0},{"damage_healed":17.0,"max_hp_gain":0.0,"max_hp_loss":0.0,"gold_gain":0.0,"event_name":"The Cleric","player_choice":"Healed","floor":4.0,"gold_loss":35.0,"damage_taken":0.0},{"damage_healed":0.0,"max_hp_gain":5.0,"max_hp_loss":0.0,"gold_gain":0.0,"event_name":"Big Fish","player_choice":"Donut","floor":5.0,"gold_loss":0.0,"damage_taken":0.0},{"damage_healed":0,"gold_gain":150,"player_choice":"AGREE","damage_taken":0,"max_hp_gain":0,"max_hp_loss":0,"event_name":"Liars Game","floor":15,"gold_loss":0,"cards_obtained":["Doubt"]}],"is_beta":false,"boss_relics":[],"items_purged_floors":[],"is_endless":false,"potions_floor_spawned":[1,6,10],"killed_by":"Slime Boss","ascension_level":17}}