{"host":"apvnte8t1esriuig","time":1614447264,"event":{"mods":["2.2 Compatiblity","AchievementEnabler","BaseMod","Infinite Spire","Minty Spire (QoL Compilation)","Rare Cards Sparkle","StSLib"],"gold_per_floor":[109,120,140,140,140,140,166,166,217,251,276,290,290,325,325,425,425,442,442,457,468,385,385,420,420,420,458,466,466,466,341,341,449,449,466,32,0,0,16,48,48,82,157,203,203,232,232,247,247,249],"floor_reached":51,"language":"ENG","playtime":1828,"items_purged":[],"score":1000,"play_id":"227a5099-9528-427e-94d6-f17b47230919","local_time":"20210227183424","daily_mods":["Draft","Vintage","Colorless Cards","Heirloom","Time Dilation","Flight","DeadlyEvents","Elite Swarm","Lethality"],"is_ascension_mode":false,"campfire_choices":[{"floor":6,"key":"REST"},{"floor":8,"key":"REST"},{"floor":13,"key":"REST"},{"floor":15,"key":"REST"},{"floor":23,"key":"REST"},{"floor":29,"key":"REST"},{"floor":30,"key":"REST"},{"floor":32,"key":"REST"},{"floor":41,"key":"REST"},{"floor":45,"key":"REST"},{"floor":47,"key":"REST"},{"floor":49,"key":"REST"}],"circlet_count":0,"master_deck":["Demon Form","Echo Form","DevaForm","WheelKick","CrushJoints","Nirvana","Wireheading","JustLucky","Dramatic Entrance","MentalFortress","BowlingBash","FlyingSleeves","Prostrate+1","PathToVictory+1","FlurryOfBlows","CarveReality","FlyingSleeves","MasterReality","Alpha","Scrawl+1","Judgement+1","Madness+1","Devotion","Apotheosis+1","infinitespire:UltimateForm","infinitespire:Collect+1","infinitespire:DeathsTouch","Panache","Devotion"],"relics":["PureWater","CaptainsWheel","War Paint","Yang","InkBottle","NlothsMask","Centennial Puzzle","Ancient Tea Set","infinitespire:CursedDice","Toxic Egg 2","Mango","Fusion Hammer","The Courier","Orichalcum","infinitespire:PuzzleCube","Bottled Flame","infinitespire:Midas Blood","infinitespire:Lucky Rock","GoldenEye","Enchiridion","ClockworkSouvenir","Black Star","White Beast Statue","Happy Flower","Sling","Bronze Scales","Red Mask","SlaversCollar","Bag of Marbles","Regal Pillow","Mercury Hourglass","Incense Burner","Thread and Needle","Letter Opener","Shuriken","infinitespire:Joker Card","Bottled Lightning","infinitespire:EmpoweringShard","infinitespire:Eraser"],"acts_visited":["Exordium","TheCity","TheBeyond"],"potions_floor_usage":[16,36],"damage_taken":[{"damage":14,"enemies":"Jaw Worm","floor":1,"turns":3},{"damage":0,"enemies":"infinitespire:Voidling","floor":2,"turns":1},{"damage":13,"enemies":"Small Slimes","floor":3,"turns":2},{"damage":12,"enemies":"3 Sentries","floor":7,"turns":4},{"damage":9,"enemies":"Gremlin Nob","floor":10,"turns":3},{"damage":18,"enemies":"Lagavulin","floor":11,"turns":5},{"damage":0,"enemies":"2 Fungi Beasts","floor":12,"turns":1},{"damage":24,"enemies":"3 Sentries","floor":14,"turns":4},{"damage":12,"enemies":"The Guardian","floor":16,"turns":5},{"damage":13,"enemies":"Shell Parasite","floor":18,"turns":2},{"damage":0,"enemies":"3 Byrds","floor":20,"turns":2},{"damage":24,"enemies":"Snake Plant","floor":21,"turns":2},{"damage":0,"enemies":"Gremlin Leader","floor":24,"turns":4},{"damage":35,"enemies":"Slavers","floor":27,"turns":3},{"damage":34,"enemies":"Automaton","floor":33,"turns":6},{"damage":7,"enemies":"3 Darklings","floor":35,"turns":2},{"damage":1,"enemies":"Orb Walker","floor":39,"turns":2},{"damage":32,"enemies":"Nemesis","floor":40,"turns":4},{"damage":0,"enemies":"Reptomancer","floor":42,"turns":1},{"damage":60,"enemies":"Nemesis","floor":44,"turns":5},{"damage":0,"enemies":"Giant Head","floor":46,"turns":4},{"damage":6,"enemies":"4 Shapes","floor":48,"turns":2},{"damage":36,"enemies":"Time Eater","floor":50,"turns":4}],"seed_played":"5222284759925435187","potions_obtained":[{"floor":1,"key":"Strength Potion"},{"floor":3,"key":"SkillPotion"},{"floor":7,"key":"LiquidMemories"},{"floor":39,"key":"Ancient Potion"}],"is_trial":true,"path_per_floor":["M","M","M","?","$","R","E","R","T","E","E","M","R","E","R","B",null,"M","?","M","M","$","R","E","AVR","T","E","?","R","R","$","R","B",null,"M","$","?","AVR","M","E","R","E","T","E","R","E","R","M","R","B",null],"character_chosen":"WATCHER","items_purchased":["FairyPotion","ClockworkSouvenir","Happy Flower","Sling","Bronze Scales","Fruit Juice"],"campfire_rested":12,"item_purchase_floors":[22,31,36,36,36,36],"current_hp_per_floor":[58,58,45,45,45,66,54,72,72,63,45,45,66,56,81,69,86,73,73,73,49,49,74,74,74,74,39,23,48,73,73,86,52,86,79,84,84,84,83,51,91,91,91,31,73,73,91,85,91,55],"gold":249,"neow_bonus":"","is_daily":false,"chose_seed":false,"campfire_upgraded":0,"win_rate":0.0,"timestamp":1614447264,"path_taken":["M","M","M","?","$","R","?","R","T","E","E","M","R","E","R","BOSS","M","?","M","M","$","R","E","AVR","T","E","?","R","R","$","R","BOSS","M","$","?","AVR","M","E","R","E","T","E","R","E","R","?","R","BOSS"],"items_purchased_type":["Potion","Relic","Relic","Relic","Relic","Potion"],"build_version":"2020-12-22","purchased_purges":0,"victory":true,"max_hp_per_floor":[72,72,72,72,72,72,72,72,72,72,72,72,72,86,86,86,86,86,86,86,86,86,86,86,86,86,86,86,86,86,86,86,86,86,86,91,91,91,91,91,91,91,91,91,91,91,91,91,91,91],"card_choices":[{"not_picked":["Fasting2","Discovery"],"picked":"WheelKick","floor":0},{"not_picked":["CutThroughFate","Forethought"],"picked":"CrushJoints","floor":0},{"not_picked":["Meditate","Protect"],"picked":"Nirvana","floor":0},{"not_picked":["Deep Breath","Evaluate"],"picked":"Wireheading","floor":0},{"not_picked":["Flash of Steel","ThirdEye"],"picked":"JustLucky","floor":0},{"not_picked":["ClearTheMind","Weave"],"picked":"Dramatic Entrance","floor":0},{"not_picked":["FearNoEvil","EmptyBody"],"picked":"MentalFortress","floor":0},{"not_picked":["PanicButton","FlyingSleeves"],"picked":"BowlingBash","floor":0},{"not_picked":["Evaluate","Crescendo"],"picked":"FlyingSleeves","floor":0},{"not_picked":["EmptyBody","JustLucky"],"picked":"Prostrate","floor":0},{"not_picked":["Flash of Steel","Evaluate"],"picked":"PathToVictory","floor":0},{"not_picked":["FlyingSleeves","SashWhip"],"picked":"EmptyBody","floor":0},{"not_picked":["Halt","Protect"],"picked":"FlurryOfBlows","floor":0},{"not_picked":["FlyingSleeves","WaveOfTheHand"],"picked":"CarveReality","floor":0},{"not_picked":["SashWhip","Protect"],"picked":"FlyingSleeves","floor":0},{"not_picked":["Metamorphosis","HandOfGreed"],"picked":"MasterReality","floor":7},{"not_picked":["SpiritShield","Vault"],"picked":"Alpha","floor":10},{"not_picked":["Transmutation","Omniscience","Ragnarok"],"picked":"SKIP","floor":11},{"not_picked":["Brilliance","Ragnarok"],"picked":"Scrawl+1","floor":14},{"not_picked":["Transmutation+1","ConjureBlade+1"],"picked":"Judgement+1","floor":16},{"not_picked":["Blasphemy+1","Secret Weapon+1"],"picked":"Apotheosis+1","floor":24},{"not_picked":["Vault+1","Alpha+1","Ragnarok"],"picked":"SKIP","floor":27},{"not_picked":["Blasphemy+1","Violence+1"],"picked":"Panache","floor":33},{"not_picked":["Thinking Ahead+1","The Bomb+1","DevaForm"],"picked":"SKIP","floor":40},{"not_picked":["Secret Weapon+1","Master of Strategy+1","Violence+1"],"picked":"SKIP","floor":42},{"not_picked":["Sadistic Nature","Blasphemy+1","Transmutation+1"],"picked":"SKIP","floor":44},{"not_picked":["Secret Technique+1","Mayhem"],"picked":"Devotion","floor":46}],"player_experience":351776,"relics_obtained":[{"floor":1,"key":"War Paint"},{"floor":2,"key":"Yang"},{"floor":3,"key":"InkBottle"},{"floor":7,"key":"Centennial Puzzle"},{"floor":10,"key":"Ancient Tea Set"},{"floor":11,"key":"infinitespire:CursedDice"},{"floor":12,"key":"Toxic Egg 2"},{"floor":14,"key":"Mango"},{"floor":18,"key":"The Courier"},{"floor":20,"key":"Orichalcum"},{"floor":21,"key":"infinitespire:PuzzleCube"},{"floor":24,"key":"Bottled Flame"},{"floor":26,"key":"infinitespire:Lucky Rock"},{"floor":27,"key":"GoldenEye"},{"floor":28,"key":"Enchiridion"},{"floor":35,"key":"White Beast Statue"},{"floor":39,"key":"Bag of Marbles"},{"floor":40,"key":"Regal Pillow"},{"floor":40,"key":"Mercury Hourglass"},{"floor":42,"key":"Incense Burner"},{"floor":42,"key":"Thread and Needle"},{"floor":43,"key":"Letter Opener"},{"floor":44,"key":"Shuriken"},{"floor":44,"key":"infinitespire:Joker Card"},{"floor":46,"key":"Bottled Lightning"},{"floor":46,"key":"infinitespire:EmpoweringShard"},{"floor":48,"key":"infinitespire:Eraser"}],"event_choices":[{"damage_healed":0,"gold_gain":0,"player_choice":"Trade","damage_taken":0,"relics_obtained":["NlothsMask"],"max_hp_gain":0,"max_hp_loss":0,"event_name":"FaceTrader","floor":4,"gold_loss":0},{"damage_healed":0,"gold_gain":0,"cards_transformed":["Wraith Form v2","EmptyBody"],"player_choice":"Became Test Subject","damage_taken":0,"max_hp_gain":0,"max_hp_loss":0,"event_name":"Drug Dealer","floor":19,"gold_loss":0,"cards_obtained":["Madness","Devotion"]},{"damage_healed":0,"gold_gain":0,"player_choice":"Obtained Book","damage_taken":16,"max_hp_gain":0,"max_hp_loss":0,"event_name":"Cursed Tome","floor":28,"gold_loss":0},{"damage_healed":0,"gold_gain":0,"player_choice":"Paid","damage_taken":0,"relics_obtained":["Red Mask"],"max_hp_gain":0,"max_hp_loss":0,"event_name":"Tomb of Lord Red Mask","floor":37,"gold_loss":32}],"is_beta":false,"boss_relics":[{"not_picked":["Busted Crown","Runic Dome"],"picked":"Fusion Hammer"},{"not_picked":["infinitespire:Cupcake","Calling Bell"],"picked":"Black Star"}],"items_purged_floors":[],"is_endless":false,"potions_floor_spawned":[1,3,7,24,27,39,40,42,44,46,48],"ascension_level":0}}