{"host":"1lxw72ckkilnkgp7","time":1614393897,"event":{"mods":["ATMod(阿瑾Mod)","BaseMod","BetterRewards","Custom Start","Marisa（F雨　魔理沙）","Minty Spire (QoL Compilation)","Quick Restart","Replay The Spire","Shop Mod","StSLib","The Servant 0.9.4","[IsaacMod]以撒尖塔","[功能]功能增强和修复MOD"],"gold_per_floor":[160,160,160,157,195,195,239,393,393,545,545,650,809,923,923,1449,1449,1511,1612,1612,1812,1809,1809,1981,2051,2074,2346,2776,2776,2776,2872,2872,3461,3461,3666,4665,4617,4734,4929,5108,5108,5257,5280,5443,5443,5425,5425,5550,5550,5930,5930,5930,5930,6230,6615],"floor_reached":56,"language":"ZHS","playtime":4268,"items_purged":["Strike_R","Strike_R","Strike_R","Strike_R","Defend_R","Defend_R","Defend_R","Defend_R","Strike_R","Searing Blow","Bash","Normality","Normality","Barricade","Evolve","SuicideKing","Shrug It Off","Brutality","Shockwave","Exhume","Power Through","Shrug It Off","Rampage","Metallicize","True Grit"],"score":3071,"play_id":"33e89d20-60df-4814-b171-ab759b2061cb","local_time":"20210227104457","is_ascension_mode":true,"campfire_choices":[{"data":"Armaments","floor":6.0,"key":"SMITH"},{"data":"Searing Blow+1","floor":11.0,"key":"SMITH"},{"data":"Searing Blow+2","floor":23,"key":"SMITH"},{"data":"Searing Blow+3","floor":29,"key":"SMITH"},{"data":"Searing Blow+4","floor":30,"key":"SMITH"},{"data":"Searing Blow+5","floor":32,"key":"SMITH"},{"floor":41,"key":"RECALL"},{"data":"Searing Blow+6","floor":45,"key":"SMITH"},{"data":"Searing Blow+7","floor":47,"key":"SMITH"},{"data":"Feel No Pain","floor":52,"key":"SMITH"}],"circlet_count":0,"master_deck":["AscendersBane","AT_FamilyPortrait+1","Entrench","Body Slam","Second Wind","AT_ShrugMaster","Whirlwind","Armaments+1","Battle Trance","Shrug It Off+1","Searing Blow+8","Demonic Infusion","Limit Break","Feel No Pain+1","AT_IchimonjiDouble","AT_ShrugMaster","Power Through+1","Offering+1","Dual Wield+1","Shockwave+1","Intimidate+1","Offering","Ghostly Armor","ReplayTheSpireMod:Muscle Training+1","Burning Pact","Replay:Undeath\u0027s Touch","Replay:Undeath\u0027s Touch"],"relics":["Burning Blood","AT_ATBox","HushsDoor","BookOfRevelations","AT_MibuBalloonWealth","SteamSale","Iron Hammer","AT_TheCollector","AT_RedTearstoneRing","AT_BellowingDragoncrestRing","TheAbacus","Bag of Marbles","Vajra","AT_ForceNature","Pet Ghost","Odd Mushroom","UnicornStump","Replay:Wax Seal","Replay:Bandana","Runic Pyramid","Paper Frog","WingedGreaves","NineVolt","Nunchaku","Calipers","GuppysPaw","Ornamental Fan","Oddly Smooth Stone","Divine Protection","Honey Jar","OrangePellets","Matryoshka","Replay:Mystery Machine","Strawberry","War Paint","Red Skull","Sling","Incense Burner","Torii","Void"],"acts_visited":["Exordium","TheCity","TheBeyond","TheEnding"],"potions_floor_usage":[55,55],"damage_taken":[{"damage":6.0,"enemies":"Small Slimes","floor":1.0,"turns":3.0},{"damage":0.0,"enemies":"Cultist","floor":5.0,"turns":3.0},{"damage":0.0,"enemies":"Jaw Worm","floor":7.0,"turns":1.0},{"damage":0.0,"enemies":"Lagavulin","floor":8.0,"turns":5.0},{"damage":0.0,"enemies":"Gremlin Nob","floor":10.0,"turns":2.0},{"damage":0.0,"enemies":"The Mushroom Lair","floor":12.0,"turns":1.0},{"damage":0.0,"enemies":"Replay:BlueRogue","floor":13.0,"turns":4.0},{"damage":0.0,"enemies":"Gremlin Gang","floor":14.0,"turns":2.0},{"damage":0.0,"enemies":"Hexaghost","floor":16.0,"turns":5.0},{"damage":1.0,"enemies":"Spheric Guardian","floor":18.0,"turns":4.0},{"damage":12.0,"enemies":"2 Thieves","floor":19.0,"turns":2.0},{"damage":2,"enemies":"Sentry and Sphere","floor":21,"turns":6},{"damage":8,"enemies":"Replay:Snechameleon","floor":24,"turns":5},{"damage":2,"enemies":"Snecko","floor":25,"turns":4},{"damage":11,"enemies":"Gremlin Leader","floor":27,"turns":7},{"damage":4,"enemies":"Colosseum Slavers","floor":28,"turns":5},{"damage":2,"enemies":"Colosseum Nobs","floor":28,"turns":4},{"damage":0,"enemies":"Chosen and Byrds","floor":31,"turns":6},{"damage":0,"enemies":"Automaton","floor":33,"turns":9},{"damage":0,"enemies":"3 Darklings","floor":35,"turns":1},{"damage":0,"enemies":"3 Shapes","floor":38,"turns":4},{"damage":0,"enemies":"3 Darklings","floor":39,"turns":5},{"damage":0,"enemies":"Giant Head","floor":40,"turns":4},{"damage":2,"enemies":"Sphere and 2 Shapes","floor":42,"turns":3},{"damage":0,"enemies":"R_Hoarder","floor":44,"turns":3},{"damage":5,"enemies":"2 Orb Walkers","floor":48,"turns":3},{"damage":2,"enemies":"Awakened One","floor":50,"turns":6},{"damage":0,"enemies":"Shield and Spear","floor":54,"turns":4},{"damage":0,"enemies":"Delirium","floor":55,"turns":12}],"seed_played":"-6272495711125492606","potions_obtained":[{"floor":1.0,"key":"FearPotion"},{"floor":7.0,"key":"Swift Potion"},{"floor":8.0,"key":"Block Potion"},{"floor":18.0,"key":"GamblersBrew"},{"floor":35,"key":"LiquidMemories"},{"floor":35,"key":"Doom Potion"},{"floor":38,"key":"BloodPotion"},{"floor":38,"key":"Fire Potion"},{"floor":40,"key":"Elixir"},{"floor":44,"key":"DuplicationPotion"},{"floor":44,"key":"Adrenaline Potion"}],"is_trial":false,"path_per_floor":["M","?","?","$","M","R","M","E","T","E","R","?","E","M","R","B",null,"M","M","T","M","$","R","E","M","T","E","?","R","R","M","R","B",null,"M","?","$","M","M","E","R","M","T","E","R","$","R","?","R","B",null,"R","$","E","B",null],"character_chosen":"IRONCLAD","items_purchased":["AT_MibuBalloonWealth","Entrench","Body Slam","Second Wind","Shrug It Off","SteamSale","Iron Hammer","Searing Blow","AT_TheCollector","AT_ShrugMaster","Whirlwind","Armaments","Battle Trance","Shrug It Off+1","Searing Blow+1","TheAbacus","Bag of Marbles","Paper Frog","WingedGreaves","OrangePellets","Matryoshka","Sling","Burning Pact","Torii"],"campfire_rested":0,"item_purchase_floors":[0,0,0,0,0,0,0,0,0,0,0,0,0,0,4,4,4,22,22,37,37,46,46,53],"current_hp_per_floor":[68,53,53,53,59,59,65,71,71,75,75,75,75,75,75,75,75,75,69,69,73,73,73,71,75,75,70,75,75,75,75,75,75,75,75,75,75,75,75,75,75,75,82,82,82,82,82,82,82,82,82,82,82,82,82],"gold":6615,"neow_bonus":"","is_daily":false,"chose_seed":false,"campfire_upgraded":9,"win_rate":0.0,"timestamp":1614393897,"path_taken":["M","?","?","$","M","R","M","E","T","E","R","?","E","M","R","BOSS","M","M","?","?","$","R","E","M","T","E","?","R","R","?","R","BOSS","M","?","$","M","M","E","R","M","T","E","R","$","R","?","R","BOSS","R","$","E","BOSS"],"items_purchased_type":["Relic","Card","Card","Card","Card","Relic","Relic","Card","Relic","Card","Card","Card","Card","Card","Card","Relic","Relic","Relic","Relic","Relic","Relic","Relic","Card","Relic"],"build_version":"2020-12-22","purchased_purges":25,"victory":true,"max_hp_per_floor":[75,75,75,75,75,75,75,75,75,75,75,75,75,75,75,75,75,75,75,75,75,75,75,75,75,75,75,75,75,75,75,75,75,75,75,75,75,75,75,75,75,75,82,82,82,82,82,82,82,82,82,82,82,82,82],"card_choices":[{"not_picked":[],"picked":"SuicideKing","floor":0.0},{"not_picked":["Headbutt","Shrug It Off","Abandon"],"picked":"SKIP","floor":1.0},{"not_picked":["Body Slam","Pommel Strike","Clash"],"picked":"SKIP","floor":1.0},{"not_picked":["Iron Wave","Infernal Blade","Sever Soul"],"picked":"SKIP","floor":5.0},{"not_picked":["Combust","AT_BodySlamDance","Thunderclap"],"picked":"SKIP","floor":5.0},{"not_picked":["Dual Wield","Body Slam"],"picked":"Shockwave","floor":7.0},{"not_picked":["Defy Death","Metallicize","Second Wind"],"picked":"SKIP","floor":7.0},{"not_picked":["ReplayTheSpireMod:Muscle Training","AT_IchimonjiDouble"],"picked":"Demonic Infusion","floor":8.0},{"not_picked":["Thunderclap","Intimidate","Pommel Strike"],"picked":"SKIP","floor":10.0},{"not_picked":["Whirlwind","ReplayTheSpireMod:LeadingStrike"],"picked":"Power Through","floor":13.0},{"not_picked":["AT_ManFootWork","ReplayTheSpireMod:Corrosion Curse","True Grit"],"picked":"SKIP","floor":14.0},{"not_picked":["ReplayTheSpireMod:Stacked","Pommel Strike","Metallicize"],"picked":"SKIP","floor":14.0},{"not_picked":["Reaper","Barricade"],"picked":"Brutality","floor":16.0},{"not_picked":["Reaper","Feed"],"picked":"Limit Break","floor":16.0},{"not_picked":["Limit Break","Replay:Many Hands"],"picked":"Exhume","floor":16.0},{"not_picked":["Clash","Headbutt","AT_ManFootWork"],"picked":"SKIP","floor":18.0},{"not_picked":["Warcry","Shockwave","Reckless Charge"],"picked":"SKIP","floor":18.0},{"not_picked":["Pommel Strike+1","Wild Strike"],"picked":"Feel No Pain","floor":19.0},{"not_picked":["Ghostly Armor","Shrug It Off"],"picked":"AT_IchimonjiDouble","floor":19.0},{"not_picked":["Carnage","Warcry"],"picked":"AT_ShrugMaster","floor":21},{"not_picked":["Limit Break","Clothesline"],"picked":"Evolve","floor":21},{"not_picked":["Infernal Blade","Dropkick"],"picked":"Barricade","floor":24},{"not_picked":["Flex","Replay:Undeath\u0027s Touch","Ghostly Armor"],"picked":"SKIP","floor":25},{"not_picked":["Armaments","Hemokinesis","Clash"],"picked":"SKIP","floor":25},{"not_picked":["AT_BodySlamDance","Rupture+1"],"picked":"Power Through+1","floor":27},{"not_picked":["Blood for Blood","AT_IchimonjiDouble","ReplayReversal"],"picked":"SKIP","floor":31},{"not_picked":["Clash","Abandon+1","Pummel"],"picked":"SKIP","floor":31},{"not_picked":["Fiend Fire","AT_Dispersion"],"picked":"Offering","floor":33},{"not_picked":["Fire Breathing","Body Slam+1","AT_DiedThrough"],"picked":"Dual Wield+1","floor":35},{"not_picked":["Ghostly Armor","AT_BodySlamDance","Bloodletting"],"picked":"Shockwave+1","floor":35},{"not_picked":["Battle Trance","Cleave","Flex"],"picked":"True Grit","floor":38},{"not_picked":["True Grit","Hemokinesis","AT_BodySlamDance"],"picked":"Rampage","floor":38},{"not_picked":["Pommel Strike","Clothesline","ReplayTheSpireMod:Strike From Hell"],"picked":"Intimidate","floor":39},{"not_picked":["Heavy Blade+1","Sentinel","Rupture"],"picked":"Offering","floor":39},{"not_picked":["Reckless Charge","AT_IchimonjiDouble","Headbutt"],"picked":"Shrug It Off","floor":40},{"not_picked":["Dual Wield","Flame Barrier","Carnage"],"picked":"Ghostly Armor","floor":42},{"not_picked":["Cleave","Twin Strike","Replay:Undeath\u0027s Touch"],"picked":"ReplayTheSpireMod:Muscle Training","floor":42},{"not_picked":["AT_IchimonjiDouble","Iron Wave","AT_Dispersion"],"picked":"Metallicize","floor":44},{"not_picked":["Twin Strike","Sword Boomerang","Anger"],"picked":"Replay:Undeath\u0027s Touch","floor":48},{"not_picked":["Anger","Shrug It Off","Sword Boomerang"],"picked":"Replay:Undeath\u0027s Touch","floor":54}],"player_experience":184024,"relics_obtained":[{"floor":8.0,"key":"Vajra"},{"floor":9.0,"key":"AT_ForceNature"},{"floor":10.0,"key":"Pet Ghost"},{"floor":12.0,"key":"Odd Mushroom"},{"floor":13.0,"key":"UnicornStump"},{"floor":16.0,"key":"Replay:Wax Seal"},{"floor":16.0,"key":"Replay:Bandana"},{"floor":24,"key":"NineVolt"},{"floor":26,"key":"Nunchaku"},{"floor":27,"key":"Calipers"},{"floor":28,"key":"GuppysPaw"},{"floor":28,"key":"Ornamental Fan"},{"floor":33,"key":"Oddly Smooth Stone"},{"floor":33,"key":"Divine Protection"},{"floor":40,"key":"Replay:Mystery Machine"},{"floor":43,"key":"Strawberry"},{"floor":43,"key":"War Paint"},{"floor":44,"key":"Red Skull"},{"floor":48,"key":"Incense Burner"},{"floor":54,"key":"Void"}],"event_choices":[{"damage_healed":0.0,"max_hp_gain":0.0,"max_hp_loss":0.0,"gold_gain":0.0,"event_name":"WeMeetAgain","player_choice":"Gave Potion","floor":3.0,"gold_loss":0.0,"damage_taken":0.0,"relics_obtained":["AT_BellowingDragoncrestRing"]},{"damage_healed":0.0,"max_hp_gain":0.0,"max_hp_loss":0.0,"gold_gain":0.0,"event_name":"Mushrooms","player_choice":"Fought Mushrooms","floor":12.0,"gold_loss":0.0,"damage_taken":0.0},{"damage_healed":0,"gold_gain":0,"player_choice":"Fight","damage_taken":0,"max_hp_gain":0,"max_hp_loss":0,"event_name":"Colosseum","floor":28,"gold_loss":0},{"damage_healed":0,"gold_gain":0,"player_choice":"Fought Nobs","damage_taken":0,"max_hp_gain":0,"max_hp_loss":0,"event_name":"Colosseum","floor":28,"gold_loss":0},{"damage_healed":0,"gold_gain":999,"player_choice":"Gold","damage_taken":0,"max_hp_gain":0,"max_hp_loss":0,"event_name":"MindBloom","floor":36,"gold_loss":0,"cards_obtained":["Normality","Normality"]},{"damage_healed":0,"gold_gain":0,"player_choice":"Fight","damage_taken":0,"max_hp_gain":0,"max_hp_loss":0,"event_name":"Mysterious Sphere","floor":48,"gold_loss":0}],"is_beta":false,"boss_relics":[{"not_picked":["Mark of Pain","Astrolabe"],"picked":"Runic Pyramid"},{"not_picked":[]},{"not_picked":["Runic Dome","Painkiller Herb"],"picked":"Honey Jar"},{"not_picked":[]}],"items_purged_floors":[0,0,0,0,0,0,0,0,0,4,22,37,37,37,37,37,37,37,37,37,37,46,46,46,46],"is_endless":false,"potions_floor_spawned":[1,7,8,8,10,10,12,14,14,14,16,18,18,19,21,27,27,28,28,31,33,33,35,35,38,38,40,44,44],"ascension_level":14}}