{"host":"yvapux1qyejt934z","time":1614436189,"event":{"mods":["Aspiration","BaseMod","Bestiary","Better Third Choice","Downfall","Energized Spire","Evolution","GifTheSpireLib","Jorbs\u0027s Wanderer Trilogy","Koishi","Minty Spire (QoL Compilation)","Relic Stats","Reliquary","Remilia??????","Replay The Spire","Shade Mod","StSLib","Stuff the Spire","The Blue Laboratory","The Cursed","The Disciple","The Hierophant","The Marked","The Necromancer","The Servant 0.9.4"],"gold_per_floor":[115,115,21,21,21,46,46,57,57,76,94,0,0,15,15,15,15],"floor_reached":16,"language":"ENG","playtime":852,"items_purged":[],"score":150,"play_id":"c427fd6a-5c84-403c-b33e-3eacad4b9b05","local_time":"20210227092949","is_ascension_mode":false,"campfire_choices":[{"data":"Exchange","floor":13,"key":"SMITH"}],"circlet_count":0,"master_deck":["Strike_S","Strike_S","Strike_S","Defend_S","Defend_S","Defend_S","KidneyShot","Exchange+1","Read","ShatteredReality","SurpressingFire","StuffTheSpire:CuriosityCurse","InstantArmor","StuffTheSpire:Innocence","Unruled","Starlight","SurpressingFire","Enlightenment","Potential","Spin"],"relics":["Uniform","EVO:Axolotl","NeowsBlessing","reliquary:BoilingFlask","Mango","StuffTheSpire:CocoNut"],"acts_visited":["Exordium"],"potions_floor_usage":[16,16],"damage_taken":[{"damage":0.0,"enemies":"Cultist","floor":1.0,"turns":1.0},{"damage":0,"enemies":"Gremlin Nob","floor":6,"turns":1},{"damage":0,"enemies":"Small Slimes","floor":8,"turns":1},{"damage":0,"enemies":"Jaw Worm","floor":10,"turns":5},{"damage":0,"enemies":"Looter","floor":11,"turns":3},{"damage":10,"enemies":"Exordium Thugs","floor":14,"turns":4},{"damage":70,"enemies":"Hexaghost","floor":16,"turns":11}],"seed_played":"-6356844858787622936","potions_obtained":[{"floor":8,"key":"blueLaboratory:AbyssPotion"},{"floor":10,"key":"blueLaboratory:TrueEctoplasm"}],"is_trial":false,"path_per_floor":["M","?","$","?","$","E","?","M","T","M","M","?","R","M","R","B"],"character_chosen":"THE_SERVANT","items_purchased":["ShatteredReality","SurpressingFire"],"campfire_rested":0,"item_purchase_floors":[3,3],"current_hp_per_floor":[65,58,58,58,58,72,65,65,72,72,72,78,78,68,68,0,0],"gold":15,"neow_bonus":"THREE_ENEMY_KILL","is_daily":false,"chose_seed":false,"campfire_upgraded":1,"win_rate":0.0,"timestamp":1614436189,"path_taken":["M","?","$","?","?","E","?","M","T","?","M","?","R","M","R","BOSS"],"items_purchased_type":["Card","Card"],"build_version":"2020-12-22","purchased_purges":0,"victory":false,"max_hp_per_floor":[65,65,65,65,65,79,79,79,86,86,86,92,92,92,92,92,92],"relic_stats":{"counters":[7,26],"obtain_stats":[{"NeowsBlessing":0,"reliquary:BoilingFlask":4,"Mango":6,"StuffTheSpire:CocoNut":9,"Uniform":0,"EVO:Axolotl":0},{"NeowsBlessing":0,"reliquary:BoilingFlask":1,"Mango":2,"StuffTheSpire:CocoNut":3,"Uniform":0,"EVO:Axolotl":0},{"NeowsBlessing":0,"reliquary:BoilingFlask":1,"Mango":2,"StuffTheSpire:CocoNut":3,"Uniform":0,"EVO:Axolotl":0}]},"card_choices":[{"not_picked":["Unruled","Rearm"],"picked":"Read","floor":1.0},{"not_picked":["GearUp","Revamp"],"picked":"InstantArmor","floor":6},{"not_picked":["DoubleEdge","TimeWarp"],"picked":"Unruled","floor":8},{"not_picked":["Spin","TimeWarp"],"picked":"Starlight","floor":10},{"not_picked":["Starlight","Rewind"],"picked":"SurpressingFire","floor":11},{"not_picked":["Revamp","TimeWarp"],"picked":"Potential","floor":14}],"player_experience":47723,"relics_obtained":[{"floor":6,"key":"Mango"},{"floor":9,"key":"StuffTheSpire:CocoNut"}],"event_choices":[{"cards_removed":["Defend_S"],"damage_healed":0.0,"max_hp_gain":0.0,"max_hp_loss":0.0,"gold_gain":0.0,"event_name":"Golden Wing","player_choice":"Card Removal","floor":2.0,"gold_loss":0.0,"damage_taken":7.0},{"damage_healed":0,"gold_gain":0,"player_choice":"RENOUNCE","damage_taken":94,"max_hp_gain":0,"max_hp_loss":0,"event_name":"betterThird:BetterSerpent","floor":12,"gold_loss":94,"cards_obtained":["Enlightenment"]}],"is_beta":false,"boss_relics":[],"items_purged_floors":[],"is_endless":false,"potions_floor_spawned":[8,10],"killed_by":"Hexaghost","ascension_level":0}}