{"host":"bxn2em57qlx5u4i0","time":1614449391,"event":{"mods":["BaseMod","Colored Map","Colored Powertips","Highlight Path","Minty Spire (QoL Compilation)","Random Character Button","Relic Sorter","Relic Stats","StSLib","SuperFastMode"],"gold_per_floor":[114,7,7,7,27,59,59,59,59,91,151,176,22,91,91,166,166,179,229,249,299,319,319,352,419,419,205,255,284,284,159,159,235,285,300,699,711,724,774,774,800,800,800,829,557,585,163,85,85,85,85,85,85,32,58,58],"floor_reached":57,"language":"ENG","playtime":2900,"items_purged":["Strike_G","Strike_G","Strike_G","Strike_G","Dagger Throw"],"score":2934,"play_id":"6d0c3cee-8c0a-44ae-a0e0-6332d4081f16","local_time":"20210227130951","is_ascension_mode":true,"campfire_choices":[{"data":"Crippling Poison","floor":8.0,"key":"SMITH"},{"data":"Tactician","floor":15.0,"key":"SMITH"},{"data":"A Thousand Cuts","floor":23.0,"key":"SMITH"},{"data":"Calculated Gamble","floor":30.0,"key":"SMITH"},{"data":"Catalyst","floor":32.0,"key":"SMITH"},{"data":"Footwork","floor":40.0,"key":"SMITH"},{"data":"Reflex","floor":42.0,"key":"SMITH"},{"floor":49.0,"key":"RECALL"},{"data":"Calculated Gamble","floor":53.0,"key":"SMITH"}],"circlet_count":0,"master_deck":["AscendersBane","Defend_G","Defend_G+1","Defend_G","Defend_G","Survivor","Escape Plan","Poisoned Stab","Crippling Poison+1","Dagger Throw","Escape Plan","A Thousand Cuts+1","Deadly Poison","Footwork+1","PiercingWail","Catalyst+1","Tactician+1","Calculated Gamble+1","Doppelganger","Reflex+1","Blade Dance+1","Reflex","Doppelganger","Backflip","Noxious Fumes","Tools of the Trade","Venomology","Calculated Gamble+1","Escape Plan","Escape Plan","Footwork","Backflip","Tactician","Reflex"],"relics":["Ring of the Snake","Dream Catcher","Tiny Chest","SsserpentHead","Mercury Hourglass","Prayer Wheel","InkBottle","HoveringKite","Thread and Needle","Molten Egg 2","Potion Belt","Sundial","Eternal Feather","Tiny House","Old Coin","Ginger","CeramicFish","Art of War","Toy Ornithopter","Mango"],"acts_visited":["Exordium","TheCity","TheBeyond","TheEnding"],"potions_floor_usage":[56,56,56,56,56,56],"damage_taken":[{"damage":0.0,"enemies":"Small Slimes","floor":1.0,"turns":4.0},{"damage":0.0,"enemies":"Cultist","floor":5.0,"turns":4.0},{"damage":22.0,"enemies":"Gremlin Nob","floor":6.0,"turns":4.0},{"damage":18.0,"enemies":"3 Sentries","floor":10.0,"turns":8.0},{"damage":4.0,"enemies":"Jaw Worm","floor":11.0,"turns":3.0},{"damage":3.0,"enemies":"Lagavulin","floor":12.0,"turns":7.0},{"damage":0.0,"enemies":"Gremlin Gang","floor":14.0,"turns":3.0},{"damage":7.0,"enemies":"Hexaghost","floor":16.0,"turns":8.0},{"damage":0.0,"enemies":"Chosen","floor":18.0,"turns":4.0},{"damage":2.0,"enemies":"3 Byrds","floor":20.0,"turns":4.0},{"damage":0.0,"enemies":"Cultist and Chosen","floor":22.0,"turns":5.0},{"damage":24.0,"enemies":"Book of Stabbing","floor":24.0,"turns":5.0},{"damage":2.0,"enemies":"Snecko","floor":25.0,"turns":5.0},{"damage":0.0,"enemies":"Slavers","floor":29.0,"turns":4.0},{"damage":23.0,"enemies":"Collector","floor":33.0,"turns":7.0},{"damage":4.0,"enemies":"3 Darklings","floor":35.0,"turns":4.0},{"damage":15.0,"enemies":"2 Orb Walkers","floor":36.0,"turns":5.0},{"damage":0.0,"enemies":"3 Shapes","floor":37.0,"turns":3.0},{"damage":0.0,"enemies":"Maw","floor":38.0,"turns":6.0},{"damage":27.0,"enemies":"Nemesis","floor":41.0,"turns":7.0},{"damage":17.0,"enemies":"Reptomancer","floor":44.0,"turns":5.0},{"damage":4.0,"enemies":"Nemesis","floor":46.0,"turns":7.0},{"damage":51.0,"enemies":"Time Eater","floor":50.0,"turns":18.0},{"damage":0.0,"enemies":"Donu and Deca","floor":51.0,"turns":9.0},{"damage":52.0,"enemies":"Shield and Spear","floor":55.0,"turns":8.0},{"damage":30,"enemies":"The Heart","floor":56,"turns":10}],"seed_played":"-7719075173185064293","potions_obtained":[{"floor":5.0,"key":"LiquidMemories"},{"floor":10.0,"key":"SkillPotion"},{"floor":14.0,"key":"PowerPotion"},{"floor":16.0,"key":"Block Potion"},{"floor":20.0,"key":"DuplicationPotion"},{"floor":24.0,"key":"GhostInAJar"},{"floor":34.0,"key":"SkillPotion"},{"floor":37.0,"key":"PowerPotion"},{"floor":55.0,"key":"Fruit Juice"}],"is_trial":false,"path_per_floor":["M","$","?","?","M","E","?","R","T","E","M","E","$","M","R","B",null,"M","T","M","?","M","R","E","M","T","$","T","E","R","$","R","B",null,"M","?","M","M","?","R","E","R","T","E","$","E","$","$","R","B","B",null,"R","$","E","B",null],"character_chosen":"THE_SILENT","items_purchased":["Crippling Poison","Dagger Throw","Catalyst","Backflip","Noxious Fumes","Footwork","Backflip","Toy Ornithopter","Tactician","Weak Potion","Reflex","BlessingOfTheForge"],"campfire_rested":0,"item_purchase_floors":[2,2,13,27,27,45,45,47,47,47,48,54],"current_hp_per_floor":[59,59,64,64,64,42,42,42,42,24,20,17,17,17,17,10,51,51,51,49,75,75,75,51,49,49,49,49,49,67,67,75,52,74,70,55,55,55,55,73,46,64,64,47,47,43,43,43,61,25,30,68,80,80,47,52],"gold":58,"neow_bonus":"TRANSFORM_TWO_CARDS","is_daily":false,"chose_seed":false,"campfire_upgraded":8,"win_rate":0.0,"timestamp":1614449391,"path_taken":["M","$","?","?","?","E","?","R","T","E","?","E","$","?","R","BOSS","M","?","M","?","M","R","E","?","T","$","?","E","R","$","R","BOSS","M","?","M","M","?","R","E","R","T","E","$","E","?","$","R","BOSS","BOSS","R","$","E","BOSS"],"items_purchased_type":["Card","Card","Card","Card","Card","Card","Card","Relic","Card","Potion","Card","Potion"],"build_version":"2020-12-22","purchased_purges":5,"victory":true,"max_hp_per_floor":[60,60,65,65,65,65,65,65,65,65,65,65,65,65,65,65,65,65,65,65,75,75,75,75,75,75,75,75,75,75,75,75,75,80,80,80,80,80,80,80,80,80,80,80,80,80,80,80,80,80,80,80,80,80,94,99],"relic_stats":{"counters":[26,155],"CeramicFish":36,"HoveringKite":[101],"Eternal Feather":92,"Ginger":[6],"Mercury Hourglass":[557],"SsserpentHead":450,"Dream Catcher":0,"Sundial":[32],"Tiny Chest":2,"Prayer Wheel":10,"Art of War":[25],"obtain_stats":[{"Potion Belt":26,"Tiny House":34,"CeramicFish":44,"HoveringKite":17,"Thread and Needle":19,"Eternal Feather":29,"Mango":55,"Ginger":41,"Mercury Hourglass":9,"Old Coin":36,"SsserpentHead":7,"Dream Catcher":4,"Sundial":28,"Tiny Chest":6,"Prayer Wheel":10,"Molten Egg 2":24,"Art of War":46,"InkBottle":12,"Toy Ornithopter":47,"Ring of the Snake":0},{"Potion Belt":13,"Tiny House":15,"CeramicFish":21,"HoveringKite":8,"Thread and Needle":9,"Eternal Feather":14,"Mango":25,"Ginger":20,"Mercury Hourglass":3,"Old Coin":17,"SsserpentHead":3,"Dream Catcher":1,"Sundial":13,"Tiny Chest":3,"Prayer Wheel":4,"Molten Egg 2":12,"Art of War":22,"InkBottle":6,"Toy Ornithopter":22,"Ring of the Snake":0},{"Potion Belt":62,"Tiny House":73,"CeramicFish":103,"HoveringKite":40,"Thread and Needle":44,"Eternal Feather":66,"Mango":145,"Ginger":98,"Mercury Hourglass":12,"Old Coin":82,"SsserpentHead":12,"Dream Catcher":4,"Sundial":62,"Tiny Chest":12,"Prayer Wheel":19,"Molten Egg 2":57,"Art of War":110,"InkBottle":29,"Toy Ornithopter":110,"Ring of the Snake":0}],"InkBottle":[83],"Toy Ornithopter":55,"Ring of the Snake":[52]},"card_choices":[{"not_picked":["Acrobatics","Dodge and Roll"],"picked":"Poisoned Stab","floor":1.0},{"not_picked":["Dodge and Roll","Calculated Gamble"],"picked":"Dagger Throw","floor":5.0},{"not_picked":["PiercingWail","Acrobatics"],"picked":"Escape Plan","floor":6.0},{"not_picked":["Infinite Blades","Flechettes"],"picked":"A Thousand Cuts","floor":10.0},{"not_picked":["Bane","Prepared"],"picked":"Deadly Poison","floor":11.0},{"not_picked":["Concentrate","Backflip"],"picked":"Footwork","floor":11.0},{"not_picked":["Sucker Punch","Setup"],"picked":"PiercingWail","floor":12.0},{"not_picked":["Slice","Caltrops"],"picked":"Tactician","floor":14.0},{"not_picked":["Acrobatics","Die Die Die"],"picked":"Calculated Gamble","floor":14.0},{"not_picked":["Glass Knife","Storm of Steel"],"picked":"Doppelganger","floor":16.0},{"not_picked":["Bane","Predator","Dodge and Roll"],"picked":"SKIP","floor":18.0},{"not_picked":["Backstab","Concentrate","Quick Slash+1"],"picked":"SKIP","floor":18.0},{"not_picked":["Crippling Poison","Flying Knee"],"picked":"Reflex","floor":20.0},{"not_picked":["Sucker Punch","Underhanded Strike","Caltrops"],"picked":"SKIP","floor":20.0},{"not_picked":["Deflect","Poisoned Stab"],"picked":"Blade Dance+1","floor":22.0},{"not_picked":["Cloak And Dagger","Dodge and Roll","Dagger Spray"],"picked":"SKIP","floor":22.0},{"not_picked":["Deadly Poison","Slice+1"],"picked":"Reflex","floor":24.0},{"not_picked":["Finisher+1","Outmaneuver"],"picked":"Doppelganger","floor":25.0},{"not_picked":["Slice+1","Blur","Distraction"],"picked":"SKIP","floor":25.0},{"not_picked":["Glass Knife+1","Distraction"],"picked":"Tools of the Trade","floor":29.0},{"not_picked":["Doppelganger","Glass Knife+1"],"picked":"Venomology","floor":33.0},{"not_picked":["Cloak And Dagger","Dagger Throw+1"],"picked":"Calculated Gamble","floor":34.0},{"not_picked":["Deflect+1","Slice+1"],"picked":"Escape Plan","floor":35.0},{"not_picked":["Dagger Throw+1","Dagger Spray+1","Underhanded Strike+1"],"picked":"SKIP","floor":35.0},{"not_picked":["Quick Slash+1","Deadly Poison","Poisoned Stab+1"],"picked":"SKIP","floor":37.0},{"not_picked":["Tools of the Trade","Blur","Riddle With Holes+1"],"picked":"SKIP","floor":37.0},{"not_picked":["Noxious Fumes","Deflect"],"picked":"Escape Plan","floor":38.0},{"not_picked":["Underhanded Strike+1","Choke+1","Blade Dance+1"],"picked":"SKIP","floor":38.0},{"not_picked":["Bane+1","Blade Dance","Underhanded Strike+1"],"picked":"SKIP","floor":41.0},{"not_picked":["Sucker Punch+1","Dodge and Roll","Blade Dance+1"],"picked":"SKIP","floor":44.0},{"not_picked":["Poisoned Stab+1","Terror+1","Setup"],"picked":"SKIP","floor":46.0},{"not_picked":["Concentrate","Deflect","Crippling Poison"],"picked":"SKIP","floor":55.0}],"player_experience":3065432,"relics_obtained":[{"floor":4.0,"key":"Dream Catcher"},{"floor":6.0,"key":"Tiny Chest"},{"floor":9.0,"key":"Mercury Hourglass"},{"floor":10.0,"key":"Prayer Wheel"},{"floor":12.0,"key":"InkBottle"},{"floor":19.0,"key":"Thread and Needle"},{"floor":24.0,"key":"Molten Egg 2"},{"floor":26.0,"key":"Potion Belt"},{"floor":28.0,"key":"Sundial"},{"floor":29.0,"key":"Eternal Feather"},{"floor":36.0,"key":"Old Coin"},{"floor":41.0,"key":"Ginger"},{"floor":44.0,"key":"CeramicFish"},{"floor":46.0,"key":"Art of War"},{"floor":55.0,"key":"Mango"}],"event_choices":[{"damage_healed":0.0,"max_hp_gain":5.0,"max_hp_loss":0.0,"gold_gain":0.0,"event_name":"Big Fish","player_choice":"Donut","floor":3.0,"gold_loss":0.0,"damage_taken":0.0},{"damage_healed":0.0,"max_hp_gain":0.0,"max_hp_loss":0.0,"gold_gain":0.0,"event_name":"Wheel of Change","player_choice":"Relic","floor":4.0,"gold_loss":0.0,"damage_taken":0.0},{"damage_healed":0.0,"max_hp_gain":0.0,"max_hp_loss":0.0,"gold_gain":0.0,"event_name":"FaceTrader","player_choice":"Trade","floor":7.0,"gold_loss":0.0,"damage_taken":0.0,"relics_obtained":["SsserpentHead"]},{"cards_removed":["Doppelganger"],"damage_healed":16.0,"max_hp_gain":10.0,"max_hp_loss":0.0,"gold_gain":0.0,"event_name":"Bonfire Elementals","player_choice":"Offered Rare","floor":21.0,"gold_loss":0.0,"damage_taken":0.0},{"damage_healed":0.0,"max_hp_gain":0.0,"max_hp_loss":0.0,"gold_gain":0.0,"event_name":"Mysterious Sphere","player_choice":"Fight","floor":36.0,"gold_loss":0.0,"damage_taken":0.0},{"cards_removed":["Neutralize"],"damage_healed":0.0,"max_hp_gain":0.0,"max_hp_loss":0.0,"gold_gain":0.0,"event_name":"Falling","player_choice":"Removed Attack","floor":39.0,"gold_loss":0.0,"damage_taken":0.0}],"is_beta":false,"boss_relics":[{"not_picked":["SacredBark","Ring of the Serpent"],"picked":"HoveringKite"},{"not_picked":["Runic Dome","Velvet Choker"],"picked":"Tiny House"}],"items_purged_floors":[13,27,31,45,47],"is_endless":false,"potions_floor_spawned":[5,10,14,16,20,24,25,37,55],"ascension_level":20}}