{"host":"fbdlh90rovbiajun","time":1614407155,"event":{"mods":["AchievementEnabler","BaseMod","Colored Map","Keyboard Shortcuts","Minty Spire (QoL Compilation)","SuperFastMode"],"gold_per_floor":[112,112,112,112,112,150,150,184,236,261,276,290,290,290,290,410,473,498,517,616,541,45,83,83,83,83],"floor_reached":25,"language":"KOR","playtime":561,"items_purged":["Strike_R"],"score":250,"play_id":"33dbe6d1-089f-41ff-9ff8-4a7d80f007ac","local_time":"20210227152555","is_ascension_mode":true,"campfire_choices":[{"data":"Second Wind","floor":7,"key":"SMITH"},{"data":"Iron Wave","floor":13,"key":"SMITH"},{"floor":15,"key":"REST"},{"data":"Inflame","floor":24,"key":"SMITH"}],"circlet_count":0,"master_deck":["Strike_R","Strike_R","Strike_R","Defend_R","Defend_R","Defend_R+1","Defend_R+1","Bash+1","Cleave","Second Wind+1","Clash","Iron Wave+1","Reaper+1","Inflame+1","Limit Break"],"relics":["Burning Blood","Golden Idol","Blue Candle","Mummified Hand","War Paint","Red Skull","StrikeDummy","Tiny House","Prayer Wheel","Ancient Tea Set"],"acts_visited":["Exordium","TheCity"],"potions_floor_usage":[],"damage_taken":[{"damage":3,"enemies":"2 Louse","floor":1,"turns":3},{"damage":27,"enemies":"Gremlin Nob","floor":6,"turns":4},{"damage":34,"enemies":"3 Sentries","floor":8,"turns":9},{"damage":0,"enemies":"Small Slimes","floor":10,"turns":2},{"damage":12,"enemies":"Jaw Worm","floor":11,"turns":2},{"damage":2,"enemies":"Lots of Slimes","floor":12,"turns":4},{"damage":33,"enemies":"The Guardian","floor":16,"turns":11},{"damage":33,"enemies":"2 Thieves","floor":18,"turns":4},{"damage":23,"enemies":"Shell Parasite","floor":19,"turns":8},{"damage":72,"enemies":"Slavers","floor":23,"turns":7},{"damage":19,"enemies":"Sentry and Sphere","floor":25,"turns":3}],"seed_played":"4287672780504545395","potions_obtained":[{"floor":10,"key":"BlessingOfTheForge"},{"floor":16,"key":"BloodPotion"},{"floor":17,"key":"Weak Potion"}],"is_trial":false,"path_per_floor":["M","$","?","?","T","E","R","E","T","M","M","M","R","T","R","B",null,"M","M","?","?","$","E","R","M"],"character_chosen":"IRONCLAD","items_purchased":["Limit Break","Prayer Wheel"],"campfire_rested":1,"item_purchase_floors":[22,22],"current_hp_per_floor":[80,80,80,60,60,39,39,11,11,17,11,15,15,15,39,12,85,68,55,55,55,55,14,14,0,0],"gold":83,"neow_bonus":"UPGRADE_CARD","is_daily":false,"chose_seed":false,"campfire_upgraded":3,"win_rate":0.0,"timestamp":1614407155,"path_taken":["M","$","?","?","?","E","R","E","T","?","M","?","R","?","R","BOSS","M","M","?","?","$","E","R","M"],"items_purchased_type":["Card","Relic"],"build_version":"2020-12-22","purchased_purges":1,"victory":false,"max_hp_per_floor":[80,80,80,80,80,80,80,80,80,80,80,80,80,80,80,80,85,85,85,85,85,85,85,85,85,85],"card_choices":[{"not_picked":["Warcry","Dual Wield"],"picked":"Cleave","floor":1},{"not_picked":["Carnage","Clothesline"],"picked":"Second Wind","floor":6},{"not_picked":["Anger","Perfected Strike"],"picked":"Clash","floor":8},{"not_picked":["Cleave","Corruption","Flame Barrier"],"picked":"SKIP","floor":10},{"not_picked":["Body Slam","Thunderclap"],"picked":"Iron Wave","floor":11},{"not_picked":["Body Slam","Sword Boomerang","Cleave"],"picked":"SKIP","floor":12},{"not_picked":["Brutality","Berserk"],"picked":"Reaper","floor":16},{"not_picked":["Rupture","Iron Wave","Pommel Strike"],"picked":"SKIP","floor":18},{"not_picked":["Rampage","True Grit"],"picked":"Inflame","floor":19},{"not_picked":["Reaper","Power Through","Blood for Blood"],"picked":"SKIP","floor":23}],"player_experience":141966,"relics_obtained":[{"floor":5,"key":"Blue Candle"},{"floor":6,"key":"Mummified Hand"},{"floor":8,"key":"War Paint"},{"floor":9,"key":"Red Skull"},{"floor":14,"key":"StrikeDummy"},{"floor":23,"key":"Ancient Tea Set"}],"event_choices":[{"damage_healed":0,"gold_gain":0,"player_choice":"Ignored","damage_taken":0,"max_hp_gain":0,"max_hp_loss":0,"event_name":"Liars Game","floor":3,"gold_loss":0},{"damage_healed":0,"gold_gain":0,"player_choice":"Take Damage","damage_taken":20,"relics_obtained":["Golden Idol"],"max_hp_gain":0,"max_hp_loss":0,"event_name":"Golden Idol","floor":4,"gold_loss":0},{"damage_healed":0,"gold_gain":99,"player_choice":"Stole From Cult","damage_taken":0,"max_hp_gain":0,"max_hp_loss":0,"event_name":"Nest","floor":20,"gold_loss":0},{"cards_removed":["Strike_R"],"damage_healed":0,"gold_gain":0,"player_choice":"Gave Gold","damage_taken":0,"max_hp_gain":0,"max_hp_loss":0,"event_name":"Beggar","floor":21,"gold_loss":75}],"is_beta":false,"boss_relics":[{"not_picked":["Mark of Pain","Fusion Hammer"],"picked":"Tiny House"}],"items_purged_floors":[22],"is_endless":false,"potions_floor_spawned":[10,16,18],"killed_by":"Sentry and Sphere","ascension_level":2}}