{"host":"qwb18rbrg3wnmsho","time":1614427981,"event":{"mods":["ATMod(°¢èªMod)","Act Like it!","BaseMod","BetterRewards","Gensokyo","Minty Spire (QoL Compilation)","Potion Indicator Mod","Quarter Circle Forward PUNCH!","Reliquary","Remilia£¨ÀÙÃ×ÀòÑÇ£©","Replay The Spire","StSLib","Wide Potions","[IsaacMod]ÒÔÈö¼âËþ"],"gold_per_floor":[118,138,157,207,227,255,255,285,357,357,389,389,400,430,430,501,501,514,33,53,53,63,63,97,113,160,191,226,257,267,283,283,360,360,375,395,395,405,416,443,551,551,551,773,235,245,280,299,299,299],"floor_reached":51,"language":"ZHS","playtime":3316,"items_purged":["Strike_RM","Strike_RM"],"score":1740,"play_id":"f38c3841-bf17-4636-80f3-1da736ef996a","local_time":"20210227201301","is_ascension_mode":true,"campfire_choices":[{"data":"AT_ShrugMaster","floor":7.0,"key":"SMITH"},{"data":"ScarletImprint","floor":10.0,"key":"SMITH"},{"data":"KillingBlow","floor":12.0,"key":"SMITH"},{"data":"Stigmanizer","floor":15.0,"key":"SMITH"},{"data":"QueenOfMidnight","floor":23.0,"key":"SMITH"},{"data":"BombardNight","floor":32,"key":"SMITH"},{"data":"SuperhumanBloodyKnife","floor":42,"key":"SMITH"},{"data":"RedMoon","floor":49,"key":"SMITH"}],"circlet_count":0,"master_deck":["AscendersBane","Strike_RM","Strike_RM","Defend_RM","Defend_RM","Defend_RM","Defend_RM","RedMoon+1","ScarletShoot","AT_ShrugMaster+1","Stigmanizer+1","KillingBlow+1","ScarletImprint+1","BombardNight+1","UnderTheZenith+1","MillenniumVampire+1","QueenOfMidnight+1","AT_ShrugMaster+1","DevilSight+1","BloodHunter+1","AfternoonTea+1","BloodyCatastrophe+1","BloodAndWine+1","UltimateOffering","Trip+1","ForbiddenFruit+1","SuperhumanBloodyKnife+1","Replay:Bootleg Shield Generator+1","BlasphemousPunishment+1"],"relics":["ScarletHat","HushsDoor","AT_ATBox","NeowsBlessing","BookofShadows","qcfpunch:Red_Gi","Bag of Marbles","qcfpunch:Broken_Tusk","Potion Belt","Toxic Egg 2","Happy Flower","Mummified Hand","SacredBark","Lizard Tail","Oddly Smooth Stone","Juzu Bracelet","TuHaoJin","Red Mask","PillsDrop","reliquary:WritOfMandamus","Blood Vial","PunchingBag","reliquary:PrincelyHelmet","reliquary:RoseTintedGlasses"],"acts_visited":["Exordium","TheCity","TheBeyond"],"potions_floor_usage":[28,33,50,50,50,50,50],"damage_taken":[{"damage":0.0,"enemies":"Cultist","floor":1.0,"turns":1.0},{"damage":0.0,"enemies":"2 Louse","floor":2.0,"turns":2.0},{"damage":0.0,"enemies":"Jaw Worm","floor":3.0,"turns":1.0},{"damage":1.0,"enemies":"Hiden Room Battle","floor":4.0,"turns":5.0},{"damage":0.0,"enemies":"Large Slime","floor":5.0,"turns":4.0},{"damage":4.0,"enemies":"Replay:BlueRogue","floor":6.0,"turns":11.0},{"damage":0.0,"enemies":"3 Sentries","floor":8.0,"turns":2.0},{"damage":1.0,"enemies":"Replay:BlueRogue","floor":11.0,"turns":7.0},{"damage":0.0,"enemies":"2 Fungi Beasts","floor":13.0,"turns":2.0},{"damage":3.0,"enemies":"Lagavulin","floor":14.0,"turns":7.0},{"damage":1.0,"enemies":"The Guardian","floor":16.0,"turns":11.0},{"damage":0.0,"enemies":"2 Thieves","floor":18.0,"turns":2.0},{"damage":39.0,"enemies":"Chosen","floor":20.0,"turns":3.0},{"damage":0.0,"enemies":"Snake Plant","floor":22.0,"turns":4.0},{"damage":3.0,"enemies":"Gremlin Leader","floor":24.0,"turns":7.0},{"damage":0.0,"enemies":"Sentry and Sphere","floor":25.0,"turns":3.0},{"damage":0.0,"enemies":"Slavers","floor":27.0,"turns":4.0},{"damage":0,"enemies":"Masked Bandits","floor":28,"turns":1},{"damage":13,"enemies":"Book of Stabbing","floor":29,"turns":4},{"damage":13,"enemies":"Cultist and Chosen","floor":30,"turns":6},{"damage":38,"enemies":"3 Cultists","floor":31,"turns":2},{"damage":33,"enemies":"Collector","floor":33,"turns":11},{"damage":0,"enemies":"3 Shapes","floor":35,"turns":2},{"damage":19,"enemies":"3 Darklings","floor":36,"turns":2},{"damage":38,"enemies":"Jaw Worm Horde","floor":38,"turns":1},{"damage":41,"enemies":"Writhing Mass","floor":39,"turns":3},{"damage":73,"enemies":"Giant Head","floor":40,"turns":6},{"damage":17,"enemies":"Transient","floor":46,"turns":5},{"damage":33,"enemies":"Nemesis","floor":47,"turns":3},{"damage":10,"enemies":"Sphere and 2 Shapes","floor":48,"turns":2},{"damage":100000056,"enemies":"Time Eater","floor":50,"turns":12}],"seed_played":"3549519211353538611","potions_obtained":[{"floor":3.0,"key":"Weak Potion"},{"floor":4.0,"key":"Adrenaline Potion"},{"floor":5.0,"key":"SteroidPotion"},{"floor":13.0,"key":"PowerPotion"},{"floor":20.0,"key":"Adrenaline Potion"},{"floor":22.0,"key":"Death Potion"},{"floor":25.0,"key":"Reflective Coating"},{"floor":29,"key":"AttackPotion"},{"floor":36,"key":"SteroidPotion"},{"floor":39,"key":"Languid Potion"},{"floor":47,"key":"Languid Potion"}],"is_trial":false,"path_per_floor":["M","M","M","?","M","E","R","E","T","R","E","R","M","E","R","B",null,"M","$","M","?","M","R","E","M","T","E","?","E","M","M","R","B",null,"M","M","?","M","M","E","?","R","T","?","$","M","E","M","R","B",null],"character_chosen":"REMILIA","items_purchased":["Lizard Tail","SteroidPotion","ColorlessPotion","UltimateOffering","reliquary:PrincelyHelmet","EntropicBrew","Replay:Bootleg Shield Generator+1"],"campfire_rested":0,"item_purchase_floors":[19,19,19,34,45,45,45],"current_hp_per_floor":[68,70,70,54,54,53,53,56,56,56,56,56,56,57,57,63,72,72,72,74,74,75,75,75,75,75,75,75,75,75,78,78,78,75,75,75,75,75,71,75,45,45,45,45,45,55,62,64,64,75],"gold":299,"neow_bonus":"THREE_ENEMY_KILL","is_daily":false,"chose_seed":false,"campfire_upgraded":8,"win_rate":0.0,"timestamp":1614427981,"path_taken":["M","M","M","?","M","E","R","E","T","R","E","R","M","E","R","BOSS","M","$","M","?","M","R","E","M","T","E","?","E","M","M","R","BOSS","M","M","?","M","M","E","?","R","T","?","$","M","E","M","R","BOSS"],"items_purchased_type":["Relic","Potion","Potion","Card","Relic","Potion","Card"],"build_version":"2020-12-22","purchased_purges":2,"victory":true,"max_hp_per_floor":[75,75,75,75,75,75,75,75,75,75,75,75,75,75,75,75,75,75,75,75,75,75,75,75,75,75,75,75,75,75,78,78,78,75,75,75,75,75,75,75,75,75,75,75,75,75,75,75,75,75],"card_choices":[{"not_picked":["VampireFantasy","UltimateOffering"],"picked":"Stigmanizer","floor":1.0},{"not_picked":["RedRainbow","NightDance"],"picked":"KillingBlow","floor":2.0},{"not_picked":["DevilSight","RedRainbow","FavorOfDestiny"],"picked":"SKIP","floor":3.0},{"not_picked":["BombardNight","Stigmanizer"],"picked":"Bomb","floor":4.0},{"not_picked":["MastersStateliness","ScarletDream"],"picked":"Bomb","floor":5.0},{"not_picked":["NightDance","CeilingFear","VampireKiss"],"picked":"SKIP","floor":6.0},{"not_picked":["Bomb","ForbiddenFruit"],"picked":"ScarletImprint","floor":8.0},{"not_picked":["BlasphemousPunishment+1","DiffusionOfMisfortune"],"picked":"BombardNight","floor":11.0},{"not_picked":["NightDance","ScarletImprint"],"picked":"UnderTheZenith+1","floor":13.0},{"not_picked":["DiffusionOfMisfortune","ScarletImprint"],"picked":"MillenniumVampire+1","floor":14.0},{"not_picked":["CurseOfVladTepes","BatForm"],"picked":"QueenOfMidnight","floor":16.0},{"not_picked":["CharismaGuard","RedRainbow","UnstableMagic+1"],"picked":"SKIP","floor":18.0},{"not_picked":["EndlessAdversity","Stigmanizer","MillenniumVampire+1"],"picked":"SKIP","floor":20.0},{"not_picked":["DiffusionOfMisfortune","Stigmanizer"],"picked":"DevilSight+1","floor":22.0},{"not_picked":["CharismaGuard","BadLadyScramble+1"],"picked":"BloodHunter+1","floor":24.0},{"not_picked":["Ultimatum","StarOfDavid"],"picked":"AfternoonTea+1","floor":25.0},{"not_picked":["Ultimatum","DevilSight+1"],"picked":"BloodyCatastrophe+1","floor":27.0},{"not_picked":["BloodHunter+1","BombardNight","ScarletImprint"],"picked":"SKIP","floor":29},{"not_picked":["NightDance","SuperhumanBloodyKnife"],"picked":"BloodAndWine+1","floor":30},{"not_picked":["UnstableMagic+1","Septette+1","EndlessAdversity"],"picked":"SKIP","floor":31},{"not_picked":["DevilSight+1","RedRainbow","GlobalNightmare+1"],"picked":"SKIP","floor":35},{"not_picked":["EndlessAdversity","BloodHunter+1","UnderTheZenith+1"],"picked":"SKIP","floor":36},{"not_picked":["Battery+1","Good Instincts+1"],"picked":"Trip+1","floor":37},{"not_picked":["LeisurelyOfLord","BombardNight"],"picked":"ForbiddenFruit+1","floor":38},{"not_picked":["AfternoonTea+1","UnderTheZenith+1","ScarletDevilSign"],"picked":"SKIP","floor":39},{"not_picked":["UnderTheZenith+1","ForecastOfChange"],"picked":"SuperhumanBloodyKnife","floor":40},{"not_picked":["DiffusionOfMisfortune","NightDance","MastersStateliness"],"picked":"SKIP","floor":46},{"not_picked":["UnderTheZenith+1","BadLadyScramble+1"],"picked":"BlasphemousPunishment+1","floor":47},{"not_picked":["BloodAndWine+1","Stigmanizer","DiffusionOfMisfortune"],"picked":"SKIP","floor":48}],"player_experience":307298,"relics_obtained":[{"floor":4.0,"key":"qcfpunch:Red_Gi"},{"floor":4.0,"key":"Bag of Marbles"},{"floor":6.0,"key":"qcfpunch:Broken_Tusk"},{"floor":8.0,"key":"Potion Belt"},{"floor":9.0,"key":"Toxic Egg 2"},{"floor":11.0,"key":"Happy Flower"},{"floor":14.0,"key":"Mummified Hand"},{"floor":24.0,"key":"Oddly Smooth Stone"},{"floor":26.0,"key":"Juzu Bracelet"},{"floor":27.0,"key":"TuHaoJin"},{"floor":28,"key":"Red Mask"},{"floor":29,"key":"PillsDrop"},{"floor":40,"key":"Blood Vial"},{"floor":43,"key":"PunchingBag"},{"floor":47,"key":"reliquary:RoseTintedGlasses"}],"event_choices":[{"damage_healed":0.0,"max_hp_gain":0.0,"max_hp_loss":0.0,"gold_gain":0.0,"event_name":"HidenRoomEvent","player_choice":"Fight","floor":4.0,"gold_loss":0.0,"damage_taken":0.0},{"damage_healed":0.0,"max_hp_gain":0.0,"max_hp_loss":0.0,"gold_gain":0.0,"event_name":"Duplicator","player_choice":"Copied","floor":21.0,"gold_loss":0.0,"damage_taken":0.0,"cards_obtained":["AT_ShrugMaster"]},{"damage_healed":0,"gold_gain":0,"player_choice":"Fought Bandits","damage_taken":0,"max_hp_gain":0,"max_hp_loss":0,"event_name":"Masked Bandits","floor":28,"gold_loss":0},{"damage_healed":0,"gold_gain":0,"player_choice":"Memory 1","damage_taken":0,"max_hp_gain":0,"max_hp_loss":0,"event_name":"SensoryStone","floor":37,"gold_loss":0},{"damage_healed":0,"gold_gain":222,"player_choice":"Wore Mask","damage_taken":0,"max_hp_gain":0,"max_hp_loss":0,"event_name":"Tomb of Lord Red Mask","floor":44,"gold_loss":0}],"is_beta":false,"boss_relics":[{"not_picked":["Runic Dome","Painkiller Herb"],"picked":"SacredBark"},{"not_picked":[]},{"not_picked":["qcfpunch:Killian_Engine_Alpha","qcfpunch:Dark_Gi"],"picked":"reliquary:WritOfMandamus"},{"not_picked":[]}],"items_purged_floors":[19,45],"is_endless":false,"potions_floor_spawned":[3,4,5,13,20,22,25,29,36,39,47],"ascension_level":13}}