{"host":"ecvfachamqf62ewl","time":1614402216,"event":{"mods":["AchievementEnabler","BaseMod","Colored Map","Colored Powertips","Minty Spire (QoL Compilation)","Rare Cards Sparkle","Relic Stats","StSLib","SuperFastMode"],"gold_per_floor":[113,132,142,159,13,13,13,30,30,30,30,30,30,50,50,151,151,161,177,195,215,314,314,343,343,343,343,343,343],"floor_reached":28,"language":"ENG","playtime":850,"items_purged":["Strike_G"],"score":230,"play_id":"b450a598-c488-4aba-a01d-e9a75239909f","local_time":"20210227000336","is_ascension_mode":false,"campfire_choices":[{"data":"Noxious Fumes","floor":6,"key":"SMITH"},{"data":"Cloak And Dagger","floor":10,"key":"SMITH"},{"data":"Neutralize","floor":12,"key":"SMITH"},{"data":"Bouncing Flask","floor":15,"key":"SMITH"},{"floor":23,"key":"REST"},{"floor":25,"key":"REST"}],"circlet_count":0,"master_deck":["Strike_G","Defend_G","Defend_G","Defend_G","Defend_G","Defend_G","Survivor","Neutralize+1","Flying Knee","Cloak And Dagger+1","Quick Slash","Bouncing Flask+1","Noxious Fumes+1","Expertise","Storm of Steel","Terror","Bullet Time","Calculated Gamble+1","Backflip","Leg Sweep","Eviscerate","PiercingWail+1"],"relics":["Empty Cage"],"acts_visited":["Exordium","TheCity"],"potions_floor_usage":[4,16,19,20],"damage_taken":[{"damage":13,"enemies":"Cultist","floor":1,"turns":6},{"damage":2,"enemies":"Small Slimes","floor":2,"turns":5},{"damage":0,"enemies":"Jaw Worm","floor":3,"turns":4},{"damage":10,"enemies":"Exordium Thugs","floor":4,"turns":8},{"damage":0,"enemies":"Exordium Wildlife","floor":8,"turns":3},{"damage":1,"enemies":"2 Fungi Beasts","floor":14,"turns":3},{"damage":6,"enemies":"The Guardian","floor":16,"turns":7},{"damage":14,"enemies":"Spheric Guardian","floor":18,"turns":5},{"damage":13,"enemies":"3 Byrds","floor":19,"turns":4},{"damage":16,"enemies":"Snecko","floor":20,"turns":5},{"damage":9,"enemies":"Snake Plant","floor":21,"turns":5},{"damage":35,"enemies":"Book of Stabbing","floor":24,"turns":8},{"damage":36,"enemies":"3 Cultists","floor":28,"turns":4}],"seed_played":"-5420474753261586460","potions_obtained":[{"floor":2,"key":"SpeedPotion"},{"floor":3,"key":"LiquidMemories"},{"floor":16,"key":"Weak Potion"},{"floor":18,"key":"ColorlessPotion"},{"floor":21,"key":"SteroidPotion"}],"is_trial":false,"path_per_floor":["M","M","M","M","$","R","?","M","T","R","?","R","$","M","R","B",null,"M","M","M","M","?","R","E","R","T","T","M"],"character_chosen":"THE_SILENT","items_purchased":["Noxious Fumes"],"campfire_rested":2,"item_purchase_floors":[5],"current_hp_per_floor":[57,55,55,45,45,45,45,45,45,45,45,45,45,44,44,38,70,56,43,27,18,18,39,4,25,25,25,0,0],"gold":343,"neow_bonus":"BOSS_RELIC","is_daily":false,"chose_seed":false,"campfire_upgraded":4,"win_rate":0.0,"timestamp":1614402216,"path_taken":["M","M","M","M","?","R","?","M","T","R","?","R","$","M","R","BOSS","M","M","M","M","?","R","E","R","T","?","M"],"items_purchased_type":["Card"],"build_version":"2020-12-22","purchased_purges":1,"victory":false,"max_hp_per_floor":[70,70,70,70,70,70,70,70,70,70,70,70,70,70,70,70,70,70,70,70,70,70,70,70,70,70,70,70,70],"relic_stats":{"counters":[13,67],"obtain_stats":[{"Empty Cage":0,"Ring of the Snake":0},{"Empty Cage":0,"Ring of the Snake":0},{"Empty Cage":0,"Ring of the Snake":0}]},"card_choices":[{"not_picked":["Bane","Flechettes"],"picked":"Flying Knee","floor":1},{"not_picked":["Poisoned Stab","Slice"],"picked":"Cloak And Dagger","floor":2},{"not_picked":["Underhanded Strike","Deadly Poison"],"picked":"Quick Slash","floor":3},{"not_picked":["Underhanded Strike","Flying Knee"],"picked":"Bouncing Flask","floor":4},{"not_picked":["Endless Agony","Heel Hook"],"picked":"Expertise","floor":8},{"not_picked":["Choke","Heel Hook"],"picked":"Terror","floor":14},{"not_picked":["Corpse Explosion","Die Die Die"],"picked":"Bullet Time","floor":16},{"not_picked":["Flechettes","Bane"],"picked":"Calculated Gamble+1","floor":18},{"not_picked":["Deadly Poison","Heel Hook"],"picked":"Backflip","floor":19},{"not_picked":["Acrobatics","Deadly Poison"],"picked":"Leg Sweep","floor":20},{"not_picked":["Masterful Stab","Escape Plan"],"picked":"Eviscerate","floor":21},{"not_picked":["Unload","Poisoned Stab+1"],"picked":"PiercingWail+1","floor":24}],"player_experience":463003,"relics_obtained":[],"event_choices":[{"damage_healed":0,"gold_gain":0,"player_choice":"Ignored","damage_taken":0,"max_hp_gain":0,"max_hp_loss":0,"event_name":"Golden Idol","floor":7,"gold_loss":0},{"damage_healed":0,"gold_gain":0,"cards_transformed":["Strike_G"],"player_choice":"Change","damage_taken":0,"max_hp_gain":0,"max_hp_loss":0,"event_name":"Living Wall","floor":11,"gold_loss":0,"cards_obtained":["Storm of Steel"]},{"damage_healed":0,"gold_gain":99,"player_choice":"Stole From Cult","damage_taken":0,"max_hp_gain":0,"max_hp_loss":0,"event_name":"Nest","floor":22,"gold_loss":0}],"is_beta":false,"boss_relics":[{"not_picked":["Calling Bell","Fusion Hammer","Sozu"]}],"items_purged_floors":[5],"is_endless":false,"potions_floor_spawned":[2,3,16,18,21],"killed_by":"3 Cultists","ascension_level":0}}