{"host":"vh33hu3wddwn6yt6","time":1614447860,"event":{"mods":["AchievementEnabler","Act Like it!","Aspiration","BaseMod","Better Altar","Better Match","Better Note","Better Sensory Stone","Better Skull","Better Third Choice","BetterRewards","Bossed Relics","Downfall","Hubris","Infinite Spire","Minty Spire (QoL Compilation)","Permanent Neow","Replay The Spire","Robot Space Explorer","Shop Mod","Spicy Shops","StSLib","SuperFastMode","The Blackbeard","The Marked","The Necromancer","The Runesmith","The Servant 0.9.4","Wandering Minibosses"],"gold_per_floor":[111,186,186,111,122,122,122,122,202,202,231,243,270,288,288,392,392,402,420,420,470,22,48,48,48,48,48,98,113,148,198,198,302,402,419,432,497,547,567,594,613,613,613,457,507,507,557,571,571,673,673,674,674,677,682,687,687,695,695,742,742,389,439,435,489,489,515,515,519,569,573,623,624,629,629,633,705,692,589,596,596,596,596,669,669,664,714,793,426,420,420,420,413,413,398,402,396,387,437,437,500,500,505,555,680,684,690,713,719,719,746,757,807,807,809,828,828,910,910,904,954,957,950,950,950,1058,1058,1058,1075,845,895,945,541,541,610,610,601,607,597,647,643,646,646,651,651,739,739,727,727,725,725,618,618,618,420,426,489],"floor_reached":158,"language":"DEU","playtime":4702,"items_purged":["Injury","infinitespire:SealOfDarkness+","Writhe"],"score":4184,"play_id":"446f43c5-0e39-4797-9806-8e3c93023d19","local_time":"20210227184420","is_ascension_mode":false,"campfire_choices":[{"data":"theMarked:Improvise","floor":6,"key":"SMITH"},{"data":"theMarked:Parkour","floor":8,"key":"SMITH"},{"data":"theMarked:Strike","floor":10,"key":"SMITH"},{"data":"theMarked:Strike","floor":24,"key":"SMITH"},{"floor":27,"key":"RECALL"},{"floor":32,"key":"REST"},{"floor":46,"key":"REST"},{"data":"theMarked:Defend","floor":49,"key":"SMITH"},{"data":"theMarked:Abjuration","floor":57,"key":"SMITH"},{"floor":59,"key":"REST"},{"floor":61,"key":"REST"},{"floor":66,"key":"REST"},{"floor":75,"key":"REST"},{"floor":83,"key":"REST"},{"floor":92,"key":"REST"},{"floor":100,"key":"REST"},{"data":"theMarked:TakeOffHeels","floor":110,"key":"SMITH"},{"data":"theMarked:BiggerThanFate","floor":117,"key":"SMITH"},{"data":"theMarked:BiggerThanFate","floor":125,"key":"SMITH"},{"floor":134,"key":"DIG"},{"floor":147,"key":"DIG"},{"floor":151,"key":"DIG"},{"floor":154,"key":"DIG"}],"circlet_count":0,"master_deck":["theMarked:Strike+1","theMarked:Strike+1","theMarked:Strike+1","theMarked:Strike+1","theMarked:Strike+1","theMarked:Defend+1","theMarked:Defend+1","theMarked:Defend+1","theMarked:SoldierOfQuellstein+1","theMarked:Parkour+1","theMarked:Improvise+1","theMarked:Parkour+1","theMarked:ComboAttacks+1","theMarked:Toughness+1","theMarked:MysticalArsenal+1","theMarked:RogueSparks+1","theMarked:Heritage+1","theMarked:Heritage+1","theMarked:MysticalArsenal+1","CurseOfTheBell","theMarked:RogueSparks+1","theMarked:Abjuration+1","theMarked:MysticalArsenal+1","Juggernaut+1","theMarked:BiggerThanFate+1","theMarked:BiggerThanFate+1","theMarked:TakeOffHeels+1","Sadistic Nature+1","Barricade+1","Enlightenment+1","theMarked:BindingBlade+1","theMarked:MysticalArsenal+1"],"relics":["theMarked:BronzeBlade","Frozen Egg 2","Pear","Runesmith:Locket","aspiration:PoetsPen_weak","SsserpentHead","Ginger","theMarked:Winder","Replay:Towering Pillar of Hats","Singing Bowl","theMarked:SpiritSword","Meat on the Bone","Replay:Wanted Poster","aspiration:TomeofQuesting","infinitespire:CheckeredPen","Unceasing Top","Toy Ornithopter","MerchantsRug","aspiration:IroncladSkillbook","Black Star","aspiration:Lifesprig","Omamori","Runesmith:Nanobots","Happy Flower","Mirror","hubris:TinFlute","Centennial Puzzle","Bag of Marbles","Bag of Preparation","Membership Card","PreservedInsect","Juzu Bracelet","DollysMirror","Guardian:PocketSentry","Letter Opener","Oddly Smooth Stone","hubris:MobiusCoin","MealTicket","Toxic Egg 2","Snack Pack","aspiration:HummingbirdHeart","Art of War","SacredBark","Lizard Tail","White Beast Statue","Boot","Gremlin Horn","Replay:Baseball","hubris:MedicalManual","Potion Belt","hubris:SlimyHat","infinitespire:EmpoweringShard","infinitespire:Golems Mask","Kunai","aspiration:DSix","Philosopher\u0027s Stone","hubris:Towel","Onion Ring","Akabeko","ReplayTheSpireMod:ShopPack","Tiny Chest","CaptainsWheel","infinitespire:BottledMercury","Shovel","StrikeDummy","Mummified Hand","theMarked:Gun","Ornamental Fan","Chemical X","infinitespire:Midas Blood","Sundial"],"acts_visited":[],"potions_floor_usage":[13,16,18,23,29,30,35,40,50,69,74,76,84,88,93,101,101,116,118,146,152,152,152,152,157],"damage_taken":[{"damage":0,"enemies":"2 Louse","floor":1,"turns":2},{"damage":1,"enemies":"Jaw Worm","floor":5,"turns":3},{"damage":13,"enemies":"3 Sentries","floor":11,"turns":7},{"damage":0,"enemies":"Small Slimes","floor":12,"turns":2},{"damage":5,"enemies":"Lagavulin","floor":13,"turns":5},{"damage":0,"enemies":"Exordium Wildlife","floor":14,"turns":2},{"damage":10,"enemies":"Slime Boss","floor":16,"turns":7},{"damage":0,"enemies":"3 Byrds","floor":18,"turns":3},{"damage":0,"enemies":"Spheric Guardian","floor":19,"turns":3},{"damage":31,"enemies":"Nightmare","floor":23,"turns":6},{"damage":0,"enemies":"3 Cultists","floor":29,"turns":3},{"damage":19,"enemies":"Slavers","floor":30,"turns":4},{"damage":27,"enemies":"Automaton","floor":33,"turns":6},{"damage":9,"enemies":"Orb Walker","floor":35,"turns":2},{"damage":0,"enemies":"3 Shapes","floor":36,"turns":4},{"damage":9,"enemies":"Maw","floor":37,"turns":5},{"damage":17,"enemies":"4 Shapes","floor":39,"turns":5},{"damage":14,"enemies":"Giant Head","floor":40,"turns":6},{"damage":11,"enemies":"3 Darklings","floor":41,"turns":4},{"damage":0,"enemies":"Writhing Mass","floor":48,"turns":1},{"damage":48,"enemies":"hubris:GrandSnecko","floor":50,"turns":7},{"damage":17,"enemies":"Small Slimes","floor":52,"turns":3},{"damage":0,"enemies":"Cultist","floor":54,"turns":2},{"damage":22,"enemies":"Jaw Worm","floor":55,"turns":2},{"damage":10,"enemies":"Looter","floor":56,"turns":2},{"damage":0,"enemies":"Lagavulin","floor":58,"turns":5},{"damage":0,"enemies":"Gremlin Gang","floor":64,"turns":3},{"damage":28,"enemies":"2 Fungi Beasts","floor":65,"turns":3},{"damage":0,"enemies":"Fading Forest","floor":67,"turns":9},{"damage":28,"enemies":"3 Byrds","floor":69,"turns":4},{"damage":40,"enemies":"Shell Parasite","floor":71,"turns":3},{"damage":31,"enemies":"Snecko","floor":73,"turns":4},{"damage":0,"enemies":"Replay:Snechameleon","floor":74,"turns":3},{"damage":38,"enemies":"Centurion and Healer","floor":76,"turns":4},{"damage":14,"enemies":"3 Cultists","floor":78,"turns":3},{"damage":16,"enemies":"Snake Plant","floor":80,"turns":3},{"damage":13,"enemies":"Sentry and Sphere","floor":82,"turns":3},{"damage":42,"enemies":"hubris:MusketHawk","floor":84,"turns":4},{"damage":0,"enemies":"3 Darklings","floor":86,"turns":3},{"damage":56,"enemies":"2 Orb Walkers","floor":88,"turns":3},{"damage":17,"enemies":"3 Shapes","floor":90,"turns":3},{"damage":49,"enemies":"R_Hoarder","floor":91,"turns":4},{"damage":0,"enemies":"Sphere and 2 Shapes","floor":93,"turns":4},{"damage":39,"enemies":"Transient","floor":95,"turns":5},{"damage":27,"enemies":"Giant Head","floor":96,"turns":4},{"damage":48,"enemies":"Writhing Mass","floor":97,"turns":4},{"damage":12,"enemies":"3 Darklings","floor":98,"turns":3},{"damage":55,"enemies":"Time Eater","floor":101,"turns":7},{"damage":0,"enemies":"Cultist","floor":103,"turns":1},{"damage":0,"enemies":"Small Slimes","floor":106,"turns":2},{"damage":0,"enemies":"Jaw Worm","floor":107,"turns":1},{"damage":0,"enemies":"Lagavulin","floor":108,"turns":2},{"damage":0,"enemies":"2 Fungi Beasts","floor":109,"turns":2},{"damage":0,"enemies":"Looter","floor":112,"turns":1},{"damage":0,"enemies":"3 Louse","floor":115,"turns":1},{"damage":24,"enemies":"3 Sentries","floor":116,"turns":2},{"damage":71,"enemies":"Hexaghost","floor":118,"turns":4},{"damage":6,"enemies":"3 Byrds","floor":120,"turns":3},{"damage":0,"enemies":"Shell Parasite","floor":122,"turns":2},{"damage":0,"enemies":"Sentry and Sphere","floor":123,"turns":3},{"damage":0,"enemies":"Gremlin Leader","floor":126,"turns":4},{"damage":0,"enemies":"Slavers","floor":129,"turns":2},{"damage":27,"enemies":"Champ","floor":135,"turns":5},{"damage":0,"enemies":"3 Darklings","floor":137,"turns":2},{"damage":3,"enemies":"3 Shapes","floor":138,"turns":1},{"damage":8,"enemies":"Maw","floor":139,"turns":3},{"damage":5,"enemies":"4 Shapes","floor":141,"turns":2},{"damage":30,"enemies":"Reptomancer","floor":142,"turns":3},{"damage":0,"enemies":"R_Hoarder","floor":144,"turns":3},{"damage":23,"enemies":"2 Orb Walkers","floor":146,"turns":3},{"damage":20,"enemies":"Sphere and 2 Shapes","floor":148,"turns":3},{"damage":0,"enemies":"Jaw Worm Horde","floor":150,"turns":2},{"damage":147,"enemies":"infinitespire:LordOfFortification","floor":152,"turns":22},{"damage":0,"enemies":"Shield and Spear","floor":156,"turns":3},{"damage":186,"enemies":"The Heart","floor":157,"turns":8}],"seed_played":"7478606764036632888","potions_obtained":[{"floor":11,"key":"DistilledChaos"},{"floor":12,"key":"champ:CounterPotion"},{"floor":13,"key":"Fire Potion"},{"floor":16,"key":"DistilledChaos"},{"floor":19,"key":"Languid Potion"},{"floor":23,"key":"Adrenaline Potion"},{"floor":30,"key":"SneckoOil"},{"floor":39,"key":"Strength Potion"},{"floor":40,"key":"champ:CounterPotion"},{"floor":52,"key":"SpeedPotion"},{"floor":65,"key":"Toxic Potion"},{"floor":73,"key":"Flashbang"},{"floor":74,"key":"GamblersBrew"},{"floor":78,"key":"theMarked:ChargePotion"},{"floor":80,"key":"theMarked:ChargePotion"},{"floor":88,"key":"Energy Potion"},{"floor":90,"key":"Weak Potion"},{"floor":96,"key":"SteroidPotion"},{"floor":97,"key":"DuplicationPotion"},{"floor":101,"key":"Weak Potion"},{"floor":109,"key":"champ:CounterPotion"},{"floor":115,"key":"Fruit Juice"},{"floor":118,"key":"Elixir"},{"floor":123,"key":"Toxic Potion"},{"floor":132,"key":"Adrenaline Potion"},{"floor":132,"key":"EssenceOfSteel"},{"floor":139,"key":"ColorlessPotion"},{"floor":146,"key":"Guardian:BlockOnCardUsePotion"},{"floor":150,"key":"CultistPotion"},{"floor":152,"key":"sneckomod:MuddlingPotion"},{"floor":156,"key":"CultistPotion"},{"floor":157,"key":"Explosive Potion"}],"is_trial":false,"path_per_floor":["M","?","?","$","M","R","?","R","T","R","E","M","E","M","R","B",null,"M","M","?","?","$","NM","R","AVR","T","R","$","M","E","?","R","B",null,"M","M","M","?","M","E","M","AVR","T","$","?","R","?","M","R","B",null,"M","AVR","M","M","M","R","E","R","T","R","$","?","M","M","R","B",null,"M","?","M","?","M","E","R","M","T","M","$","M","AVR","M","R","B",null,"M","?","?","$","M","E","R","M","T","M","E","M","M","?","R","B",null,"M","?","?","M","M","E","M","R","T","M","?","AVR","M","E","R","B",null,"M","?","M","M","AVR","R","E","R","T","E","$","?","?","$","R","B",null,"M","M","M","?","M","E","AVR","E","T","?","R","M","$","M","R","B",null,"R","$","E","B",null],"character_chosen":"THE_DEFAULT","items_purchased":["Ginger","theMarked:Winder","Replay:Towering Pillar of Hats","MerchantsRug","theMarked:RogueSparks+1","Runesmith:Nanobots","Happy Flower","Centennial Puzzle","Bag of Marbles","Membership Card","PreservedInsect","Juzu Bracelet","DollysMirror","Sadistic Nature+1","Potion Belt","hubris:SlimyHat","infinitespire:EmpoweringShard","infinitespire:Golems Mask","Kunai","Ornamental Fan","theMarked:MysticalArsenal+1","Chemical X"],"campfire_rested":9,"item_purchase_floors":[22,22,22,44,44,62,62,79,79,89,89,89,89,130,130,130,133,133,133,155,155,155],"current_hp_per_floor":[79,68,68,68,67,67,67,67,77,77,64,64,59,59,85,75,89,89,89,89,89,89,58,58,58,58,58,58,60,43,43,70,57,95,86,86,79,97,82,68,59,59,59,59,62,93,97,99,99,56,110,99,99,105,89,85,85,89,118,118,118,118,118,120,98,122,124,124,102,102,80,80,67,78,117,90,90,82,82,84,84,77,119,86,140,142,142,92,92,81,54,98,109,109,88,79,49,55,55,102,73,158,160,160,149,155,161,166,168,168,168,170,170,170,172,161,161,105,181,183,183,185,187,187,187,189,189,189,191,191,191,191,191,191,176,193,195,197,195,195,198,175,179,191,191,181,181,171,186,196,196,119,213,213,213,215,61],"gold":489,"neow_bonus":"TEN_PERCENT_HP_BONUS","is_daily":false,"chose_seed":false,"campfire_upgraded":9,"win_rate":0.0,"timestamp":1614447860,"path_taken":["M","?","?","$","M","R","?","R","T","R","E","M","E","M","R","BOSS","M","M","?","?","$","NM","R","AVR","T","R","?","M","E","?","R","BOSS","M","M","?","?","M","E","M","AVR","T","$","?","R","?","M","R","BOSS","M","AVR","M","M","M","R","E","R","T","R","$","?","M","?","R","BOSS","M","?","M","?","M","E","R","M","T","M","$","M","AVR","M","R","BOSS","M","?","?","$","M","E","R","M","T","M","E","M","M","?","R","BOSS","M","?","?","M","M","E","M","R","T","M","?","AVR","M","E","R","BOSS","M","?","M","M","AVR","R","E","R","T","E","$","?","?","$","R","BOSS","M","M","M","?","M","E","AVR","E","T","?","R","M","$","M","R","BOSS","R","$","E","BOSS"],"items_purchased_type":["Relic","Relic","Relic","Relic","Card","Relic","Relic","Relic","Relic","Relic","Relic","Relic","Relic","Card","Relic","Relic","Relic","Relic","Relic","Relic","Card","Relic"],"build_version":"2020-12-22","purchased_purges":3,"victory":true,"max_hp_per_floor":[79,79,79,79,79,79,79,79,89,89,89,89,89,89,89,89,89,89,89,89,89,89,89,89,89,89,89,89,91,93,93,93,95,95,95,95,97,97,99,99,101,101,101,101,104,104,108,110,110,110,110,112,112,114,116,118,118,118,118,118,118,118,118,120,122,122,124,124,126,126,128,128,130,132,132,134,134,136,136,138,138,140,140,140,140,142,142,144,144,146,148,148,150,150,152,154,156,158,158,158,158,158,160,160,160,162,164,166,168,168,168,170,170,170,172,179,179,181,181,183,183,185,187,187,187,189,189,189,191,191,191,191,191,191,193,193,195,197,197,197,199,201,205,207,207,209,209,211,211,213,213,213,213,213,213,215,217],"card_choices":[{"not_picked":["theMarked:Improvise","theMarked:ChannelForce"],"picked":"theMarked:Parkour","floor":1},{"not_picked":["theMarked:TakeCover","theMarked:Memento"],"picked":"theMarked:Improvise","floor":5},{"not_picked":["theMarked:Overcharge","theMarked:Indomitable"],"picked":"theMarked:Parkour","floor":11},{"not_picked":["theMarked:EmpowerWeapon","theMarked:Frustration","theMarked:Aftermath"],"picked":"SKIP","floor":12},{"not_picked":["theMarked:SelfDefenseTraining","theMarked:UnarmedFury","theMarked:HeightenedSenses"],"picked":"SKIP","floor":13},{"not_picked":["theMarked:Parkour","theMarked:TakeCover"],"picked":"theMarked:ComboAttacks+1","floor":14},{"not_picked":["theMarked:MagusForm+1","theMarked:Snap"],"picked":"theMarked:Toughness+1","floor":16},{"not_picked":["theMarked:TakeCover","theMarked:Standoff+1","theMarked:RepellingDischarge"],"picked":"SKIP","floor":18},{"not_picked":["theMarked:MuscleMemory+1","theMarked:TwofoldDefense+1"],"picked":"theMarked:MysticalArsenal+1","floor":19},{"not_picked":["theMarked:OneWithTheBlade","theMarked:WardOff"],"picked":"theMarked:RogueSparks+1","floor":23},{"not_picked":["theMarked:ChannelForce","theMarked:ElectricStrings","theMarked:Parkour"],"picked":"Singing Bowl","floor":29},{"not_picked":["theMarked:Determination+1","theMarked:Convert","theMarked:Frustration"],"picked":"Singing Bowl","floor":30},{"not_picked":["theMarked:Levitate","theMarked:MagusForm+1","theMarked:EternalStudent"],"picked":"Singing Bowl","floor":33},{"not_picked":["theMarked:EmpowerWeapon","theMarked:Aftermath+1"],"picked":"theMarked:Heritage+1","floor":35},{"not_picked":["theMarked:SwordAndMagic","theMarked:ParalyzingBlade"],"picked":"theMarked:Heritage+1","floor":36},{"not_picked":["theMarked:Panic+1","theMarked:WastefulAttack+1","theMarked:RepellingDischarge"],"picked":"Singing Bowl","floor":37},{"not_picked":["theMarked:Memento+1","theMarked:Panic","theMarked:Seal"],"picked":"Singing Bowl","floor":39},{"not_picked":["theMarked:Maelstrom","theMarked:Generate+1"],"picked":"theMarked:MysticalArsenal+1","floor":40},{"not_picked":["theMarked:Frustration","theMarked:Overcharge","theMarked:WardOff"],"picked":"Singing Bowl","floor":41},{"not_picked":["Transmutation","Good Instincts","Blind"],"picked":"Singing Bowl","floor":47},{"not_picked":["Forethought","ReplayTheSpireMod:Necrogeddon","PanicButton"],"picked":"Singing Bowl","floor":47},{"not_picked":["theMarked:HeightenedSenses+1","theMarked:ChainLightning","theMarked:ElectricStrings+1"],"picked":"Singing Bowl","floor":48},{"not_picked":["theMarked:Toughness+1","theMarked:UnarmedFury"],"picked":"theMarked:Abjuration","floor":50},{"not_picked":["theMarked:ResourceFulStrike","Perfected Strike","theMarked:WardOff","Shrug It Off"],"picked":"Singing Bowl","floor":52},{"not_picked":["Pommel Strike","theMarked:Parkour","theMarked:Improvise","Headbutt"],"picked":"Singing Bowl","floor":54},{"not_picked":["theMarked:BanishingStrike","theMarked:Overthink","Clothesline","theMarked:Determination+1"],"picked":"Singing Bowl","floor":55},{"not_picked":["hubris:StunningStrike","theMarked:Improvise","theMarked:WastefulAttack","theMarked:Determination+1"],"picked":"Singing Bowl","floor":56},{"not_picked":["theMarked:ComboAttacks+1","theMarked:GodGivenPower+1","ReplayTheSpireMod:Limb From Limb"],"picked":"theMarked:MysticalArsenal+1","floor":58},{"not_picked":["theMarked:BanishingStrike","theMarked:TunnelVision","theMarked:TwofoldDefense","Sword Boomerang"],"picked":"Singing Bowl","floor":64},{"not_picked":["theMarked:KeepCalmAndFight","Thunderclap","Second Wind","Warcry"],"picked":"Singing Bowl","floor":65},{"not_picked":["ReplayTheSpireMod:Haul","infinitespire:FutureSight","infinitespire:FinalStrike"],"picked":"Singing Bowl","floor":67},{"not_picked":["Corruption+1","Immolate","Berserk+1"],"picked":"Juggernaut+1","floor":67},{"not_picked":["Cleave","Havoc+1","Evolve+1","theMarked:ChainLightning"],"picked":"Singing Bowl","floor":69},{"not_picked":["Infernal Blade+1","Dark Embrace+1","Clash","theMarked:TwofoldDefense"],"picked":"Singing Bowl","floor":71},{"not_picked":["True Grit","Armaments+1","Perfected Strike","Twin Strike"],"picked":"Singing Bowl","floor":73},{"not_picked":["theMarked:Indomitable+1","theMarked:Memento","Offering","theMarked:PowerFlow"],"picked":"Singing Bowl","floor":74},{"not_picked":["Havoc","theMarked:Panic+1","Sword Boomerang","theMarked:PowerFlow"],"picked":"Singing Bowl","floor":76},{"not_picked":["Second Wind","Clothesline+1","theMarked:Overthink+1","theMarked:KeepCalmAndFight+1"],"picked":"Singing Bowl","floor":78},{"not_picked":["Feel No Pain+1","Flame Barrier+1","Thunderclap","Iron Wave"],"picked":"Singing Bowl","floor":80},{"not_picked":["True Grit+1","Ghostly Armor","theMarked:FavorableWinds","theMarked:TakeCover"],"picked":"Singing Bowl","floor":82},{"not_picked":["Brutality+1","theMarked:BindingBlade","Corruption+1"],"picked":"theMarked:BiggerThanFate","floor":84},{"not_picked":["theMarked:BanishingStrike","Fire Breathing+1","Replay:Undeath\u0027s Touch+1","Pommel Strike+1"],"picked":"Singing Bowl","floor":86},{"not_picked":["Clothesline","Rupture+1","True Grit+1","Massacre"],"picked":"Singing Bowl","floor":88},{"not_picked":["theMarked:BanishingWave+1","theMarked:WardOff+1","Anger","theMarked:ChainLightning+1"],"picked":"Singing Bowl","floor":90},{"not_picked":["True Grit","Metallicize+1","Bloodletting+1","theMarked:ElectricStrings"],"picked":"Singing Bowl","floor":91},{"not_picked":["theMarked:Panic","theMarked:Memento","Carnage","Havoc"],"picked":"Singing Bowl","floor":93},{"not_picked":["Heavy Blade+1","Replay:Undeath\u0027s Touch+1","Twin Strike+1","theMarked:Indomitable"],"picked":"Singing Bowl","floor":95},{"not_picked":["ReplayTheSpireMod:Strike From Hell","theMarked:WastefulAttack+1","Run Through","theMarked:TheMission+1"],"picked":"Singing Bowl","floor":96},{"not_picked":["theMarked:Parkour+1","theMarked:SelfDefenseTraining+1","Body Slam+1","theMarked:WastefulAttack"],"picked":"Singing Bowl","floor":97},{"not_picked":["theMarked:ChainLightning+1","theMarked:CreepingChasm","Twin Strike+1","theMarked:Snap"],"picked":"Singing Bowl","floor":98},{"not_picked":["theMarked:Levitate","theMarked:UnarmedFury","theMarked:ThrowWeapon"],"picked":"theMarked:TakeOffHeels","floor":101},{"not_picked":["Pummel","Seeing Red","Intimidate","Shrug It Off"],"picked":"Singing Bowl","floor":103},{"not_picked":["hubris:SharpeningStone","Clothesline","Shrug It Off","theMarked:RepellingDischarge"],"picked":"Singing Bowl","floor":106},{"not_picked":["Combust+1","hubris:ReadiedAction","Sentinel","Replay:Undeath\u0027s Touch"],"picked":"Singing Bowl","floor":107},{"not_picked":["theMarked:Toughness+1","theMarked:KeepCalmAndFight","Exhume","Anger"],"picked":"Singing Bowl","floor":108},{"not_picked":["Headbutt","Second Wind","theMarked:Convert","theMarked:OneWithTheBlade"],"picked":"Singing Bowl","floor":109},{"not_picked":["theMarked:HeightenedSenses","Run Through","Battle Trance","Iron Wave"],"picked":"Singing Bowl","floor":112},{"not_picked":["theMarked:Improvise+1","Wild Strike","Dropkick","theMarked:BanishingStrike"],"picked":"Singing Bowl","floor":115},{"not_picked":["theMarked:Parkour","Rampage","Massacre","Headbutt"],"picked":"Singing Bowl","floor":116},{"not_picked":["Feed","theMarked:MagusForm+1","Brutality+1","Eclipse+1"],"picked":"Singing Bowl","floor":118},{"not_picked":["theMarked:RepellingDischarge+1","theMarked:Electrify+1","Run Through","Metallicize+1"],"picked":"Singing Bowl","floor":120},{"not_picked":["Infernal Blade+1","Shrug It Off+1","theMarked:Parkour","Anger"],"picked":"Singing Bowl","floor":122},{"not_picked":["Anger","ReplayTheSpireMod:Stacked+1","theMarked:SwordAndMagic","Thunderclap+1"],"picked":"Singing Bowl","floor":123},{"not_picked":["Iron Wave","theMarked:Memento+1","Pommel Strike","Twin Strike"],"picked":"Singing Bowl","floor":126},{"not_picked":["Cleave","Anger","Spot Weakness+1","Corruption+1"],"picked":"Singing Bowl","floor":129},{"not_picked":["Feed","hubris:StunningStrike","Exhume+1","theMarked:Snap"],"picked":"Singing Bowl","floor":135},{"not_picked":["Replay:Undeath\u0027s Touch","Spot Weakness+1","Clash+1","theMarked:BanishingStrike+1"],"picked":"Singing Bowl","floor":137},{"not_picked":["theMarked:Maelstrom+1","theMarked:SwordAndMagic+1","Rage+1","Anger+1"],"picked":"Singing Bowl","floor":138},{"not_picked":["theMarked:EmpowerWeapon+1","theMarked:PowerFlow+1","theMarked:EnhanceMovement+1"],"picked":"Barricade+1","floor":139},{"not_picked":["theMarked:WardOff+1","hubris:ReadiedAction+1","Heavy Blade","Offering+1"],"picked":"Singing Bowl","floor":141},{"not_picked":["theMarked:Electrify+1","Spot Weakness+1","theMarked:WastefulAttack+1","theMarked:Pokerface+1"],"picked":"Singing Bowl","floor":142},{"not_picked":["Violence","ReplayTheSpireMod:Necrogeddon","hubris:EnhanceAbility","Magnetism"],"picked":"Singing Bowl","floor":143},{"not_picked":["ReplayTheSpireMod:Uncanny Aura","Mind Blast","ReplayTheSpireMod:Trickstab"],"picked":"Enlightenment","floor":143},{"not_picked":["Secret Technique","ReplayTheSpireMod:Trickstab","hubris:Ssssneak","Dark Shackles"],"picked":"Singing Bowl","floor":143},{"not_picked":["Armaments+1","Wild Strike","theMarked:Overthink+1","Havoc+1"],"picked":"Singing Bowl","floor":144},{"not_picked":["Warcry+1","Fire Breathing+1","Clash","theMarked:BanishingStrike"],"picked":"Singing Bowl","floor":146},{"not_picked":["theMarked:EmpowerWeapon+1","hubris:SharpeningStone+1","Power Through+1","theMarked:TwofoldDefense+1"],"picked":"Singing Bowl","floor":148},{"not_picked":["Whirlwind+1","theMarked:RepellingDischarge+1","theMarked:Aftermath+1","theMarked:Indomitable+1"],"picked":"Singing Bowl","floor":150},{"not_picked":["Hemogenesis","Demon Form+1","Eclipse+1"],"picked":"theMarked:BindingBlade+1","floor":152},{"not_picked":["True Grit+1","Disarm+1","Armaments+1","theMarked:ShockingTouch+1"],"picked":"Singing Bowl","floor":156},{"not_picked":["Demonic Infusion+1","Berserk+1","Double Tap+1","theMarked:TakeOffHeels+1"],"picked":"Singing Bowl","floor":157}],"player_experience":645242,"relics_obtained":[{"floor":9,"key":"Pear"},{"floor":11,"key":"War Paint"},{"floor":13,"key":"Runesmith:Locket"},{"floor":23,"key":"Singing Bowl"},{"floor":30,"key":"Meat on the Bone"},{"floor":40,"key":"aspiration:TomeofQuesting"},{"floor":42,"key":"infinitespire:CheckeredPen"},{"floor":42,"key":"Unceasing Top"},{"floor":42,"key":"Pet Ghost"},{"floor":43,"key":"Toy Ornithopter"},{"floor":58,"key":"aspiration:Lifesprig"},{"floor":60,"key":"Omamori"},{"floor":74,"key":"Mirror"},{"floor":74,"key":"Pocketwatch"},{"floor":77,"key":"hubris:TinFlute"},{"floor":91,"key":"Guardian:PocketSentry"},{"floor":94,"key":"Letter Opener"},{"floor":96,"key":"Oddly Smooth Stone"},{"floor":108,"key":"hubris:MobiusCoin"},{"floor":108,"key":"MealTicket"},{"floor":113,"key":"Toxic Egg 2"},{"floor":116,"key":"aspiration:HummingbirdHeart"},{"floor":116,"key":"Art of War"},{"floor":126,"key":"White Beast Statue"},{"floor":126,"key":"Boot"},{"floor":128,"key":"Gremlin Horn"},{"floor":129,"key":"Replay:Baseball"},{"floor":129,"key":"hubris:MedicalManual"},{"floor":134,"key":"aspiration:DSix"},{"floor":142,"key":"Onion Ring"},{"floor":142,"key":"Akabeko"},{"floor":144,"key":"Tiny Chest"},{"floor":144,"key":"CaptainsWheel"},{"floor":145,"key":"infinitespire:BottledMercury"},{"floor":146,"key":"Shovel"},{"floor":147,"key":"StrikeDummy"},{"floor":151,"key":"Mummified Hand"},{"floor":154,"key":"theMarked:Gun"},{"floor":156,"key":"infinitespire:Midas Blood"},{"floor":156,"key":"Sundial"}],"event_choices":[{"damage_healed":0,"gold_gain":75,"player_choice":"Gold","damage_taken":11,"max_hp_gain":0,"max_hp_loss":0,"event_name":"betterThird:BetterGoop","floor":2,"gold_loss":0},{"damage_healed":0,"gold_gain":0,"player_choice":"Grow","damage_taken":0,"max_hp_gain":0,"max_hp_loss":0,"event_name":"Living Wall","floor":7,"gold_loss":0,"cards_upgraded":["theMarked:SoldierOfQuellstein"]},{"damage_healed":0,"gold_gain":0,"player_choice":"Trade","damage_taken":0,"relics_obtained":["SsserpentHead"],"max_hp_gain":0,"max_hp_loss":0,"event_name":"FaceTrader","floor":20,"gold_loss":0},{"damage_healed":0,"gold_gain":0,"player_choice":"Upgraded","damage_taken":0,"max_hp_gain":0,"max_hp_loss":0,"event_name":"Upgrade Shrine","floor":21,"gold_loss":0,"cards_upgraded":["theMarked:Strike"]},{"cards_removed":["theMarked:Defend"],"damage_healed":0,"gold_gain":0,"player_choice":"Purged","damage_taken":0,"max_hp_gain":0,"max_hp_loss":0,"event_name":"Purifier","floor":31,"gold_loss":0},{"damage_healed":24,"gold_gain":0,"player_choice":"Writhe","damage_taken":0,"max_hp_gain":0,"max_hp_loss":0,"event_name":"Winding Halls","floor":38,"gold_loss":0,"cards_obtained":["Writhe"]},{"damage_healed":0,"gold_gain":3,"player_choice":"1","damage_taken":0,"max_hp_gain":0,"max_hp_loss":0,"event_name":"betterStone:BetterStone","floor":47,"gold_loss":0},{"damage_healed":0,"gold_gain":0,"player_choice":"Ignored","damage_taken":0,"max_hp_gain":0,"max_hp_loss":0,"event_name":"Upgrade Shrine","floor":63,"gold_loss":0},{"damage_healed":0,"gold_gain":0,"player_choice":"Ignored","damage_taken":0,"max_hp_gain":0,"max_hp_loss":0,"event_name":"Beggar","floor":72,"gold_loss":0},{"damage_healed":0,"gold_gain":0,"player_choice":"Fight","damage_taken":0,"max_hp_gain":0,"max_hp_loss":0,"event_name":"Mysterious Sphere","floor":88,"gold_loss":0},{"damage_healed":0,"gold_gain":0,"player_choice":"Bought 0 Potions","damage_taken":0,"max_hp_gain":0,"max_hp_loss":0,"event_name":"The Woman in Blue","floor":99,"gold_loss":0},{"damage_healed":0,"gold_gain":75,"player_choice":"Gold","damage_taken":11,"max_hp_gain":1,"max_hp_loss":0,"event_name":"betterThird:BetterGoop","floor":105,"gold_loss":0},{"damage_healed":0,"gold_gain":0,"player_choice":"Ignored","damage_taken":0,"max_hp_gain":0,"max_hp_loss":0,"event_name":"N\u0027loth","floor":121,"gold_loss":0},{"damage_healed":0,"gold_gain":0,"player_choice":"Ignored","damage_taken":0,"max_hp_gain":0,"max_hp_loss":0,"event_name":"Vampires","floor":131,"gold_loss":0},{"damage_healed":0,"gold_gain":0,"player_choice":"Got Potions","damage_taken":0,"max_hp_gain":0,"max_hp_loss":0,"event_name":"Lab","floor":132,"gold_loss":0},{"damage_healed":0,"gold_gain":0,"player_choice":"Fight","damage_taken":0,"max_hp_gain":0,"max_hp_loss":0,"event_name":"Mysterious Sphere","floor":146,"gold_loss":0}],"is_beta":false,"boss_relics":[{"not_picked":["hubris:GrandSneckoEye","Velvet Choker"],"picked":"aspiration:PoetsPen_weak"},{"not_picked":["aspiration:DefectSkillbook","Empty Cage"],"picked":"Replay:Wanted Poster"},{"not_picked":["aspiration:RunicSpoon","Ring of Chaos"],"picked":"aspiration:IroncladSkillbook"},{"not_picked":["Velvet Choker","ReplayTheSpireMod:SealedPack","Snecko Eye"]},{"not_picked":["infinitespire:Cupcake","Busted Crown"],"picked":"theMarked:BronzeBlade"},{"not_picked":["Pandora\u0027s Box","Runic Dome","hubris:GrandSneckoEye"]},{"not_picked":["Runic Dome","Replay:Drink Me"],"picked":"SacredBark"},{"not_picked":["Honey Jar","Fusion Hammer"],"picked":"Philosopher\u0027s Stone"},{"not_picked":["aspiration:RunicSpoon","hubris:GrandSneckoEye","Pandora\u0027s Box"]}],"items_purged_floors":[4,53,62],"is_endless":true,"potions_floor_spawned":[11,12,13,16,19,23,30,39,40,52,58,65,73,74,78,80,88,90,96,97,101,109,112,115,118,123,129,135,137,138,139,141,142,144,146,148,150,152,156,157],"ascension_level":0}}