{"host":"0fd22hpf43j6tvvm","time":1614449192,"event":{"mods":["AchievementEnabler","BaseMod","Colored Map","Minty Spire (QoL Compilation)","Relic Stats"],"gold_per_floor":[114,130,130,130,149,176,176,202,270,2,2,12,347,422,422,499,499,519,519,519,533,448,448,468,468,468],"floor_reached":25,"language":"ENG","playtime":1408,"items_purged":["Regret"],"score":476,"play_id":"258deb33-eb70-4c67-a89c-d5a5e90eb4ac","local_time":"20210227130632","is_ascension_mode":true,"campfire_choices":[{"floor":7.0,"key":"REST"},{"data":"BowlingBash","floor":15.0,"key":"SMITH"},{"floor":23.0,"key":"REST"}],"circlet_count":0,"master_deck":["AscendersBane","Strike_P","Strike_P","Strike_P","Defend_P","Defend_P","Defend_P","Defend_P","Eruption","Vigilance","Protect","Consecrate","EmptyBody","FollowUp","Evaluate","ThirdEye","BowlingBash+1","FearNoEvil","DevaForm+1","EmptyFist"],"relics":["Runic Pyramid","Calipers","Smiling Mask","Omamori","InkBottle","Lee\u0027s Waffle","Sundial","Old Coin","Sozu","Pear"],"acts_visited":["Exordium","TheCity"],"potions_floor_usage":[],"damage_taken":[{"damage":8.0,"enemies":"2 Louse","floor":1.0,"turns":2.0},{"damage":5.0,"enemies":"Small Slimes","floor":2.0,"turns":3.0},{"damage":6.0,"enemies":"Jaw Worm","floor":5.0,"turns":3.0},{"damage":31.0,"enemies":"3 Sentries","floor":6.0,"turns":10.0},{"damage":13.0,"enemies":"Lagavulin","floor":8.0,"turns":7.0},{"damage":3.0,"enemies":"Red Slaver","floor":12.0,"turns":4.0},{"damage":0.0,"enemies":"3 Sentries","floor":13.0,"turns":7.0},{"damage":46.0,"enemies":"Hexaghost","floor":16.0,"turns":10.0},{"damage":27.0,"enemies":"2 Thieves","floor":18.0,"turns":4.0},{"damage":8.0,"enemies":"Spheric Guardian","floor":21.0,"turns":5.0},{"damage":13.0,"enemies":"Centurion and Healer","floor":24.0,"turns":6.0},{"damage":31,"enemies":"Book of Stabbing","floor":25,"turns":5}],"seed_played":"-1139041946116697676","potions_obtained":[{"floor":8.0,"key":"SneckoOil"},{"floor":16.0,"key":"Ancient Potion"}],"is_trial":false,"path_per_floor":["M","M","?","?","M","E","R","E","T","$","T","M","E","?","R","B",null,"M","?","?","M","?","R","M","E"],"character_chosen":"WATCHER","items_purchased":["ThirdEye","Lee\u0027s Waffle"],"campfire_rested":2,"item_purchase_floors":[10,10],"current_hp_per_floor":[53,48,41,41,35,4,24,11,11,75,75,72,72,61,61,15,60,33,12,12,4,14,41,28,0,0],"gold":468,"neow_bonus":"BOSS_RELIC","is_daily":false,"chose_seed":false,"campfire_upgraded":1,"win_rate":0.0,"timestamp":1614449192,"path_taken":["M","M","?","?","?","E","R","E","T","$","?","M","E","?","R","BOSS","M","?","?","?","?","R","M","E"],"items_purchased_type":["Card","Relic"],"build_version":"2020-12-22","purchased_purges":1,"victory":false,"max_hp_per_floor":[68,68,68,68,68,68,68,68,68,75,75,75,75,75,75,75,75,75,80,80,80,90,90,90,90,90],"relic_stats":{"Sozu":2,"Lee\u0027s Waffle":64,"counters":[12,66],"Sundial":[6],"Smiling Mask":25,"obtain_stats":[{"Sozu":17,"Lee\u0027s Waffle":10,"Calipers":4,"Pear":22,"Sundial":11,"Omamori":8,"PureWater":0,"Smiling Mask":6,"InkBottle":9,"Runic Pyramid":0,"Old Coin":13},{"Sozu":8,"Lee\u0027s Waffle":5,"Calipers":2,"Pear":10,"Sundial":5,"Omamori":5,"PureWater":0,"Smiling Mask":4,"InkBottle":5,"Runic Pyramid":0,"Old Coin":7},{"Sozu":46,"Lee\u0027s Waffle":25,"Calipers":5,"Pear":55,"Sundial":25,"Omamori":25,"PureWater":0,"Smiling Mask":18,"InkBottle":25,"Runic Pyramid":0,"Old Coin":36}],"InkBottle":[16]},"card_choices":[{"not_picked":["JustLucky","Crescendo"],"picked":"Protect","floor":1.0},{"not_picked":["Conclude","ConjureBlade"],"picked":"Consecrate","floor":2.0},{"not_picked":["Prostrate","ClearTheMind"],"picked":"EmptyBody","floor":5.0},{"not_picked":["JustLucky","Protect"],"picked":"FollowUp","floor":6.0},{"not_picked":["FollowUp","Prostrate"],"picked":"Evaluate","floor":8.0},{"not_picked":["FlurryOfBlows","Halt"],"picked":"BowlingBash","floor":12.0},{"not_picked":["Adaptation","Consecrate"],"picked":"FearNoEvil","floor":13.0},{"not_picked":["Devotion","LessonLearned"],"picked":"DevaForm","floor":16.0},{"not_picked":["BowlingBash","Crescendo","ClearTheMind"],"picked":"SKIP","floor":18.0},{"not_picked":["SignatureMove","JustLucky"],"picked":"EmptyFist","floor":21.0},{"not_picked":["Halt","BowlingBash","EmptyBody"],"picked":"SKIP","floor":24.0}],"player_experience":600347,"relics_obtained":[{"floor":6.0,"key":"Smiling Mask"},{"floor":8.0,"key":"Omamori"},{"floor":9.0,"key":"InkBottle"},{"floor":11.0,"key":"Sundial"},{"floor":13.0,"key":"Old Coin"}],"event_choices":[{"cards_removed":["Strike_P"],"damage_healed":0.0,"max_hp_gain":0.0,"max_hp_loss":0.0,"gold_gain":0.0,"event_name":"Golden Wing","player_choice":"Card Removal","floor":3.0,"gold_loss":0.0,"damage_taken":7.0},{"damage_healed":0.0,"max_hp_gain":0.0,"max_hp_loss":0.0,"gold_gain":0.0,"event_name":"Big Fish","player_choice":"Box","floor":4.0,"gold_loss":0.0,"damage_taken":0.0,"relics_obtained":["Calipers"],"cards_obtained":["Regret"]},{"damage_healed":0.0,"max_hp_gain":0.0,"max_hp_loss":0.0,"gold_gain":75.0,"event_name":"World of Goop","player_choice":"Gather Gold","floor":14.0,"gold_loss":0.0,"damage_taken":11.0},{"damage_healed":0.0,"max_hp_gain":5.0,"max_hp_loss":0.0,"gold_gain":0.0,"event_name":"Forgotten Altar","player_choice":"Shed Blood","floor":19.0,"gold_loss":0.0,"damage_taken":26.0},{"damage_healed":0.0,"max_hp_gain":0.0,"max_hp_loss":0.0,"gold_gain":0.0,"event_name":"Accursed Blacksmith","player_choice":"Forge","floor":20.0,"gold_loss":0.0,"damage_taken":0.0,"cards_upgraded":["DevaForm"]},{"damage_healed":0.0,"max_hp_gain":0.0,"max_hp_loss":0.0,"gold_gain":0.0,"event_name":"Addict","player_choice":"Obtained Relic","floor":22.0,"gold_loss":85.0,"damage_taken":0.0,"relics_obtained":["Pear"]}],"is_beta":false,"boss_relics":[{"not_picked":["SacredBark","Tiny House"],"picked":"Sozu"}],"items_purged_floors":[10],"is_endless":false,"potions_floor_spawned":[8,16,18,21],"killed_by":"Book of Stabbing","ascension_level":17}}