{"host":"hm18vdih9r0bxrsc","time":1614417852,"event":{"mods":["BaseMod","Colored Map","Colored Powertips","Downfall","Googly Eyes","Hubris","Minty Spire (QoL Compilation)","Replay The Spire","StSLib"],"gold_per_floor":[117,117,117,133,83,114,133,133,158,183,183,201,218,237,237,333,333,350,350,370,390,408,438,438,438,438],"floor_reached":25,"language":"ENG","playtime":938,"items_purged":[],"score":273,"play_id":"8d2eeee2-e866-44d0-8b90-c137757e18a2","local_time":"20210227102412","is_ascension_mode":true,"campfire_choices":[{"data":"Bane","floor":8,"key":"SMITH"},{"data":"Dagger Spray","floor":11,"key":"SMITH"},{"floor":24,"key":"REST"}],"circlet_count":0,"master_deck":["Strike_G","Strike_G","Strike_G","Strike_G","Strike_G","Defend_G","Defend_G","Defend_G","Defend_G","Defend_G","Neutralize+1","Dagger Spray+1","Replay:Poison Smokescreen","Dash","Bane+1","Crippling Poison","hubris:SlightOfHand","Catalyst","m_Survivalism","Die Die Die","Outmaneuver","Pain","hubris:SlightOfHand+1","Skewer","ReplayTheSpireMod:Exploit Weakness"],"relics":["Ring of the Snake","NeowsBlessing","Potion Belt","Byrd Skull","Lantern","hubris:SlimyHat","hubris:RunicObelisk","WarpedTongs","Boot"],"acts_visited":["Exordium","TheCity"],"potions_floor_usage":[10,16,22,23],"damage_taken":[{"damage":0,"enemies":"Small Slimes","floor":1,"turns":1},{"damage":0,"enemies":"Jaw Worm","floor":4,"turns":1},{"damage":0,"enemies":"3 Sentries","floor":6,"turns":2},{"damage":3,"enemies":"Cultist","floor":7,"turns":4},{"damage":2,"enemies":"Lagavulin","floor":10,"turns":5},{"damage":2,"enemies":"Exordium Thugs","floor":12,"turns":4},{"damage":6,"enemies":"Blue Slaver","floor":13,"turns":3},{"damage":0,"enemies":"Lots of Slimes","floor":14,"turns":1},{"damage":15,"enemies":"Slime Boss","floor":16,"turns":9},{"damage":6,"enemies":"2 Thieves","floor":18,"turns":3},{"damage":16,"enemies":"Shell Parasite","floor":20,"turns":5},{"damage":11,"enemies":"Centurion and Healer","floor":21,"turns":3},{"damage":38,"enemies":"Sentry and Sphere","floor":22,"turns":6},{"damage":19,"enemies":"Replay:Snechameleon","floor":23,"turns":5},{"damage":34,"enemies":"Cultist and Chosen","floor":25,"turns":4}],"seed_played":"-7937551361192071532","potions_obtained":[{"floor":1,"key":"SteroidPotion"},{"floor":4,"key":"Weak Potion"},{"floor":12,"key":"SkillPotion"},{"floor":13,"key":"Energy Potion"},{"floor":18,"key":"FairyPotion"},{"floor":22,"key":"Toxic Potion"}],"is_trial":false,"path_per_floor":["M","?","?","M","$","E","M","R","T","E","R","M","M","M","R_BF","B",null,"M","?","M","M","M","E","R","M"],"character_chosen":"THE_SILENT","items_purchased":["champ:CounterPotion"],"campfire_rested":1,"item_purchase_floors":[5],"current_hp_per_floor":[70,63,63,63,63,63,60,60,60,58,58,56,50,50,50,35,70,64,64,48,37,21,2,23,0,0],"gold":438,"neow_bonus":"THREE_ENEMY_KILL","is_daily":false,"chose_seed":false,"campfire_upgraded":2,"win_rate":0.0,"timestamp":1614417852,"path_taken":["M","?","?","?","?","E","M","R","T","E","R","?","M","M","R_BF","BOSS","M","?","?","M","M","E","R","M"],"items_purchased_type":["Potion"],"build_version":"2020-12-22","purchased_purges":0,"victory":false,"max_hp_per_floor":[70,70,70,70,70,70,70,70,70,70,70,70,70,70,70,70,70,70,70,70,70,70,70,70,70,70],"card_choices":[{"not_picked":["Predator","Choke"],"picked":"Dagger Spray","floor":1},{"not_picked":["Dodge and Roll","Underhanded Strike"],"picked":"Replay:Poison Smokescreen","floor":4},{"not_picked":["Replay:Bag of Tricks","Slice"],"picked":"Dash","floor":6},{"not_picked":["Acrobatics","Sucker Punch"],"picked":"Bane","floor":7},{"not_picked":["Accuracy","Deflect"],"picked":"Crippling Poison","floor":10},{"not_picked":["Skewer","Deadly Poison"],"picked":"hubris:SlightOfHand","floor":12},{"not_picked":["Deflect","Backflip","Slice"],"picked":"SKIP","floor":13},{"not_picked":["Bane","Hidden Blade"],"picked":"Catalyst","floor":14},{"not_picked":["Malaise","Burst"],"picked":"Die Die Die","floor":16},{"not_picked":["Masterful Stab","Catalyst"],"picked":"Outmaneuver","floor":18},{"not_picked":["Dagger Throw","Prepared"],"picked":"hubris:SlightOfHand+1","floor":20},{"not_picked":["Infinite Blades","Acrobatics"],"picked":"Skewer","floor":21},{"not_picked":["Replay:Poison Smokescreen","Dagger Throw","Setup"],"picked":"SKIP","floor":22},{"not_picked":["Crippling Poison","Fluid Movement"],"picked":"ReplayTheSpireMod:Exploit Weakness","floor":23}],"player_experience":344268,"relics_obtained":[{"floor":6,"key":"Byrd Skull"},{"floor":9,"key":"Lantern"},{"floor":10,"key":"hubris:SlimyHat"},{"floor":23,"key":"Boot"}],"event_choices":[{"damage_healed":0,"gold_gain":0,"player_choice":"Success","damage_taken":7,"relics_obtained":["Potion Belt"],"max_hp_gain":0,"max_hp_loss":0,"event_name":"Scrap Ooze","floor":2,"gold_loss":0},{"damage_healed":0,"gold_gain":0,"player_choice":"Upgraded","damage_taken":0,"max_hp_gain":0,"max_hp_loss":0,"event_name":"Upgrade Shrine","floor":3,"gold_loss":0,"cards_upgraded":["Neutralize"]},{"damage_healed":0,"gold_gain":0,"player_choice":"Rummage","damage_taken":0,"relics_obtained":["WarpedTongs"],"max_hp_gain":0,"max_hp_loss":0,"event_name":"Accursed Blacksmith","floor":19,"gold_loss":0,"cards_obtained":["Pain"]}],"is_beta":false,"boss_relics":[{"not_picked":["Philosopher\u0027s Stone","Calling Bell"],"picked":"hubris:RunicObelisk"}],"items_purged_floors":[],"is_endless":false,"potions_floor_spawned":[1,4,12,13,18,22],"killed_by":"Cultist and Chosen","ascension_level":1}}