{"host":"94qggqh0xz0sp6ai","time":1614460346,"event":{"mods":["100% Spire Juice","Abigail Mod","Act Like it!","BaseMod","CapriCore","Downfall","Friendly Minions","Gensokyo","Hermit","Jorbs\u0027s Wanderer Trilogy","Koishi","Marisa（霧雨　魔理沙）","Minty Spire (QoL Compilation)","Permanent Neow","Reimu（博??梦）","Reliquary","Ruina","StSLib","The Alterego","The Construct","The Cursed","The Hierophant","The Immortal","The Marked","The Mystic","The Senshi","The Servant 0.9.4","TheBandit","Waifu the Spire"],"gold_per_floor":[119,79,79,79,96,128,128,159,159,170,170,199,199,26,26,101,101,119,135,135,135,79,111,111,142,196,246,256,181,181,8,8,86,86,105,130,147,147,147,173,173,207,207,207,207,207,207,115,115,115],"floor_reached":51,"language":"ENG","playtime":1676,"items_purged":[],"score":1486,"play_id":"6495de78-9088-4f90-8a77-b229e9fafe8b","local_time":"20210227151226","is_ascension_mode":true,"campfire_choices":[{"data":"TheCursedMod:HellsGateOpen","floor":7,"key":"SMITH"},{"data":"TheCursedMod:CursedWand","floor":11,"key":"SMITH"},{"data":"TheCursedMod:FleshFromBone","floor":13,"key":"SMITH"},{"data":"TheCursedMod:CleanUpWorkshop","floor":15,"key":"SMITH"},{"data":"TheCursedMod:SoulReap","floor":24,"key":"SMITH"},{"data":"TheCursedMod:SmokeScreen","floor":30,"key":"SMITH"},{"data":"TheCursedMod:Obscuration","floor":32,"key":"SMITH"},{"data":"TheCursedMod:LuckyCharm","floor":41,"key":"SMITH"},{"data":"TheCursedMod:NeowsMight","floor":44,"key":"SMITH"},{"data":"TheCursedMod:BlessingInDisguise","floor":46,"key":"SMITH"},{"data":"TheCursedMod:HellfireBreathing","floor":49,"key":"SMITH"}],"circlet_count":0,"master_deck":["AscendersBane","TheCursedMod:Strike_TheCursed","TheCursedMod:Strike_TheCursed","TheCursedMod:Strike_TheCursed","TheCursedMod:Defend_TheCursed","TheCursedMod:Defend_TheCursed","TheCursedMod:Defend_TheCursed","TheCursedMod:Defend_TheCursed","TheCursedMod:CursedWand+1","TheCursedMod:CleanUpWorkshop+1","TheCursedMod:Dregs","TheCursedMod:HellfireBreathing+1","TheCursedMod:HellsGateOpen+1","TheCursedMod:SoulReap+1","TheCursedMod:WearCloak","TheCursedMod:FleshFromBone+1","TheCursedMod:CursedBoomerang+1","TheCursedMod:DemonicPact","TheCursedMod:SmokeScreen+1","TheCursedMod:CursedSpellbook","Writhe","TheCursedMod:WearCloak","TheCursedMod:TacticalStrike+1","TheCursedMod:Obscuration+1","TheCursedMod:CursedSpellbook","TheCursedMod:NeowsMight+1","TheCursedMod:BlessingInDisguise+1","TheCursedMod:LuckyCharm+1","Wraith","TheCursedMod:SmokeScreen+1","TheCursedMod:HellfireBreathing+1"],"relics":["TheCursedMod:BlackMagic101","Turnip","RuthlessExorcism:ReiMu","Du-Vu Doll","CrazyTorch:ReiMu","Molten Egg 2","Sling","construct:WeddingRing","Lizard Tail","Matryoshka","Mastiff:ReiMu","Orichalcum","reliquary:TatteredRug","Medical Kit","TheCursedMod:OminousMark","PureWhite:ReiMu","Oddly Smooth Stone","Smiling Mask","Ice Cream","Bottled Flame","Art of War","reliquary:Firecrackers"],"acts_visited":["Exordium","TheCity","TheBeyond"],"potions_floor_usage":[25,33,40,50,50],"damage_taken":[{"damage":1,"enemies":"Small Slimes","floor":1,"turns":4},{"damage":1,"enemies":"2 Louse","floor":5,"turns":2},{"damage":16,"enemies":"3 Sentries","floor":6,"turns":7},{"damage":11,"enemies":"Gremlin Nob","floor":8,"turns":4},{"damage":4,"enemies":"Jaw Worm","floor":10,"turns":2},{"damage":0,"enemies":"3 Sentries","floor":12,"turns":6},{"damage":8,"enemies":"Slime Boss","floor":16,"turns":8},{"damage":3,"enemies":"Spheric Guardian","floor":18,"turns":4},{"damage":17,"enemies":"2 Thieves","floor":19,"turns":4},{"damage":18,"enemies":"Slavers","floor":23,"turns":4},{"damage":13,"enemies":"Gremlin Leader","floor":25,"turns":6},{"damage":2,"enemies":"Cultist and Chosen","floor":28,"turns":5},{"damage":8,"enemies":"Collector","floor":33,"turns":7},{"damage":3,"enemies":"3 Shapes","floor":35,"turns":2},{"damage":5,"enemies":"Mind Bloom Boss Battle","floor":36,"turns":5},{"damage":0,"enemies":"Orb Walker","floor":37,"turns":2},{"damage":0,"enemies":"Reptomancer","floor":40,"turns":5},{"damage":2,"enemies":"Giant Head","floor":42,"turns":7},{"damage":31,"enemies":"Time Eater","floor":50,"turns":6}],"seed_played":"-4041493599501196854","potions_obtained":[{"floor":1,"key":"PowerPotion"},{"floor":5,"key":"Ancient Potion"},{"floor":8,"key":"Strength Potion"},{"floor":25,"key":"Guardian:BlockOnCardUsePotion"},{"floor":28,"key":"Block Potion"},{"floor":33,"key":"Swift Potion"},{"floor":42,"key":"ColorlessPotion"}],"is_trial":false,"path_per_floor":["M","$","?","?","M","E","R","E","T","M","R","E","R","$","R","B",null,"M","M","?","?","$","E","R","E","T","?","M","?","R","$","R","B",null,"M","?","M","T","?","E","R","E","T","R","?","R","T","$","R","B",null],"character_chosen":"THE_CURSED","items_purchased":["TheCursedMod:HellsGateOpen","Sling","TheCursedMod:WearCloak","Medical Kit","TheCursedMod:HellfireBreathing","PowerPotion"],"campfire_rested":0,"item_purchase_floors":[2,14,22,31,48,48],"current_hp_per_floor":[70,70,59,59,58,47,47,41,41,46,46,55,55,55,55,56,73,70,53,53,53,53,35,35,43,43,43,54,54,54,54,54,59,73,75,73,78,78,78,78,78,76,76,76,76,76,76,76,76,58],"gold":115,"neow_bonus":"TEN_PERCENT_HP_BONUS","is_daily":false,"chose_seed":false,"campfire_upgraded":11,"win_rate":0.0,"timestamp":1614460346,"path_taken":["M","$","?","?","M","E","R","E","T","M","R","E","R","?","R","BOSS","M","M","?","?","$","E","R","E","T","?","M","?","R","$","R","BOSS","M","?","M","?","?","E","R","E","T","R","?","R","?","$","R","BOSS"],"items_purchased_type":["Card","Relic","Card","Relic","Card","Potion"],"build_version":"2020-12-22","purchased_purges":0,"victory":true,"max_hp_per_floor":[78,78,78,78,78,78,78,78,78,78,78,78,78,78,78,78,78,78,78,78,78,78,78,78,78,78,78,78,78,78,78,78,78,78,78,78,78,78,78,78,78,78,78,78,78,78,78,78,78,78],"card_choices":[{"not_picked":["TheCursedMod:CursedStaff","TheCursedMod:CursedBlade"],"picked":"TheCursedMod:HellfireBreathing","floor":1},{"not_picked":["TheCursedMod:CursedShiv","TheCursedMod:SmokeScreen"],"picked":"TheCursedMod:SoulReap","floor":5},{"not_picked":["TheCursedMod:TroublousMinions","TheCursedMod:Grudge"],"picked":"TheCursedMod:WearCloak","floor":6},{"not_picked":["TheCursedMod:CircleOfCorruption","TheCursedMod:SoulCrush","TheCursedMod:ReleasedKnowledge"],"picked":"SKIP","floor":8},{"not_picked":["TheCursedMod:CursedAmulet","TheCursedMod:Torture"],"picked":"TheCursedMod:FleshFromBone","floor":10},{"not_picked":["TheCursedMod:ManaCirculation","TheCursedMod:Stretching"],"picked":"TheCursedMod:CursedBoomerang+1","floor":12},{"not_picked":["TheCursedMod:OutForBlood","TheCursedMod:UltimatePain"],"picked":"TheCursedMod:DemonicPact","floor":16},{"not_picked":["TheCursedMod:Stretching","TheCursedMod:Stigma+1"],"picked":"TheCursedMod:SmokeScreen","floor":18},{"not_picked":["TheCursedMod:Stigma+1","TheCursedMod:SpreadPlague"],"picked":"TheCursedMod:CursedSpellbook","floor":19},{"not_picked":["TheCursedMod:Obscuration","TheCursedMod:CursedStaff+1"],"picked":"TheCursedMod:TacticalStrike+1","floor":23},{"not_picked":["TheCursedMod:SmokeScreen","TheCursedMod:DemonicPact"],"picked":"TheCursedMod:Obscuration","floor":25},{"not_picked":["TheCursedMod:FleshFromBone","TheCursedMod:FuryStrike+1"],"picked":"TheCursedMod:CursedSpellbook","floor":28},{"not_picked":["TheCursedMod:DarkBarrier","TheCursedMod:CursedRelics+1"],"picked":"TheCursedMod:NeowsMight","floor":33},{"not_picked":["TheCursedMod:FleshFromBone","TheCursedMod:DoubleShield","TheCursedMod:Grudge"],"picked":"SKIP","floor":35},{"not_picked":["TheCursedMod:CircleOfAmplification","TheCursedMod:RavingStaff+1"],"picked":"TheCursedMod:BlessingInDisguise","floor":36},{"not_picked":["TheCursedMod:CursedMace+1","TheCursedMod:BlessingInDisguise"],"picked":"TheCursedMod:LuckyCharm","floor":37},{"not_picked":["TheCursedMod:CursedMace+1","TheCursedMod:RavingStaff+1"],"picked":"TheCursedMod:SmokeScreen+1","floor":40},{"not_picked":["TheCursedMod:DarkBarrier","TheCursedMod:RavingStaff+1","TheCursedMod:CircleOfCorruption+1"],"picked":"SKIP","floor":42}],"player_experience":1552296,"relics_obtained":[{"floor":6,"key":"RuthlessExorcism:ReiMu"},{"floor":8,"key":"Du-Vu Doll"},{"floor":9,"key":"CrazyTorch:ReiMu"},{"floor":12,"key":"Molten Egg 2"},{"floor":23,"key":"Matryoshka"},{"floor":25,"key":"Mastiff:ReiMu"},{"floor":26,"key":"Orichalcum"},{"floor":26,"key":"reliquary:TatteredRug"},{"floor":36,"key":"PureWhite:ReiMu"},{"floor":38,"key":"Oddly Smooth Stone"},{"floor":38,"key":"Smiling Mask"},{"floor":40,"key":"Ice Cream"},{"floor":42,"key":"Bottled Flame"},{"floor":43,"key":"Art of War"},{"floor":47,"key":"reliquary:Firecrackers"}],"event_choices":[{"damage_healed":0,"gold_gain":0,"player_choice":"Success","damage_taken":11,"relics_obtained":["Turnip"],"max_hp_gain":0,"max_hp_loss":0,"event_name":"Scrap Ooze","floor":3,"gold_loss":0},{"damage_healed":0,"gold_gain":0,"player_choice":"Grow","damage_taken":0,"max_hp_gain":0,"max_hp_loss":0,"event_name":"Living Wall","floor":4,"gold_loss":0,"cards_upgraded":["TheCursedMod:HellfireBreathing"]},{"damage_healed":0,"gold_gain":0,"player_choice":"Opened","damage_taken":0,"relics_obtained":["Lizard Tail"],"max_hp_gain":0,"max_hp_loss":0,"event_name":"The Mausoleum","floor":21,"gold_loss":0,"cards_obtained":["Writhe"]},{"damage_healed":0,"gold_gain":50,"player_choice":"Stole From Cult","damage_taken":0,"max_hp_gain":0,"max_hp_loss":0,"event_name":"Nest","floor":27,"gold_loss":0},{"cards_removed":["TheCursedMod:Strike_TheCursed"],"damage_healed":0,"gold_gain":0,"player_choice":"Gave Gold","damage_taken":0,"max_hp_gain":0,"max_hp_loss":0,"event_name":"Beggar","floor":29,"gold_loss":75},{"damage_healed":0,"gold_gain":0,"player_choice":"Fight","damage_taken":0,"max_hp_gain":0,"max_hp_loss":0,"event_name":"MindBloom","floor":36,"gold_loss":0},{"damage_healed":0,"gold_gain":0,"player_choice":"Ignored","damage_taken":0,"max_hp_gain":0,"max_hp_loss":0,"event_name":"OrinTheCat","floor":39,"gold_loss":0},{"damage_healed":0,"gold_gain":0,"player_choice":"Ignored","damage_taken":0,"max_hp_gain":0,"max_hp_loss":0,"event_name":"Tomb of Lord Red Mask","floor":45,"gold_loss":0}],"is_beta":false,"boss_relics":[{"not_picked":["Sozu","Fusion Hammer"],"picked":"construct:WeddingRing"},{"not_picked":["Busted Crown","reliquary:ThirdArm"],"picked":"TheCursedMod:OminousMark"}],"items_purged_floors":[],"is_endless":false,"potions_floor_spawned":[1,5,8,23,25,28,33,36,37,42],"ascension_level":17}}