{"host":"5tnftuc8o0gay6lt","time":1614395067,"event":{"mods":["BaseMod","Better Match","Better Note","Better Sensory Stone","Better Skull","Better Third Choice","BetterRewards","Colored Powertips","Conspire","Downfall","Marisa£®ÏF”Í°°ƒß¿Ì…≥£©","Minty Spire (QoL Compilation)","Permanent Neow","Relic Filter Mod","Remilia£®¿Ÿ√◊¿Ú—«£©","Replay The Spire","Spicy Shops","StSLib","SuperFastMode","Td1madao Mod","The Gatherer","The Runesmith","°æ“≈ŒÔø®≈∆°øREMEMod"],"gold_per_floor":[116,130,130,155,173,173,173,217,235,235,235,235,273,273,273,291,291,417,417,430,430,430,443,443,487,500,521,521,562,562,577,111,145,445,570,570,589,242,260,284,284,284,17,61,61,122,122,153,178,5,5,5],"floor_reached":53,"language":"ZHS","playtime":3438,"items_purged":["Runesmith:Strike_RS","Runesmith:Strike_RS","Runesmith:Attraction","Runesmith:CraftFirestone","Runesmith:LightningRod"],"score":1285,"play_id":"adcb277a-2abb-4652-8b07-bda341fe413a","local_time":"20210227110427","is_ascension_mode":false,"campfire_choices":[{"data":"Hyperbeam","floor":10.0,"key":"SMITH"},{"data":"Runesmith:Fortify","floor":12.0,"key":"SMITH"},{"data":"Runesmith:Augment","floor":15.0,"key":"SMITH"},{"data":"Runesmith:Grindstone","floor":17.0,"key":"SMITH"},{"floor":34,"key":"DIG"},{"data":"Runesmith:PoweredAnvil","floor":42,"key":"SMITH"},{"data":"Runesmith:GrandSlam","floor":47,"key":"SMITH"},{"data":"Runesmith:Accelerate","floor":51,"key":"SMITH"}],"circlet_count":0,"master_deck":["Runesmith:Defend_RS","Runesmith:Defend_RS","Runesmith:Fortify+1","Hyperbeam+1","Runesmith:Augment+1","Runesmith:RunicBlueprint+1","Runesmith:Grindstone+1","Runesmith:LightningRod+1","Runesmith:Accelerate+1","Runesmith:Prism","Runesmith:CreatorForm","Runesmith:PoweredAnvil+1","Runesmith:PoweredAnvil+1","Runesmith:DoubleUp","Runesmith:GrandSlam+1","Runesmith:Malloc+1","Runesmith:Augment+1"],"relics":["Runesmith:BrokenRuby","REME_ComplimentaryCards","Medical Kit","Replay:Bottled Snecko","downfall:HeartBlessingGreen","Happy Flower","Golden Idol","Eternal Feather","Question Card","ReplayTheSpireMod:Ninjato","Coffee Dripper","Runesmith:Locket","Garlic","Runesmith:Nanobots","Membership Card","Ancient Tea Set","Replay:PocketPolymizer","Shovel","Old Coin","REME_ChargedStone","Incense Burner","Ginger","REME_CardOfGreed","conspire:BottledYoYo","Runesmith:AutoHammer","Boot","Replay:Bottled Flurry","PreservedInsect","BargainBundle","DollysMirror"],"acts_visited":["Exordium","TheCity","TheBeyond"],"potions_floor_usage":[44],"damage_taken":[{"damage":5.0,"enemies":"Jaw Worm","floor":1.0,"turns":4.0},{"damage":0.0,"enemies":"2 Louse","floor":2.0,"turns":1.0},{"damage":0.0,"enemies":"Small Slimes","floor":4.0,"turns":2.0},{"damage":0.0,"enemies":"Blue Slaver","floor":5.0,"turns":3.0},{"damage":9.0,"enemies":"Gremlin Nob","floor":8.0,"turns":5.0},{"damage":0.0,"enemies":"3 Louse","floor":9.0,"turns":1.0},{"damage":0.0,"enemies":"3 Sentries","floor":13.0,"turns":1.0},{"damage":0.0,"enemies":"Exordium Thugs","floor":16.0,"turns":3.0},{"damage":0.0,"enemies":"The Guardian","floor":18.0,"turns":10.0},{"damage":0.0,"enemies":"Shell Parasite","floor":20.0,"turns":5.0},{"damage":0.0,"enemies":"Chosen","floor":23.0,"turns":4.0},{"damage":0.0,"enemies":"Gremlin Leader","floor":25.0,"turns":7.0},{"damage":6.0,"enemies":"Shelled Parasite and Fungi","floor":26.0,"turns":7.0},{"damage":0.0,"enemies":"Snake Plant","floor":27.0,"turns":3.0},{"damage":0.0,"enemies":"Book of Stabbing","floor":29.0,"turns":5.0},{"damage":0,"enemies":"Centurion and Healer","floor":31,"turns":5},{"damage":0,"enemies":"Gremlin Leader","floor":33,"turns":6},{"damage":13,"enemies":"Automaton","floor":35,"turns":7},{"damage":0,"enemies":"Orb Walker","floor":37,"turns":6},{"damage":0,"enemies":"3 Shapes","floor":39,"turns":2},{"damage":0,"enemies":"Sphere and 2 Shapes","floor":40,"turns":3},{"damage":0,"enemies":"Reptomancer","floor":44,"turns":5},{"damage":0,"enemies":"2 Orb Walkers","floor":46,"turns":2},{"damage":2,"enemies":"Giant Head","floor":48,"turns":5},{"damage":0,"enemies":"Jaw Worm Horde","floor":49,"turns":3},{"damage":0,"enemies":"Donu and Deca","floor":52,"turns":5}],"seed_played":"-2845633202062351158","potions_obtained":[{"floor":2.0,"key":"EssenceOfSteel"},{"floor":4.0,"key":"Fire Potion"},{"floor":8.0,"key":"Venom Potion"},{"floor":13.0,"key":"FairyPotion"},{"floor":21.0,"key":"SkillPotion"},{"floor":25.0,"key":"Fire Potion"},{"floor":29.0,"key":"Strength Potion"},{"floor":37,"key":"AttackPotion"},{"floor":44,"key":"REME_GoldPotion"}],"is_trial":false,"path_per_floor":["M","M","?","M","M","PTL","PTL","E","M","R","T","R","E","?","R","M","R","B",null,"M","?","?","M","?","E","M","M","T","E","?","M","$","E","R","B",null,"M","$","M","M","?","R","$","E","T","?","R","E","M","$","R","B",null],"character_chosen":"RUNESMITH_CLASS","items_purchased":["Medical Kit","Fruit Juice","Replay:Bottled Snecko","Happy Flower","Membership Card","Runesmith:PoweredAnvil","Ancient Tea Set","Replay:PocketPolymizer","Incense Burner","Ginger","REME_CardOfGreed","Runesmith:DoubleUp","conspire:BottledYoYo","Runesmith:AutoHammer","BargainBundle","DollysMirror"],"campfire_rested":0,"item_purchase_floors":[0,0,0,0,32,32,32,32,38,38,38,38,43,43,50,50],"current_hp_per_floor":[47,47,29,29,29,29,29,20,20,26,26,32,32,32,38,38,44,44,75,75,75,75,75,75,75,69,69,69,69,69,69,69,69,75,62,75,75,75,75,75,75,75,75,75,75,75,75,73,73,73,75,75],"gold":5,"neow_bonus":"","is_daily":false,"chose_seed":false,"campfire_upgraded":7,"win_rate":0.0,"timestamp":1614395067,"path_taken":["M","M","?","M","M","PTL","PTL","E","M","R","T","R","E","?","R","M","R","BOSS","M","?","?","M","?","E","M","M","T","E","?","M","$","E","R","BOSS","M","$","M","M","?","R","?","E","T","?","R","E","M","$","R","BOSS"],"items_purchased_type":["Relic","Potion","Relic","Relic","Relic","Card","Relic","Relic","Relic","Relic","Relic","Card","Relic","Relic","Relic","Relic"],"build_version":"2020-12-22","purchased_purges":5,"victory":true,"max_hp_per_floor":[75,75,75,75,75,75,75,75,75,75,75,75,75,75,75,75,75,75,75,75,75,75,75,75,75,75,75,75,75,75,75,75,75,75,75,75,75,75,75,75,75,75,75,75,75,75,75,75,75,75,75,75],"card_choices":[{"not_picked":["Runesmith:Grindstone","Runesmith:HammerThrow"],"picked":"Runesmith:Augment","floor":1.0},{"not_picked":["Runesmith:FieryHammer","Runesmith:CraftMagma","Runesmith:Overpower"],"picked":"SKIP","floor":2.0},{"not_picked":["Runesmith:WhiteBalance","Runesmith:Overpower","Runesmith:CraftSpiculum"],"picked":"SKIP","floor":4.0},{"not_picked":["Runesmith:HammerThrow","Runesmith:StaticCage","Runesmith:Overpower"],"picked":"SKIP","floor":5.0},{"not_picked":["Runesmith:Firestorm","Runesmith:StaticCage"],"picked":"Runesmith:RunicBlueprint","floor":8.0},{"not_picked":["Runesmith:LithiumIon","Runesmith:CraftSpiculum"],"picked":"Runesmith:LightningRod","floor":9.0},{"not_picked":["Runesmith:Terraform","Runesmith:HeatExchange","Runesmith:MakeshiftArmor"],"picked":"Runesmith:Grindstone","floor":13.0},{"not_picked":["Runesmith:ChiselStab","Runesmith:Grindstone","Runesmith:CraftMagma","Runesmith:EnergizedChisel"],"picked":"SKIP","floor":16.0},{"not_picked":["Runesmith:Empowerment+1","Runesmith:HammerThrow","Runesmith:NegativeSpace","Runesmith:HeatExchange"],"picked":"SKIP","floor":20.0},{"not_picked":["Runesmith:RunicBlueprint","Runesmith:UnstableHammer","Runesmith:CraftMagma","Runesmith:Electrocute"],"picked":"SKIP","floor":23.0},{"not_picked":["Runesmith:Grindstone+1","Runesmith:EnergizedChisel","Runesmith:HammerThrow","Runesmith:Overpower+1"],"picked":"SKIP","floor":25.0},{"not_picked":["Runesmith:ChiselStab","Runesmith:CraftVitae+1","Runesmith:StaticCage"],"picked":"Runesmith:Accelerate","floor":26.0},{"not_picked":["Runesmith:MakeshiftArmor","Runesmith:Accelerate","Runesmith:HammerThrow","Runesmith:CraftIncendium"],"picked":"SKIP","floor":27.0},{"not_picked":["Runesmith:HeatExchange","Runesmith:Grindstone+1","Runesmith:LithiumIon"],"picked":"Runesmith:Prism","floor":29.0},{"not_picked":["Runesmith:ChiselStab","Runesmith:CraftObretio","Runesmith:MakeshiftArmor+1"],"picked":"Runesmith:CreatorForm","floor":31},{"not_picked":["Runesmith:WhiteBalance","Runesmith:CraftProtectio","Runesmith:CraftMagma"],"picked":"Runesmith:PoweredAnvil+1","floor":33},{"not_picked":["Runesmith:WhiteBalance","Runesmith:RunicBlueprint+1","Runesmith:HeatedChisel+1","Runesmith:EnergizedChisel+1"],"picked":"SKIP","floor":37},{"not_picked":["Runesmith:HammerAndChisel","Runesmith:StaticCage+1","Runesmith:ChiselStab","Runesmith:Attraction+1"],"picked":"SKIP","floor":39},{"not_picked":["Runesmith:Overpower","Runesmith:HammerAndChisel","Runesmith:BackupBattery+1","Runesmith:HeatExchange"],"picked":"SKIP","floor":40},{"not_picked":["Runesmith:HeatExchange","Runesmith:CraftMagma","Runesmith:Firestorm+1"],"picked":"Runesmith:Malloc+1","floor":44},{"not_picked":["Runesmith:GenerateForcefield","Runesmith:Overpower+1","Runesmith:StaticCage+1","Runesmith:BackupBattery+1"],"picked":"SKIP","floor":48},{"not_picked":["Runesmith:CraftProtectio","Runesmith:Repurpose+1","Runesmith:Grindstone","Runesmith:HammerTime"],"picked":"SKIP","floor":49}],"player_experience":648583,"relics_obtained":[{"floor":8.0,"key":"Eternal Feather"},{"floor":11.0,"key":"Question Card"},{"floor":13.0,"key":"ReplayTheSpireMod:Ninjato"},{"floor":25.0,"key":"Runesmith:Locket"},{"floor":28.0,"key":"Garlic"},{"floor":29.0,"key":"Runesmith:Nanobots"},{"floor":33,"key":"Shovel"},{"floor":34,"key":"Old Coin"},{"floor":44,"key":"Boot"},{"floor":45,"key":"Replay:Bottled Flurry"},{"floor":48,"key":"PreservedInsect"}],"event_choices":[{"damage_healed":0.0,"max_hp_gain":0.0,"max_hp_loss":0.0,"gold_gain":0.0,"event_name":"Golden Idol","player_choice":"Take Damage","floor":3.0,"gold_loss":0.0,"damage_taken":18.0,"relics_obtained":["Golden Idol"]},{"damage_healed":0.0,"max_hp_gain":0.0,"max_hp_loss":0.0,"gold_gain":0.0,"event_name":"Lab","player_choice":"Got Potions","floor":21.0,"gold_loss":0.0,"damage_taken":0.0},{"damage_healed":0.0,"max_hp_gain":0.0,"max_hp_loss":0.0,"gold_gain":0.0,"event_name":"Upgrade Shrine","player_choice":"Upgraded","floor":22.0,"gold_loss":0.0,"damage_taken":0.0,"cards_upgraded":["Runesmith:RunicBlueprint"]},{"damage_healed":0.0,"max_hp_gain":0.0,"max_hp_loss":0.0,"gold_gain":0.0,"event_name":"N\u0027loth","player_choice":"Ignored","floor":24.0,"gold_loss":0.0,"damage_taken":0.0},{"cards_removed":["Runesmith:Strike_RS"],"damage_healed":0.0,"max_hp_gain":0.0,"max_hp_loss":0.0,"gold_gain":0.0,"event_name":"Purifier","player_choice":"Purged","floor":30.0,"gold_loss":0.0,"damage_taken":0.0},{"damage_healed":0,"gold_gain":0,"player_choice":"Full Heal","damage_taken":0,"max_hp_gain":0,"max_hp_loss":0,"event_name":"Wheel of Change","floor":41,"gold_loss":0},{"damage_healed":0,"gold_gain":0,"player_choice":"Fight","damage_taken":0,"max_hp_gain":0,"max_hp_loss":0,"event_name":"Mysterious Sphere","floor":46,"gold_loss":0}],"is_beta":false,"boss_relics":[{"not_picked":["SacredBark","ChewingGum"],"picked":"Coffee Dripper"},{"not_picked":["Runesmith:PocketReactor","Honey Jar"],"picked":"REME_ChargedStone"}],"items_purged_floors":[0,32,38,43,50],"is_endless":false,"potions_floor_spawned":[2,4,8,13,25,26,27,29,37,44],"ascension_level":0}}