{"host":"bvp2uifzy1c463d9","time":1614457707,"event":{"mods":["AchievementEnabler","BaseMod","Better Note","Block Reminder","Bossed Relics","Colored Map","Colored Powertips","Hermit","Highlight Path","Hubris","Infinite Spire","Minty Spire (QoL Compilation)","Relic Sorter","Relic Stats","Reliquary","Replay The Spire","StSLib","The Blue Laboratory","Wandering Minibosses"],"gold_per_floor":[117,128,148,148,148,148,183,183,235,93,93,93,116,140,140,145,145],"floor_reached":16,"language":"ENG","playtime":472,"items_purged":["hermit:Strike_Hermit"],"score":125,"play_id":"e3047ce1-f618-4175-a333-422cc85c19e4","local_time":"20210227142827","is_ascension_mode":true,"campfire_choices":[{"data":"hermit:Dive","floor":6,"key":"SMITH"},{"floor":8,"key":"REST"},{"data":"hermit:TakeAim","floor":11,"key":"SMITH"},{"floor":15,"key":"REST"}],"circlet_count":0,"master_deck":["hermit:Strike_Hermit","hermit:Strike_Hermit","hermit:Strike_Hermit","hermit:Defend_Hermit","hermit:Defend_Hermit","hermit:Defend_Hermit","hermit:Defend_Hermit","hermit:Snapshot","hermit:Covet","hermit:Dive+1","hermit:TrackingShot","hermit:Midnight","Injury","hermit:Scavenge","hermit:TakeAim+1","hermit:Ricochet"],"relics":["hermit:Momento","NeowsBlessing","Golden Idol","Nunchaku","hermit:RyeStalk"],"acts_visited":["Exordium"],"potions_floor_usage":[],"damage_taken":[{"damage":0,"enemies":"Cultist","floor":1,"turns":1},{"damage":0,"enemies":"Small Slimes","floor":2,"turns":1},{"damage":0,"enemies":"Jaw Worm","floor":3,"turns":1},{"damage":71,"enemies":"Lagavulin","floor":7,"turns":13},{"damage":12,"enemies":"3 Louse","floor":13,"turns":4},{"damage":5,"enemies":"Red Slaver","floor":14,"turns":4},{"damage":60,"enemies":"Hexaghost","floor":16,"turns":16}],"seed_played":"2189049548491094322","potions_obtained":[{"floor":2,"key":"blueLaboratory:AbyssPotion"},{"floor":3,"key":"blueLaboratory:PhilterOfMotion"},{"floor":7,"key":"blueLaboratory:NullPotion"},{"floor":12,"key":"blueLaboratory:HummingbirdPotion"},{"floor":12,"key":"Venom Potion"},{"floor":14,"key":"FairyPotion"}],"is_trial":false,"path_per_floor":["M","M","M","?","?","R","E","R","T","$","R","?","M","M","R","B"],"character_chosen":"HERMIT","items_purchased":["hermit:TakeAim"],"campfire_rested":2,"item_purchase_floors":[10],"current_hp_per_floor":[75,75,75,75,75,75,4,26,26,26,26,26,14,9,31,0,0],"gold":145,"neow_bonus":"THREE_ENEMY_KILL","is_daily":false,"chose_seed":false,"campfire_upgraded":2,"win_rate":0.0,"timestamp":1614457707,"path_taken":["M","?","M","?","?","R","E","R","T","$","R","?","?","M","R","BOSS"],"items_purchased_type":["Card"],"build_version":"2020-12-22","purchased_purges":1,"victory":false,"max_hp_per_floor":[75,75,75,75,75,75,75,75,75,75,75,75,75,75,75,75,75],"relic_stats":{"Nunchaku":[3],"counters":[7,40],"Golden Idol":15,"obtain_stats":[{"hermit:RyeStalk":9,"Nunchaku":7,"NeowsBlessing":0,"Golden Idol":4,"hermit:Momento":0},{"hermit:RyeStalk":4,"Nunchaku":4,"NeowsBlessing":0,"Golden Idol":3,"hermit:Momento":0},{"hermit:RyeStalk":16,"Nunchaku":16,"NeowsBlessing":0,"Golden Idol":3,"hermit:Momento":0}]},"card_choices":[{"not_picked":["hermit:Deadeye","hermit:Ricochet"],"picked":"hermit:Dive","floor":1},{"not_picked":["hermit:NoHoldsBarred","hermit:Ricochet"],"picked":"hermit:TrackingShot","floor":2},{"not_picked":["hermit:LowProfile","hermit:Purgatory"],"picked":"hermit:Midnight","floor":3},{"not_picked":["hermit:Manifest","hermit:Ricochet"],"picked":"hermit:Scavenge","floor":7},{"not_picked":["hermit:WideOpen","hermit:Malice"],"picked":"hermit:Ricochet","floor":13},{"not_picked":["hermit:BlackWind","hermit:Malice","hermit:BodyArmor"],"picked":"SKIP","floor":14}],"player_experience":397024,"relics_obtained":[{"floor":7,"key":"Nunchaku"},{"floor":9,"key":"hermit:RyeStalk"}],"event_choices":[{"damage_healed":0,"gold_gain":0,"player_choice":"Take Wound","damage_taken":0,"relics_obtained":["Golden Idol"],"max_hp_gain":0,"max_hp_loss":0,"event_name":"Golden Idol","floor":4,"gold_loss":0,"cards_obtained":["Injury"]},{"damage_healed":0,"gold_gain":0,"player_choice":"Ignored","damage_taken":0,"max_hp_gain":0,"max_hp_loss":0,"event_name":"Liars Game","floor":5,"gold_loss":0},{"damage_healed":0,"gold_gain":0,"player_choice":"Got Potions","damage_taken":0,"max_hp_gain":0,"max_hp_loss":0,"event_name":"Lab","floor":12,"gold_loss":0}],"is_beta":false,"boss_relics":[],"items_purged_floors":[10],"is_endless":false,"potions_floor_spawned":[2,3,7,14],"killed_by":"Hexaghost","ascension_level":5}}