{"host":"2qv44oxt58ptq59r","time":1614425006,"event":{"mods":["AchievementEnabler","BaseMod","Colored Powertips","Highlight Path","Minty Spire (QoL Compilation)","Permanent Neow","StSLib"],"gold_per_floor":[119,47,47,58,33,33,64,64,64,91,107,107,141,12,12,112,112,130,142,142,5,5,5,5,5,5,35,35,47,66,66,66],"floor_reached":31,"language":"ENG","playtime":3824,"items_purged":[],"score":350,"play_id":"2fde74ab-e55f-4bb8-bf4f-112f8c5b01c3","local_time":"20210227112326","is_ascension_mode":true,"campfire_choices":[{"data":"Noxious Fumes","floor":6.0,"key":"SMITH"},{"data":"Noxious Fumes","floor":8.0,"key":"SMITH"},{"data":"1","floor":15.0,"key":"LIFT"},{"data":"2","floor":23,"key":"LIFT"},{"data":"3","floor":25,"key":"LIFT"}],"circlet_count":0,"master_deck":["Strike_G+1","Strike_G+1","Defend_G+1","Defend_G+1","Defend_G+1","Defend_G+1","Defend_G+1","Survivor","Neutralize+1","Dagger Throw","Noxious Fumes+1","Quick Slash","Bane","Noxious Fumes+1","PiercingWail","PiercingWail","Cloak And Dagger","Skewer","Corpse Explosion","PiercingWail+1","Escape Plan+1","Blade Dance+1","Bane+1","Infinite Blades","Blind+1","Well Laid Plans","Noxious Fumes","Corpse Explosion+1"],"relics":["Ring of the Snake","Dream Catcher","Matryoshka","Odd Mushroom","Girya","Astrolabe","Toxic Egg 2","Darkstone Periapt","Ginger"],"acts_visited":["Exordium","TheCity"],"potions_floor_usage":[18,27,27,30,31],"damage_taken":[{"damage":3.0,"enemies":"Jaw Worm","floor":1.0,"turns":6.0},{"damage":2.0,"enemies":"Cultist","floor":4.0,"turns":5.0},{"damage":21.0,"enemies":"Gremlin Nob","floor":7.0,"turns":5.0},{"damage":7.0,"enemies":"The Mushroom Lair","floor":10.0,"turns":5.0},{"damage":0.0,"enemies":"Small Slimes","floor":11.0,"turns":3.0},{"damage":5.0,"enemies":"Lagavulin","floor":13.0,"turns":6.0},{"damage":14.0,"enemies":"Hexaghost","floor":16.0,"turns":10.0},{"damage":10,"enemies":"2 Thieves","floor":18,"turns":2},{"damage":14,"enemies":"Spheric Guardian","floor":19,"turns":5},{"damage":15,"enemies":"Book of Stabbing","floor":27,"turns":7},{"damage":7,"enemies":"Shelled Parasite and Fungi","floor":29,"turns":5},{"damage":10,"enemies":"Snake Plant","floor":30,"turns":5},{"damage":15,"enemies":"Sentry and Sphere","floor":31,"turns":3}],"seed_played":"6016101218304471998","potions_obtained":[{"floor":7.0,"key":"EssenceOfSteel"},{"floor":16.0,"key":"ColorlessPotion"},{"floor":19,"key":"Energy Potion"},{"floor":29,"key":"BlessingOfTheForge"}],"is_trial":false,"path_per_floor":["M","$","?","M","$","R","E","R","T","?","M","?","E","$","R","B",null,"M","M","?","$","?","R","?","R","T","E","$","M","M","M"],"character_chosen":"THE_SILENT","items_purchased":["Noxious Fumes","Bane","Skewer","Swift Potion","Blind+1","ColorlessPotion"],"campfire_rested":0,"item_purchase_floors":[2,5,14,14,21,21],"current_hp_per_floor":[67,67,67,65,65,65,44,44,44,37,37,42,37,37,37,23,67,57,43,43,43,43,43,43,43,43,28,28,21,11,0,0],"gold":66,"neow_bonus":"TEN_PERCENT_HP_BONUS","is_daily":false,"chose_seed":false,"campfire_upgraded":2,"win_rate":0.0,"timestamp":1614425006,"path_taken":["M","$","?","?","$","R","E","R","T","?","M","?","E","?","R","BOSS","M","M","?","$","?","R","?","R","T","E","$","M","M","M"],"items_purchased_type":["Card","Card","Card","Potion","Card","Potion"],"build_version":"2020-12-22","purchased_purges":0,"victory":false,"max_hp_per_floor":[77,77,77,77,77,77,77,77,77,77,77,82,82,82,82,82,82,82,82,82,82,82,82,82,82,82,82,82,82,82,82,82],"card_choices":[{"not_picked":["Slice","Endless Agony"],"picked":"Dagger Throw","floor":1.0},{"not_picked":["Backflip","Deflect"],"picked":"Quick Slash","floor":4.0},{"not_picked":["Bane","Slice"],"picked":"Noxious Fumes","floor":7.0},{"not_picked":["Outmaneuver","Dash"],"picked":"PiercingWail","floor":10.0},{"not_picked":["Deadly Poison","Footwork"],"picked":"PiercingWail","floor":11.0},{"not_picked":["Expertise","Well Laid Plans"],"picked":"Cloak And Dagger","floor":13.0},{"not_picked":["Storm of Steel","A Thousand Cuts"],"picked":"Corpse Explosion","floor":16.0},{"not_picked":["Noxious Fumes","PiercingWail"],"picked":"Bane+1","floor":18},{"not_picked":["Skewer","Poisoned Stab"],"picked":"Infinite Blades","floor":19},{"not_picked":["Cloak And Dagger+1","Reflex+1"],"picked":"Well Laid Plans","floor":27},{"not_picked":["Prepared+1","Acrobatics+1"],"picked":"Noxious Fumes","floor":29},{"not_picked":["Cloak And Dagger+1","PiercingWail+1"],"picked":"Corpse Explosion+1","floor":30}],"player_experience":5860616,"relics_obtained":[{"floor":7.0,"key":"Dream Catcher"},{"floor":9.0,"key":"Matryoshka"},{"floor":10.0,"key":"Odd Mushroom"},{"floor":13.0,"key":"Girya"},{"floor":26,"key":"Darkstone Periapt"},{"floor":27,"key":"Ginger"}],"event_choices":[{"damage_healed":0.0,"max_hp_gain":0.0,"max_hp_loss":0.0,"gold_gain":0.0,"event_name":"Accursed Blacksmith","player_choice":"Forge","floor":3.0,"gold_loss":0.0,"damage_taken":0.0,"cards_upgraded":["Neutralize"]},{"damage_healed":0.0,"max_hp_gain":0.0,"max_hp_loss":0.0,"gold_gain":0.0,"event_name":"Mushrooms","player_choice":"Fought Mushrooms","floor":10.0,"gold_loss":0.0,"damage_taken":0.0},{"damage_healed":0.0,"max_hp_gain":5.0,"max_hp_loss":0.0,"gold_gain":0.0,"event_name":"Big Fish","player_choice":"Donut","floor":12.0,"gold_loss":0.0,"damage_taken":0.0},{"damage_healed":0,"gold_gain":0,"player_choice":"Opened","damage_taken":0,"relics_obtained":["Toxic Egg 2"],"max_hp_gain":0,"max_hp_loss":0,"event_name":"The Mausoleum","floor":20,"gold_loss":0},{"damage_healed":0,"gold_gain":0,"player_choice":"Ignored","damage_taken":0,"max_hp_gain":0,"max_hp_loss":0,"event_name":"Cursed Tome","floor":22,"gold_loss":0},{"damage_healed":0,"gold_gain":0,"player_choice":"Simplicity","damage_taken":0,"max_hp_gain":0,"max_hp_loss":0,"event_name":"Back to Basics","floor":24,"gold_loss":0,"cards_upgraded":["Strike_G","Strike_G","Defend_G","Defend_G","Defend_G","Defend_G","Defend_G"]}],"is_beta":false,"boss_relics":[{"not_picked":["Velvet Choker","Sozu"],"picked":"Astrolabe"}],"items_purged_floors":[],"is_endless":false,"potions_floor_spawned":[7,16,19,29],"killed_by":"Sentry and Sphere","ascension_level":7}}