{"host":"s88k97ee8ljqz1kp","time":1614459939,"event":{"mods":["Act Like it!","BaseMod","Beaked The Cultist","BshForSts","Clawfect","Communication Mod","Friendly Minions","GifTheSpireLib","Minty Spire (QoL Compilation)","Relic Stats","Replay The Spire","StSLib","SuperFastMode","The Jungle","yUi"],"gold_per_floor":[117,117,133,133,166,166,191,206,257,285,285,285,250,267,267,364,364,381,148,181,181,193,193,193,193],"floor_reached":24,"language":"ENG","playtime":1032,"items_purged":["Defend_B"],"score":241,"play_id":"235db1de-a4b0-4368-af76-c1cb3598f225","local_time":"20210227160539","is_ascension_mode":true,"campfire_choices":[{"data":"Skim","floor":6,"key":"SMITH"},{"floor":15,"key":"REST"},{"data":"Reprogram","floor":23,"key":"SMITH"}],"circlet_count":0,"master_deck":["Gash","Gash","Gash","Gash+1","Defend_B","Defend_B+1","Defend_B+1","Defend_B","Clawfect:ClawAndTear","Skim+1","Genetic Algorithm","Conserve Battery","Conserve Battery","Clawfect:ClawCell","Reprogram+1","Static Discharge","Clawfect:Clawter+1","Fusion+1"],"relics":["Clawfect:DRClaw","Boot","ReplayTheSpireMod:Ring of Challenge","Sundial","Vajra","Lantern","Sozu","Bronze Scales"],"acts_visited":["Exordium","Exordium"],"potions_floor_usage":[22,24],"damage_taken":[{"damage":1,"enemies":"Jaw Worm","floor":1,"turns":3},{"damage":0,"enemies":"Small Slimes","floor":3,"turns":3},{"damage":0,"enemies":"2 Louse","floor":5,"turns":3},{"damage":8,"enemies":"Lagavulin","floor":7,"turns":4},{"damage":22,"enemies":"Exordium Thugs","floor":8,"turns":4},{"damage":26,"enemies":"3 Sentries","floor":10,"turns":7},{"damage":4,"enemies":"Lots of Slimes","floor":14,"turns":5},{"damage":12,"enemies":"Hexaghost","floor":16,"turns":6},{"damage":3,"enemies":"theJungle:MUSHROOMGANG","floor":18,"turns":4},{"damage":12,"enemies":"theJungle:GiantWrat","floor":20,"turns":6},{"damage":3,"enemies":"theJungle:Snecko_Cultist_And_Trap","floor":22,"turns":6},{"damage":59,"enemies":"theJungle:MamaSnecko","floor":24,"turns":5}],"seed_played":"7693178336219641646","potions_obtained":[{"floor":5,"key":"Dexterity Potion"},{"floor":8,"key":"Fire Potion"},{"floor":10,"key":"SkillPotion"}],"is_trial":false,"path_per_floor":["M","?","M","?","M","R","E","M","T","E","?","?","?","M","R","B",null,"M","$","M","?","M","R","E"],"character_chosen":"DEFECT","items_purchased":["Reprogram","Static Discharge"],"campfire_rested":1,"item_purchase_floors":[19,19],"current_hp_per_floor":[74,74,74,74,74,74,66,44,44,18,3,3,21,17,39,27,75,72,72,60,60,57,57,0,0],"gold":193,"neow_bonus":"RANDOM_COMMON_RELIC","is_daily":false,"chose_seed":false,"campfire_upgraded":2,"win_rate":0.0,"timestamp":1614459939,"path_taken":["M","?","M","?","M","R","E","M","T","E","?","?","?","M","R","BOSS","M","$","M","?","M","R","E"],"items_purchased_type":["Card","Card"],"build_version":"2020-12-22","purchased_purges":1,"victory":false,"max_hp_per_floor":[75,75,75,75,75,75,75,75,75,75,75,75,75,75,75,75,75,75,75,75,75,75,75,75,75],"relic_stats":{"Sozu":1,"counters":[12,56],"Sundial":[10],"Bronze Scales":[21],"Boot":[93],"obtain_stats":[{"Sozu":17,"Lantern":10,"Sundial":7,"Bronze Scales":21,"Vajra":9,"ReplayTheSpireMod:Ring of Challenge":4,"Clawfect:DRClaw":0,"Boot":0},{"Sozu":8,"Lantern":6,"Sundial":4,"Bronze Scales":10,"Vajra":5,"ReplayTheSpireMod:Ring of Challenge":2,"Clawfect:DRClaw":0,"Boot":0},{"Sozu":35,"Lantern":24,"Sundial":13,"Bronze Scales":45,"Vajra":17,"ReplayTheSpireMod:Ring of Challenge":6,"Clawfect:DRClaw":0,"Boot":0}]},"card_choices":[{"not_picked":["Gash","Steam"],"picked":"Clawfect:ClawAndTear","floor":1},{"not_picked":["Stack","Hello World","Redo"],"picked":"SKIP","floor":3},{"not_picked":["BasicCrystalCard","Stack"],"picked":"Skim","floor":5},{"not_picked":["Coolheaded","Darkness"],"picked":"Genetic Algorithm","floor":7},{"not_picked":["Hello World","Turbo"],"picked":"Conserve Battery","floor":8},{"not_picked":["Steam Power","Clawfect:ScrapingClaw"],"picked":"Conserve Battery","floor":10},{"not_picked":["Conserve Battery","Stack"],"picked":"Clawfect:ClawCell","floor":14},{"not_picked":["Redo","FIFO Queue+1","Reinforced Body"],"picked":"SKIP","floor":18},{"not_picked":["Clawfect:ClawSnap+1","BasicCrystalCard"],"picked":"Clawfect:Clawter+1","floor":20},{"not_picked":["FIFO Queue","ReplayTheSpireMod:Repulse"],"picked":"Fusion+1","floor":22}],"player_experience":211945,"relics_obtained":[{"floor":4,"key":"ReplayTheSpireMod:Ring of Challenge"},{"floor":7,"key":"Sundial"},{"floor":9,"key":"Vajra"},{"floor":10,"key":"Lantern"}],"event_choices":[{"damage_healed":0,"gold_gain":0,"player_choice":"Entered Light","damage_taken":15,"max_hp_gain":0,"max_hp_loss":0,"event_name":"Shining Light","floor":11,"gold_loss":0,"cards_upgraded":["Defend_B","Gash"]},{"damage_healed":0,"gold_gain":0,"player_choice":"Ignored","damage_taken":0,"max_hp_gain":0,"max_hp_loss":0,"event_name":"Golden Wing","floor":12,"gold_loss":0},{"damage_healed":18,"gold_gain":0,"player_choice":"Healed","damage_taken":0,"max_hp_gain":0,"max_hp_loss":0,"event_name":"The Cleric","floor":13,"gold_loss":35},{"cards_removed":["Gash"],"damage_healed":0,"gold_gain":0,"player_choice":"Gave Card","damage_taken":0,"relics_obtained":["Bronze Scales"],"max_hp_gain":0,"max_hp_loss":0,"event_name":"WeMeetAgain","floor":21,"gold_loss":0}],"is_beta":false,"boss_relics":[{"not_picked":["Abe\u0027s Treasure","Cursed Key"],"picked":"Sozu"}],"items_purged_floors":[19],"is_endless":false,"potions_floor_spawned":[5,8,10,20,22],"killed_by":"theJungle:MamaSnecko","ascension_level":1}}