{"host":"dm4yvegl9um2tlqd","time":1614453270,"event":{"mods":["2.2 Compatiblity","AchievementEnabler","BaseMod","Colored Map","DeckTracker","Highlight Path","KOR Keyword Fix","Keyboard Shortcuts","Minty Spire (QoL Compilation)","Permanent Neow","Quick Restart","Random Character Button","StSLib","SuperFastMode","everything is the same but u backflip on backflip"],"gold_per_floor":[109,109,109,120,130,130,148,148,148,178,192,192,204,81,81,180,180,199,215,247,247,267,267,299,299,299,312,346,364,364,376,376,471,471,484,484,242,262,262,262,262,310,310,250,267,280,280,308,308,308],"floor_reached":51,"language":"KOR","playtime":2826,"items_purged":["Strike_B","Defend_B"],"score":921,"play_id":"2beb1bdd-0b6f-47c6-956d-55a04a403e12","local_time":"20210228041430","is_ascension_mode":true,"campfire_choices":[{"data":"Echo Form","floor":6.0,"key":"SMITH"},{"data":"Darkness","floor":8.0,"key":"SMITH"},{"floor":12.0,"key":"REST"},{"data":"Chill","floor":15.0,"key":"SMITH"},{"data":"White Noise","floor":23,"key":"SMITH"},{"data":"Blizzard","floor":25,"key":"SMITH"},{"data":"Loop","floor":30,"key":"SMITH"},{"data":"Seek","floor":32,"key":"SMITH"},{"data":"White Noise","floor":40,"key":"SMITH"},{"floor":47,"key":"REST"},{"floor":49,"key":"REST"}],"circlet_count":0,"master_deck":["Defend_B","Defend_B","Zap","Dualcast","Echo Form+1","Coolheaded","Coolheaded","Genetic Algorithm","Darkness+1","Blizzard+1","Loop+1","Chill+1","Ball Lightning","Seek","Darkness+1","Sunder+1","Defragment+1","White Noise+1","Conserve Battery","Redo","Compile Driver","Seek+1","Doom and Gloom+1","Flash of Steel+1","Glacier","Blizzard+1","White Noise+1","Stack","Cold Snap+1","All For One+1","Storm","Echo Form","Steam+1","Force Field+1"],"relics":["Cracked Core","Sundial","MealTicket","Mummified Hand","Astrolabe","Red Mask","Smiling Mask","Unceasing Top","Molten Egg 2","Philosopher\u0027s Stone","Calipers","Bottled Flame","Lantern"],"acts_visited":["Exordium","TheCity","TheBeyond"],"potions_floor_usage":[20,24,33,33,42,48],"damage_taken":[{"damage":1.0,"enemies":"Cultist","floor":1.0,"turns":3.0},{"damage":4.0,"enemies":"Jaw Worm","floor":4.0,"turns":5.0},{"damage":10.0,"enemies":"Small Slimes","floor":5.0,"turns":3.0},{"damage":10.0,"enemies":"Blue Slaver","floor":7.0,"turns":6.0},{"damage":21.0,"enemies":"3 Sentries","floor":10.0,"turns":7.0},{"damage":17.0,"enemies":"Exordium Wildlife","floor":11.0,"turns":4.0},{"damage":4.0,"enemies":"Exordium Thugs","floor":13.0,"turns":4.0},{"damage":23.0,"enemies":"Hexaghost","floor":16.0,"turns":9.0},{"damage":0.0,"enemies":"Spheric Guardian","floor":18.0,"turns":4.0},{"damage":5,"enemies":"Chosen","floor":19,"turns":3},{"damage":0,"enemies":"Masked Bandits","floor":20,"turns":4},{"damage":5,"enemies":"Centurion and Healer","floor":22,"turns":5},{"damage":8,"enemies":"Slavers","floor":24,"turns":5},{"damage":6,"enemies":"Snake Plant","floor":27,"turns":4},{"damage":0,"enemies":"Gremlin Leader","floor":28,"turns":5},{"damage":0,"enemies":"Sentry and Sphere","floor":29,"turns":4},{"damage":0,"enemies":"Chosen and Byrds","floor":31,"turns":5},{"damage":19,"enemies":"Collector","floor":33,"turns":7},{"damage":15,"enemies":"Orb Walker","floor":35,"turns":3},{"damage":8,"enemies":"3 Shapes","floor":38,"turns":4},{"damage":29,"enemies":"2 Orb Walkers","floor":42,"turns":4},{"damage":0,"enemies":"Jaw Worm Horde","floor":45,"turns":2},{"damage":0,"enemies":"Transient","floor":46,"turns":5},{"damage":15,"enemies":"Nemesis","floor":48,"turns":5},{"damage":26,"enemies":"Awakened One","floor":50,"turns":10}],"seed_played":"5882705818079650335","potions_obtained":[{"floor":5.0,"key":"GamblersBrew"},{"floor":10.0,"key":"Energy Potion"},{"floor":13.0,"key":"Explosive Potion"},{"floor":22,"key":"PowerPotion"},{"floor":24,"key":"PowerPotion"},{"floor":33,"key":"DistilledChaos"},{"floor":45,"key":"Weak Potion"}],"is_trial":false,"path_per_floor":["M","T","?","M","M","R","M","R","T","E","M","R","M","$","R","B",null,"M","M","?","?","M","R","E","R","T","M","E","M","R","M","R","B",null,"M","?","$","M","?","R","?","?","T","?","M","M","R","E","R","B",null],"character_chosen":"DEFECT","items_purchased":["Ball Lightning","Glacier","Blizzard+1","White Noise"],"campfire_rested":3,"item_purchase_floors":[14,37,37,37],"current_hp_per_floor":[67,67,72,68,58,58,48,48,48,27,10,31,27,42,42,19,60,60,55,55,55,50,50,42,42,42,36,36,36,36,36,36,17,59,44,44,59,51,51,51,51,22,22,22,22,22,42,27,47,21],"gold":308,"neow_bonus":"THREE_RARE_CARDS","is_daily":false,"chose_seed":false,"campfire_upgraded":8,"win_rate":0.0,"timestamp":1614453270,"path_taken":["M","?","?","M","M","R","M","R","T","E","M","R","M","$","R","BOSS","M","M","?","?","M","R","E","R","T","?","E","M","R","M","R","BOSS","M","?","$","M","?","R","?","?","T","?","M","M","R","E","R","BOSS"],"items_purchased_type":["Card","Card","Card","Card"],"build_version":"2020-12-22","purchased_purges":2,"victory":true,"max_hp_per_floor":[68,68,73,73,73,73,73,73,73,73,73,73,73,73,73,73,73,73,73,73,73,73,73,73,73,73,73,73,73,73,73,73,73,73,73,73,73,73,73,73,69,69,69,69,69,69,69,69,69,69],"card_choices":[{"not_picked":["Amplify","Buffer"],"picked":"Echo Form","floor":0.0},{"not_picked":["Beam Cell","Go for the Eyes"],"picked":"Coolheaded","floor":1.0},{"not_picked":["Hologram","Reprogram"],"picked":"Coolheaded","floor":4.0},{"not_picked":["Hologram","Lockon"],"picked":"Genetic Algorithm","floor":5.0},{"not_picked":["Lockon","Coolheaded"],"picked":"Darkness","floor":7.0},{"not_picked":["All For One","Gash"],"picked":"Blizzard","floor":10.0},{"not_picked":["Coolheaded","Steam"],"picked":"Loop","floor":11.0},{"not_picked":["Rainbow","Barrage"],"picked":"Chill","floor":13.0},{"not_picked":["Fission","Amplify"],"picked":"Seek","floor":16.0},{"not_picked":["Go for the Eyes+1","Melter"],"picked":"White Noise","floor":18},{"not_picked":["Streamline","Gash+1"],"picked":"Conserve Battery","floor":19},{"not_picked":["Hologram","Tempest+1"],"picked":"Compile Driver","floor":22},{"not_picked":["Sweeping Beam","Beam Cell+1"],"picked":"Seek","floor":24},{"not_picked":["Compile Driver","Loop"],"picked":"Hello World+1","floor":27},{"not_picked":["Sweeping Beam+1","Rip and Tear+1","Hologram"],"picked":"SKIP","floor":28},{"not_picked":["Beam Cell+1","Redo"],"picked":"Doom and Gloom+1","floor":29},{"not_picked":["Sweeping Beam+1","Melter+1","Static Discharge+1"],"picked":"SKIP","floor":31},{"not_picked":["Fission","Seek"],"picked":"Core Surge+1","floor":33},{"not_picked":["Sunder+1","Steam Power+1","Hologram"],"picked":"SKIP","floor":35},{"not_picked":["Sadistic Nature","Forethought"],"picked":"Flash of Steel+1","floor":36},{"not_picked":["Sweeping Beam+1","Leap+1"],"picked":"Stack","floor":38},{"not_picked":["Ball Lightning+1","Steam Power"],"picked":"Cold Snap+1","floor":42},{"not_picked":["Steam+1","Darkness+1"],"picked":"Echo Form","floor":45},{"not_picked":["Conserve Battery","Coolheaded+1"],"picked":"Steam+1","floor":46},{"not_picked":["Recycle+1","Scrape+1"],"picked":"Force Field+1","floor":48}],"player_experience":110169,"relics_obtained":[{"floor":2.0,"key":"Sundial"},{"floor":9.0,"key":"MealTicket"},{"floor":10.0,"key":"Mummified Hand"},{"floor":20,"key":"Red Mask"},{"floor":24,"key":"Smiling Mask"},{"floor":26,"key":"Unceasing Top"},{"floor":28,"key":"Molten Egg 2"},{"floor":42,"key":"Calipers"},{"floor":43,"key":"Bottled Flame"},{"floor":48,"key":"Lantern"}],"event_choices":[{"damage_healed":0.0,"max_hp_gain":5.0,"max_hp_loss":0.0,"gold_gain":0.0,"event_name":"Big Fish","player_choice":"Donut","floor":3.0,"gold_loss":0.0,"damage_taken":0.0},{"damage_healed":0,"gold_gain":0,"player_choice":"Fought Bandits","damage_taken":0,"max_hp_gain":0,"max_hp_loss":0,"event_name":"Masked Bandits","floor":20,"gold_loss":0},{"damage_healed":0,"gold_gain":0,"player_choice":"Read","damage_taken":0,"max_hp_gain":0,"max_hp_loss":0,"event_name":"The Library","floor":21,"gold_loss":0,"cards_obtained":["Redo"]},{"damage_healed":0,"gold_gain":0,"player_choice":"Memory 1","damage_taken":0,"max_hp_gain":0,"max_hp_loss":0,"event_name":"SensoryStone","floor":36,"gold_loss":0},{"cards_removed":["Hello World"],"damage_healed":0,"gold_gain":0,"player_choice":"Removed Power","damage_taken":0,"max_hp_gain":0,"max_hp_loss":0,"event_name":"Falling","floor":39,"gold_loss":0},{"damage_healed":0,"gold_gain":0,"player_choice":"Max HP","damage_taken":0,"max_hp_gain":0,"max_hp_loss":4,"event_name":"Winding Halls","floor":41,"gold_loss":0},{"damage_healed":0,"gold_gain":0,"player_choice":"Fight","damage_taken":0,"max_hp_gain":0,"max_hp_loss":0,"event_name":"Mysterious Sphere","floor":42,"gold_loss":0},{"damage_healed":0,"gold_gain":0,"cards_transformed":["Core Surge","Defend_B"],"player_choice":"Transformed Cards","damage_taken":0,"max_hp_gain":0,"max_hp_loss":0,"event_name":"Designer","floor":44,"gold_loss":60,"cards_obtained":["All For One","Storm"]}],"is_beta":false,"boss_relics":[{"not_picked":["Busted Crown","SacredBark"],"picked":"Astrolabe"},{"not_picked":["Runic Pyramid","Velvet Choker"],"picked":"Philosopher\u0027s Stone"}],"items_purged_floors":[14,37],"is_endless":false,"potions_floor_spawned":[5,10,13,16,19,22,24,27,33,45],"ascension_level":5}}