{"host":"ut3q8wc68upnfjmc","time":1614406554,"event":{"mods":["BaseMod","Colored Map","Colored Powertips","Downfall","Minty Spire (QoL Compilation)","StSLib","Unceasing Turn Reminder"],"gold_per_floor":[109,109,119,194,194,194,204,218,294,308,258,258,258,273,273,372,372,385,49,69,84,97,124,74,74,74,101,101,118,148,58,58,162,162,180,191,45,45,45,80,80,108,108,124,174,189,8,28,28,28],"floor_reached":51,"language":"ENG","playtime":3040,"items_purged":["Strike_B","Strike_B","Defend_B"],"score":1001,"play_id":"c8df7549-d421-48f9-8997-698f1b932ef8","local_time":"20210227001554","is_ascension_mode":true,"campfire_choices":[{"data":"Gash","floor":6,"key":"SMITH"},{"floor":12,"key":"REST"},{"data":"Gash","floor":15,"key":"SMITH"},{"data":"Fission","floor":25,"key":"SMITH"},{"data":"White Noise","floor":32,"key":"SMITH"},{"floor":41,"key":"DIG"},{"data":"Buffer","floor":49,"key":"SMITH"}],"circlet_count":0,"master_deck":["Strike_B+1","Strike_B+1","Defend_B+1","Defend_B+1","Zap","Dualcast","Gash+1","Gash+1","Darkness","Streamline","BootSequence","Genetic Algorithm","Fission+1","Bandage Up","Beam Cell","Hologram","Go for the Eyes","Scrape","FTL","White Noise+1","Ghostly","Ghostly+1","Ghostly","Ghostly","Ghostly","Coolheaded","Sweeping Beam+1","Buffer+1","Leap+1","Ball Lightning+1","Gash+1","Purity","Deep Breath","Beam Cell+1","Loop+1","Hologram","Rebound+1","Purity","Reinforced Body","Static Discharge"],"relics":["FrozenCore","Smiling Mask","Tiny Chest","Ornamental Fan","Mercury Hourglass","Coffee Dripper","Whetstone","Dream Catcher","Unceasing Top","Bag of Preparation","Oddly Smooth Stone","DollysMirror","Pen Nib","Shovel","StoneCalendar","Ancient Tea Set","Du-Vu Doll"],"acts_visited":["Exordium","TheCity","TheBeyond"],"potions_floor_usage":[10,16,16,16,16,23,27,27,27,33,36,40,50,50],"damage_taken":[{"damage":1,"enemies":"Jaw Worm","floor":1,"turns":3},{"damage":3,"enemies":"2 Louse","floor":3,"turns":2},{"damage":2,"enemies":"Small Slimes","floor":7,"turns":3},{"damage":20,"enemies":"3 Louse","floor":8,"turns":3},{"damage":10,"enemies":"Gremlin Gang","floor":10,"turns":4},{"damage":0,"enemies":"Looter","floor":14,"turns":3},{"damage":0,"enemies":"Slime Boss","floor":16,"turns":6},{"damage":7,"enemies":"2 Thieves","floor":18,"turns":4},{"damage":0,"enemies":"Chosen","floor":20,"turns":4},{"damage":14,"enemies":"Centurion and Healer","floor":21,"turns":5},{"damage":24,"enemies":"Snake Plant","floor":22,"turns":5},{"damage":19,"enemies":"Book of Stabbing","floor":23,"turns":6},{"damage":0,"enemies":"Gremlin Leader","floor":27,"turns":3},{"damage":1,"enemies":"Cultist and Chosen","floor":29,"turns":6},{"damage":0,"enemies":"Slavers","floor":30,"turns":7},{"damage":2,"enemies":"Champ","floor":33,"turns":10},{"damage":0,"enemies":"3 Shapes","floor":35,"turns":3},{"damage":0,"enemies":"3 Darklings","floor":36,"turns":5},{"damage":8,"enemies":"Nemesis","floor":40,"turns":7},{"damage":0,"enemies":"Reptomancer","floor":42,"turns":6},{"damage":0,"enemies":"Sphere and 2 Shapes","floor":44,"turns":4},{"damage":2,"enemies":"Mind Bloom Boss Battle","floor":45,"turns":6},{"damage":7,"enemies":"Transient","floor":46,"turns":5},{"damage":11,"enemies":"3 Darklings","floor":48,"turns":4},{"damage":0,"enemies":"Time Eater","floor":50,"turns":8}],"seed_played":"5843753883857414162","potions_obtained":[{"floor":1,"key":"FocusPotion"},{"floor":8,"key":"Dexterity Potion"},{"floor":10,"key":"EntropicBrew"},{"floor":16,"key":"Energy Potion"},{"floor":21,"key":"FocusPotion"},{"floor":23,"key":"Strength Potion"},{"floor":29,"key":"Block Potion"},{"floor":30,"key":"Energy Potion"},{"floor":35,"key":"Fire Potion"},{"floor":42,"key":"SpeedPotion"},{"floor":46,"key":"SpeedPotion"},{"floor":48,"key":"Fire Potion"}],"is_trial":false,"path_per_floor":["M","?","M","?","?","R","M","M","T","M","?","R","T","M","R","B",null,"M","$","M","M","M","E","$","R","T","E","?","M","E","?","R","B",null,"M","M","$","T","?","E","R","E","T","M","?","M","$","M","R","B",null],"character_chosen":"DEFECT","items_purchased":["Bandage Up","Beam Cell","Whetstone","DollysMirror","Purity","Reinforced Body"],"campfire_rested":1,"item_purchase_floors":[19,19,19,37,47,47],"current_hp_per_floor":[74,74,71,60,45,45,43,23,23,13,13,35,35,35,35,35,75,68,68,72,62,42,27,27,27,27,31,31,34,37,37,37,35,37,37,37,37,37,32,28,28,32,32,32,34,30,30,23,23,27],"gold":28,"neow_bonus":"RANDOM_COMMON_RELIC","is_daily":false,"chose_seed":false,"campfire_upgraded":5,"win_rate":0.0,"timestamp":1614406554,"path_taken":["M","?","M","?","?","R","M","M","T","M","?","R","?","M","R","BOSS","M","$","M","M","?","E","$","R","T","E","?","M","E","?","R","BOSS","M","M","$","?","?","E","R","E","T","M","?","M","$","?","R","BOSS"],"items_purchased_type":["Card","Card","Relic","Relic","Card","Card"],"build_version":"2020-12-22","purchased_purges":3,"victory":true,"max_hp_per_floor":[75,75,75,75,75,75,75,75,75,75,75,75,75,75,75,75,75,75,75,75,75,75,75,75,75,75,75,37,37,37,37,37,37,37,37,37,37,37,37,37,37,37,37,37,37,37,37,37,37,37],"card_choices":[{"not_picked":["Fusion","Rebound"],"picked":"Gash","floor":1},{"not_picked":["Chill","BootSequence"],"picked":"Gash","floor":3},{"not_picked":["Hello World","Stack"],"picked":"Darkness","floor":7},{"not_picked":["Chaos","Blizzard"],"picked":"Streamline","floor":8},{"not_picked":["Double Energy","Steam"],"picked":"BootSequence","floor":10},{"not_picked":["Ball Lightning","Barrage"],"picked":"Genetic Algorithm","floor":14},{"not_picked":["Machine Learning","Thunder Strike"],"picked":"Fission","floor":16},{"not_picked":["Hello World","Cold Snap","Redo"],"picked":"SKIP","floor":18},{"not_picked":["Genetic Algorithm","Defragment"],"picked":"Hologram","floor":20},{"not_picked":["Melter","Ball Lightning"],"picked":"Go for the Eyes","floor":21},{"not_picked":["Beam Cell+1","Sweeping Beam"],"picked":"Scrape","floor":22},{"not_picked":["Capacitor+1","Rebound+1"],"picked":"FTL","floor":23},{"not_picked":["Redo","Sweeping Beam"],"picked":"White Noise","floor":27},{"not_picked":["Storm","Genetic Algorithm"],"picked":"Coolheaded","floor":29},{"not_picked":["Lockon","Recycle"],"picked":"Sweeping Beam+1","floor":30},{"not_picked":["Multi-Cast","Fission"],"picked":"Buffer","floor":33},{"not_picked":["Barrage","Glacier"],"picked":"Leap+1","floor":35},{"not_picked":["Hello World","Cold Snap+1"],"picked":"Ball Lightning+1","floor":36},{"not_picked":["Jack Of All Trades","Enlightenment"],"picked":"Purity","floor":39},{"not_picked":["Forethought","Dark Shackles"],"picked":"Deep Breath","floor":39},{"not_picked":["Steam+1","Sweeping Beam+1"],"picked":"Beam Cell+1","floor":40},{"not_picked":["Creative AI","Coolheaded+1"],"picked":"Loop+1","floor":42},{"not_picked":["Doom and Gloom","Go for the Eyes"],"picked":"Hologram","floor":44},{"not_picked":["Beam Cell","Coolheaded"],"picked":"Rebound+1","floor":46},{"not_picked":["Force Field","Barrage+1"],"picked":"Static Discharge","floor":48}],"player_experience":85467,"relics_obtained":[{"floor":9,"key":"Ornamental Fan"},{"floor":13,"key":"Mercury Hourglass"},{"floor":23,"key":"Dream Catcher"},{"floor":26,"key":"Unceasing Top"},{"floor":27,"key":"Bag of Preparation"},{"floor":30,"key":"Oddly Smooth Stone"},{"floor":38,"key":"Pen Nib"},{"floor":40,"key":"Shovel"},{"floor":41,"key":"StoneCalendar"},{"floor":42,"key":"Ancient Tea Set"},{"floor":45,"key":"Du-Vu Doll"}],"event_choices":[{"damage_healed":0,"gold_gain":0,"player_choice":"Box","damage_taken":0,"relics_obtained":["Tiny Chest"],"max_hp_gain":0,"max_hp_loss":0,"event_name":"Big Fish","floor":2,"gold_loss":0,"cards_obtained":["Regret"]},{"damage_healed":0,"gold_gain":75,"player_choice":"Gather Gold","damage_taken":11,"max_hp_gain":0,"max_hp_loss":0,"event_name":"World of Goop","floor":4,"gold_loss":0},{"damage_healed":0,"gold_gain":0,"player_choice":"Entered Light","damage_taken":15,"max_hp_gain":0,"max_hp_loss":0,"event_name":"Shining Light","floor":5,"gold_loss":0,"cards_upgraded":["Defend_B","Defend_B"]},{"cards_removed":["Regret"],"damage_healed":0,"gold_gain":0,"player_choice":"Card Removal","damage_taken":0,"max_hp_gain":0,"max_hp_loss":0,"event_name":"The Cleric","floor":11,"gold_loss":50},{"damage_healed":0,"gold_gain":0,"player_choice":"Became a Ghost","damage_taken":0,"max_hp_gain":0,"max_hp_loss":38,"event_name":"Ghosts","floor":28,"gold_loss":0,"cards_obtained":["Ghostly","Ghostly","Ghostly","Ghostly","Ghostly"]},{"cards_removed":["Defend_B"],"damage_healed":0,"gold_gain":0,"player_choice":"Upgrade and Remove","damage_taken":0,"max_hp_gain":0,"max_hp_loss":0,"event_name":"Designer","floor":31,"gold_loss":90,"cards_upgraded":["Ghostly"]},{"damage_healed":0,"gold_gain":0,"player_choice":"Memory 2","damage_taken":5,"max_hp_gain":0,"max_hp_loss":0,"event_name":"SensoryStone","floor":39,"gold_loss":0},{"damage_healed":0,"gold_gain":0,"player_choice":"Fight","damage_taken":0,"max_hp_gain":0,"max_hp_loss":0,"event_name":"MindBloom","floor":45,"gold_loss":0}],"is_beta":false,"boss_relics":[{"not_picked":["Snecko Eye","Fusion Hammer"],"picked":"Coffee Dripper"},{"not_picked":["Tiny House","Runic Dome"],"picked":"FrozenCore"}],"items_purged_floors":[19,24,47],"is_endless":false,"potions_floor_spawned":[1,8,10,16,21,23,29,30,35,42,46,48],"ascension_level":1}}