{"host":"3omna1v4kuj0u9pv","time":1614393320,"event":{"mods":["AchievementEnabler","Act Like it!","Aspiration","BaseMod","Better Altar","Better Match","Better Note","Better Sensory Stone","Better Skull","Better Third Choice","Better Vampires","BetterRewards","CCEM2","CapriCore","Conspire","Curses Come First","Displayed Cursed Tome","Downfall","Fox Events","Halation","Hubris","Infinite Spire","Library of Ruina","Library of Ruina Extra","Minty Spire (QoL Compilation)","Permanent Neow","Poor People Problems","Rare Cards Sparkle","Reliquary","Replay The Spire","Ruina","Shop Mod","Spicy Shops","StSLib","The Animator","Transform Curses"],"gold_per_floor":[112,128,139,153,153,153,167,167,167,167,167,167,187,202,202,202,202],"floor_reached":16,"language":"ENG","playtime":1090,"items_purged":[],"score":119,"play_id":"21b78c0f-9605-4250-baa3-ec12ec0d9eb3","local_time":"20210227123520","is_ascension_mode":false,"campfire_choices":[{"data":"ToOvercomeCrisis","floor":6,"key":"SMITH"},{"floor":10,"key":"REST"},{"floor":15,"key":"REST"}],"circlet_count":0,"master_deck":["LightDefense","LightAttack","LightAttack","LightDefense","LightDefense","LightDefense","ChargeAndCover","FocusedStrikes","ToOvercomeCrisis+1","EndlessBattle","BayonetCombat","IronWall","Reload"],"relics":["PageOfLibrarian","hubris:Towel","infinitespire:EmpoweringShard","halation:PinkSoulGem"],"acts_visited":["Exordium"],"potions_floor_usage":[14],"damage_taken":[{"damage":2,"enemies":"Cultist","floor":1,"turns":4},{"damage":3,"enemies":"Small Slimes","floor":2,"turns":3},{"damage":3,"enemies":"Jaw Worm","floor":3,"turns":3},{"damage":9,"enemies":"2 Fungi Beasts","floor":4,"turns":4},{"damage":0,"enemies":"Large Slime","floor":7,"turns":5},{"damage":9,"enemies":"Lots of Slimes","floor":13,"turns":5},{"damage":0,"enemies":"3 Louse","floor":14,"turns":2},{"damage":19,"enemies":"Fading Forest","floor":16,"turns":9}],"seed_played":"4120652664358979654","potions_obtained":[{"floor":4,"key":"Fire Potion"},{"floor":7,"key":"PowerPotion"},{"floor":13,"key":"Explosive Potion"},{"floor":14,"key":"Regen Potion"}],"is_trial":false,"path_per_floor":["M","M","M","M","?","R","M","?","T","R","?","?","M","M","R","B"],"character_chosen":"Librarian","items_purchased":[],"campfire_rested":2,"item_purchase_floors":[],"current_hp_per_floor":[58,55,52,43,36,36,36,36,36,61,61,61,52,52,77,74,74],"gold":202,"neow_bonus":"TRANSFORM_CARD","is_daily":false,"chose_seed":false,"campfire_upgraded":1,"win_rate":0.0,"timestamp":1614393320,"path_taken":["M","M","M","?","?","R","M","?","T","R","?","?","M","?","R","BOSS"],"items_purchased_type":[],"build_version":"2020-12-22","purchased_purges":0,"victory":false,"max_hp_per_floor":[62,74,81,81,81,81,84,84,84,84,84,84,84,84,84,84,84],"card_choices":[{"not_picked":["DesperateStruggle","ClassAndRespect","HighKick"],"picked":"EndlessBattle","floor":1},{"not_picked":["FrontalAssault","Reload","BizarreAttack"],"picked":"BayonetCombat","floor":2},{"not_picked":["Rewind","StrongStrike","GuardingStance","BizarreAttack"],"picked":"SKIP","floor":3},{"not_picked":["GaleKick","BlazingStrike","FrontalAssault"],"picked":"IronWall","floor":4},{"not_picked":["FierceCharge","GuardingStance","WildCard","SturdyDefense"],"picked":"SKIP","floor":7},{"not_picked":["ViolentFlame","ClassAndRespect","EnergyCycle"],"picked":"Reload","floor":13},{"not_picked":["HighKick","QuickAttack","GuardingStance","EnergyCycle"],"picked":"SKIP","floor":14}],"player_experience":149759,"relics_obtained":[{"floor":9,"key":"infinitespire:EmpoweringShard"}],"event_choices":[{"cards_removed":["LightAttack"],"damage_healed":0,"gold_gain":0,"player_choice":"Card Removal","damage_taken":7,"max_hp_gain":0,"max_hp_loss":0,"event_name":"Golden Wing","floor":5,"gold_loss":0},{"damage_healed":0,"gold_gain":0,"player_choice":"Leave","damage_taken":0,"max_hp_gain":0,"max_hp_loss":0,"event_name":"FaceTrader","floor":12,"gold_loss":0}],"is_beta":false,"boss_relics":[],"items_purged_floors":[],"is_endless":false,"potions_floor_spawned":[4,7,13,14],"killed_by":"Fading Forest","ascension_level":0}}