{"host":"xo57gvsl7e0wfzti","time":1614470869,"event":{"mods":["BaseMod","Minty Spire (QoL Compilation)","Weighted Paths"],"gold_per_floor":[119,119,44,57,69,95,95,127,182,182,211,211,211,230,230,306,306,320,335,335,364,384,415,427,470,482,508,130,130,147,147,147,223,223,242,254,476,476,51,78,78,104,104,135,154,154,169,181,181,181,181,181,38,63,63,63],"floor_reached":55,"language":"ENG","playtime":1735,"items_purged":["Shame","Decay"],"score":1412,"play_id":"20735222-53a2-4470-aefe-66886f304708","local_time":"20210227160749","is_ascension_mode":true,"campfire_choices":[{"data":"Bash","floor":7,"key":"SMITH"},{"data":"Double Tap","floor":10,"key":"SMITH"},{"data":"Disarm","floor":15,"key":"SMITH"},{"data":"Bludgeon","floor":24,"key":"SMITH"},{"data":"Whirlwind","floor":29,"key":"SMITH"},{"data":"Anger","floor":32,"key":"SMITH"},{"floor":49,"key":"RECALL"},{"floor":52,"key":"REST"}],"circlet_count":0,"master_deck":["AscendersBane","Strike_R","Strike_R","Defend_R","Defend_R","Defend_R","Defend_R","Bash+1","Disarm+1","Whirlwind+1","Anger+1","Uppercut+1","Pommel Strike","Reaper","Bludgeon+1","Necronomicurse","Disarm","Battle Trance","Anger","Feed","Metamorphosis+1","Shockwave+1","Disarm+1"],"relics":["Cursed Key","HornCleat","Anchor","Blood Vial","Red Skull","Bag of Preparation","Busted Crown","Necronomicon","Red Mask","MawBank","Centennial Puzzle","Magic Flower","Empty Cage","Toxic Egg 2","Orrery","Potion Belt","Self Forming Clay","Ice Cream","Charon\u0027s Ashes"],"acts_visited":["Exordium","TheCity","TheBeyond","TheEnding"],"potions_floor_usage":[6,21,22,30,42,44,50,55],"damage_taken":[{"damage":3,"enemies":"2 Louse","floor":1,"turns":2},{"damage":0,"enemies":"Cultist","floor":4,"turns":2},{"damage":0,"enemies":"Small Slimes","floor":5,"turns":3},{"damage":8,"enemies":"Lagavulin","floor":6,"turns":4},{"damage":20,"enemies":"Gremlin Nob","floor":8,"turns":4},{"damage":23,"enemies":"Lagavulin","floor":11,"turns":5},{"damage":0,"enemies":"Looter","floor":14,"turns":1},{"damage":8,"enemies":"Hexaghost","floor":16,"turns":8},{"damage":12,"enemies":"Shell Parasite","floor":18,"turns":6},{"damage":0,"enemies":"Chosen","floor":19,"turns":2},{"damage":0,"enemies":"Masked Bandits","floor":21,"turns":1},{"damage":0,"enemies":"Snake Plant","floor":22,"turns":1},{"damage":16,"enemies":"Book of Stabbing","floor":23,"turns":4},{"damage":17,"enemies":"Slavers","floor":25,"turns":4},{"damage":0,"enemies":"Centurion and Healer","floor":27,"turns":3},{"damage":0,"enemies":"3 Cultists","floor":30,"turns":3},{"damage":57,"enemies":"Automaton","floor":33,"turns":7},{"damage":20,"enemies":"3 Darklings","floor":35,"turns":4},{"damage":0,"enemies":"Orb Walker","floor":36,"turns":2},{"damage":11,"enemies":"Nemesis","floor":40,"turns":5},{"damage":33,"enemies":"Reptomancer","floor":42,"turns":4},{"damage":29,"enemies":"Giant Head","floor":44,"turns":6},{"damage":4,"enemies":"Writhing Mass","floor":45,"turns":3},{"damage":8,"enemies":"Maw","floor":47,"turns":5},{"damage":9,"enemies":"Spire Growth","floor":48,"turns":3},{"damage":58,"enemies":"Awakened One","floor":50,"turns":10},{"damage":53,"enemies":"Shield and Spear","floor":54,"turns":6},{"damage":50,"enemies":"The Heart","floor":55,"turns":3}],"seed_played":"4606799680117354513","potions_obtained":[{"floor":1,"key":"SkillPotion"},{"floor":4,"key":"DistilledChaos"},{"floor":16,"key":"Fruit Juice"},{"floor":18,"key":"BlessingOfTheForge"},{"floor":21,"key":"AttackPotion"},{"floor":27,"key":"Regen Potion"},{"floor":30,"key":"Energy Potion"},{"floor":36,"key":"DistilledChaos"},{"floor":40,"key":"LiquidBronze"},{"floor":44,"key":"BlessingOfTheForge"},{"floor":47,"key":"Fire Potion"}],"is_trial":false,"path_per_floor":["M","?","$","M","M","E","R","E","T","R","E","?","?","M","R","B",null,"M","M","?","?","M","E","R","E","T","M","$","R","M","?","R","B",null,"M","M","?","?","$","E","?","E","T","E","M","?","M","M","R","B",null,"R","$","E","B"],"character_chosen":"IRONCLAD","items_purchased":["Whirlwind","Magic Flower","Toxic Egg 2","Orrery","Disarm+1"],"campfire_rested":1,"item_purchase_floors":[3,28,39,39,53],"current_hp_per_floor":[65,65,65,65,65,57,57,37,37,37,16,16,34,36,36,40,66,64,66,45,47,49,43,43,35,35,37,37,37,80,80,80,35,67,57,60,60,60,60,52,52,34,34,32,42,42,49,61,61,29,64,76,76,23,0,0],"gold":63,"neow_bonus":"BOSS_RELIC","is_daily":false,"chose_seed":false,"campfire_upgraded":6,"win_rate":0.0,"timestamp":1614470869,"path_taken":["M","?","$","M","?","E","R","E","T","R","E","?","?","M","R","BOSS","M","M","?","?","M","E","R","E","T","M","$","R","M","?","R","BOSS","M","M","?","?","$","E","?","E","T","E","M","?","M","M","R","BOSS","R","$","E","BOSS"],"items_purchased_type":["Card","Relic","Relic","Relic","Card"],"build_version":"2020-12-22","purchased_purges":2,"victory":false,"max_hp_per_floor":[75,75,75,75,75,75,75,75,75,75,75,75,75,75,75,75,75,75,75,75,75,75,75,75,75,75,75,75,75,80,80,80,80,77,77,77,77,77,77,77,77,77,77,77,77,73,73,73,73,76,76,76,76,76,76,76],"card_choices":[{"not_picked":["Warcry","Heavy Blade"],"picked":"Disarm","floor":1},{"not_picked":["Heavy Blade","Warcry"],"picked":"Anger","floor":4},{"not_picked":["Dropkick","Clash"],"picked":"Uppercut","floor":5},{"not_picked":["Bloodletting","Uppercut"],"picked":"Double Tap","floor":6},{"not_picked":["Feel No Pain","Anger"],"picked":"Pommel Strike","floor":8},{"not_picked":["True Grit","Havoc"],"picked":"Reaper","floor":11},{"not_picked":["Thunderclap","Headbutt","Disarm"],"picked":"SKIP","floor":14},{"not_picked":["Barricade","Juggernaut"],"picked":"Bludgeon","floor":16},{"not_picked":["Anger"],"picked":"SKIP","floor":18},{"not_picked":["Metallicize"],"picked":"SKIP","floor":19},{"not_picked":["Armaments"],"picked":"SKIP","floor":22},{"not_picked":[],"picked":"Disarm","floor":23},{"not_picked":["Reckless Charge+1"],"picked":"SKIP","floor":25},{"not_picked":["Searing Blow"],"picked":"SKIP","floor":27},{"not_picked":["Armaments"],"picked":"SKIP","floor":30},{"not_picked":["Wild Strike"],"picked":"SKIP","floor":35},{"not_picked":["Burning Pact+1"],"picked":"SKIP","floor":36},{"not_picked":[],"picked":"Feed","floor":39},{"not_picked":["Armaments+1"],"picked":"SKIP","floor":40},{"not_picked":[],"picked":"Metamorphosis+1","floor":41},{"not_picked":["Blood for Blood+1"],"picked":"SKIP","floor":42},{"not_picked":["Twin Strike+1"],"picked":"SKIP","floor":44},{"not_picked":[],"picked":"Shockwave+1","floor":45},{"not_picked":["Uppercut"],"picked":"SKIP","floor":47},{"not_picked":["Cleave"],"picked":"SKIP","floor":48},{"not_picked":["Metallicize+1"],"picked":"SKIP","floor":54}],"player_experience":755116,"relics_obtained":[{"floor":6,"key":"Anchor"},{"floor":8,"key":"Blood Vial"},{"floor":9,"key":"Red Skull"},{"floor":11,"key":"Bag of Preparation"},{"floor":20,"key":"Necronomicon"},{"floor":21,"key":"Red Mask"},{"floor":23,"key":"MawBank"},{"floor":25,"key":"Centennial Puzzle"},{"floor":40,"key":"Potion Belt"},{"floor":42,"key":"Self Forming Clay"},{"floor":44,"key":"Ice Cream"},{"floor":54,"key":"Charon\u0027s Ashes"}],"event_choices":[{"damage_healed":0,"gold_gain":0,"player_choice":"Gave Potion","damage_taken":0,"relics_obtained":["HornCleat"],"max_hp_gain":0,"max_hp_loss":0,"event_name":"WeMeetAgain","floor":2,"gold_loss":0},{"damage_healed":0,"gold_gain":0,"player_choice":"Grow","damage_taken":0,"max_hp_gain":0,"max_hp_loss":0,"event_name":"Living Wall","floor":12,"gold_loss":0,"cards_upgraded":["Uppercut"]},{"damage_healed":18,"gold_gain":0,"player_choice":"Healed and dodged fight","damage_taken":0,"max_hp_gain":0,"max_hp_loss":0,"event_name":"Mushrooms","floor":13,"gold_loss":0,"cards_obtained":["Parasite"]},{"damage_healed":0,"gold_gain":0,"player_choice":"Obtained Book","damage_taken":21,"max_hp_gain":0,"max_hp_loss":0,"event_name":"Cursed Tome","floor":20,"gold_loss":0},{"damage_healed":0,"gold_gain":0,"player_choice":"Fought Bandits","damage_taken":0,"max_hp_gain":0,"max_hp_loss":0,"event_name":"Masked Bandits","floor":21,"gold_loss":0},{"damage_healed":0,"gold_gain":0,"cards_transformed":["Strike_R","Strike_R"],"player_choice":"Became Test Subject","damage_taken":0,"max_hp_gain":0,"max_hp_loss":0,"event_name":"Drug Dealer","floor":31,"gold_loss":0,"cards_obtained":["Battle Trance","Anger"]},{"damage_healed":0,"gold_gain":222,"player_choice":"Wore Mask","damage_taken":0,"max_hp_gain":0,"max_hp_loss":0,"event_name":"Tomb of Lord Red Mask","floor":37,"gold_loss":0},{"cards_removed":["Double Tap"],"damage_healed":0,"gold_gain":0,"player_choice":"Removed Skill","damage_taken":0,"max_hp_gain":0,"max_hp_loss":0,"event_name":"Falling","floor":38,"gold_loss":0},{"damage_healed":0,"gold_gain":0,"player_choice":"Memory 1","damage_taken":0,"max_hp_gain":0,"max_hp_loss":0,"event_name":"SensoryStone","floor":41,"gold_loss":0},{"damage_healed":0,"gold_gain":0,"player_choice":"Max HP","damage_taken":0,"max_hp_gain":0,"max_hp_loss":4,"event_name":"Winding Halls","floor":46,"gold_loss":0}],"is_beta":false,"boss_relics":[{"not_picked":["Runic Pyramid","Runic Cube"],"picked":"Busted Crown"},{"not_picked":["Calling Bell","SlaversCollar"],"picked":"Empty Cage"}],"items_purged_floors":[28,53],"is_endless":false,"potions_floor_spawned":[1,4,16,18,21,27,30,33,36,40,44,47],"killed_by":"The Heart","ascension_level":17}}