{"host":"3n5xmnb54n2y5mb4","time":1614410490,"event":{"mods":["BaseMod","Colored Map","Colored Powertips","Downfall","Minty Spire (QoL Compilation)","Permanent Neow","StSLib","Unceasing Turn Reminder","everything is the same but u backflip on backflip"],"gold_per_floor":[99,117,137,154,154,154,154,154,154,64,83,115,115,132,150,247,247,247,264,281,281,281,297,324,324,324,324],"floor_reached":25,"language":"ENG","playtime":5704,"items_purged":["Regret"],"score":223,"play_id":"5f53e65b-69b9-411f-927b-77851262a101","local_time":"20210227022130","is_ascension_mode":true,"campfire_choices":[{"data":"Sadistic Nature","floor":1.0,"key":"SMITH"},{"data":"hexamod:Firestarter","floor":6.0,"key":"SMITH"},{"data":"hexamod:GiftsFromTheDead","floor":13.0,"key":"SMITH"},{"floor":18,"key":"RECALL"}],"circlet_count":0,"master_deck":["hexamod:Strike","hexamod:Strike","hexamod:Strike","hexamod:Strike","hexamod:Defend","hexamod:Defend","hexamod:Defend","hexamod:Defend","hexamod:Sear","hexamod:Float+1","Sadistic Nature+1","hexamod:Firestarter+1","hexamod:ThermalTransfer","hexamod:FifthSeal","hexamod:ThirdSeal","hexamod:GiftsFromTheDead+1","hexamod:Hexaguard","hexamod:PowerFromBeyond","hexamod:TimeWarp","hexamod:SoulSteal+1","hexamod:SixthSeal","hexamod:TimeOfNeed","hexamod:EmpoweredFlame+1","hexamod:SecondSeal","Injury"],"relics":["hexamod:SpiritBrand","Mummified Hand","Matryoshka","Lantern","Cursed Key","downfall:RedIOU","Pantograph","Pen Nib"],"acts_visited":["Exordium","TheCity"],"potions_floor_usage":[19,23],"damage_taken":[{"damage":0.0,"enemies":"Cultist","floor":2.0,"turns":4.0},{"damage":2.0,"enemies":"Small Slimes","floor":3.0,"turns":4.0},{"damage":0.0,"enemies":"2 Louse","floor":4.0,"turns":3.0},{"damage":2.0,"enemies":"downfall:FleeingMerchant","floor":10.0,"turns":4.0},{"damage":2.0,"enemies":"2 Fungi Beasts","floor":11.0,"turns":3.0},{"damage":23.0,"enemies":"Gremlin Nob","floor":12.0,"turns":4.0},{"damage":1.0,"enemies":"downfall:LooterAlt","floor":14.0,"turns":3.0},{"damage":15.0,"enemies":"Gremlin Gang","floor":15.0,"turns":4.0},{"damage":19.0,"enemies":"IC_STATUS_ARCHETYPE","floor":16.0,"turns":7.0},{"damage":1,"enemies":"downfall:LooterAlt2","floor":19,"turns":4},{"damage":8,"enemies":"Shell Parasite","floor":20,"turns":5},{"damage":19,"enemies":"Snake Plant","floor":23,"turns":3},{"damage":58,"enemies":"3 Cultists","floor":25,"turns":4}],"seed_played":"935746085799066588","potions_obtained":[{"floor":12.0,"key":"Fruit Juice"},{"floor":14.0,"key":"Swift Potion"},{"floor":16,"key":"SneckoOil"},{"floor":20,"key":"FearPotion"},{"floor":22,"key":"BlessingOfTheForge"},{"floor":23,"key":"Dexterity Potion"}],"is_trial":false,"path_per_floor":["R","M","M","M","?","R","T","?","?","$","M","E","R","M","M","B",null,"R","M","M","?","?","M","T","M"],"character_chosen":"THE_SPIRIT","items_purchased":[],"campfire_rested":0,"item_purchase_floors":[],"current_hp_per_floor":[70,70,68,68,68,68,68,68,68,66,64,48,48,52,37,18,82,82,81,73,73,73,54,54,0,0,0],"gold":324,"neow_bonus":"RANDOM_COLORLESS_2","is_daily":false,"chose_seed":false,"campfire_upgraded":3,"win_rate":0.0,"timestamp":1614410490,"path_taken":["R","M","M","?","?","R","T","?","?","$","M","E","R","M","M","BOSS","BOSS","R","M","M","?","?","M","T","M"],"items_purchased_type":[],"build_version":"2020-12-22","purchased_purges":1,"victory":false,"max_hp_per_floor":[70,70,70,70,70,70,70,70,70,70,70,77,77,82,82,82,82,82,82,82,82,82,82,82,82,82,82],"card_choices":[{"not_picked":["Mayhem","Metamorphosis"],"picked":"Sadistic Nature","floor":0.0},{"not_picked":["hexamod:GhostLash","hexamod:FlamesFromBeyond"],"picked":"hexamod:Firestarter","floor":2.0},{"not_picked":["hexamod:SpectersWail","hexamod:SuperheatedStrike","hexamod:BacktrackSmack"],"picked":"SKIP","floor":3.0},{"not_picked":["hexamod:HeatShield","hexamod:InspiringFlames","hexamod:Again"],"picked":"SKIP","floor":4.0},{"not_picked":["hexamod:BurningTouch","hexamod:DynamicBlow"],"picked":"hexamod:ThermalTransfer","floor":10.0},{"not_picked":["hexamod:Firestarter","hexamod:BurningTouch"],"picked":"hexamod:FifthSeal","floor":11.0},{"not_picked":["hexamod:FirstSeal","hexamod:FourthSeal"],"picked":"hexamod:ThirdSeal","floor":12.0},{"not_picked":["hexamod:FirstSeal","hexamod:HeatMetal"],"picked":"hexamod:GiftsFromTheDead","floor":12.0},{"not_picked":["hexamod:ThermalTransfer","hexamod:GhostflameBarrier"],"picked":"hexamod:Hexaguard","floor":14.0},{"not_picked":["hexamod:Firestarter","hexamod:SpectersWail","hexamod:SwordOfDarkness"],"picked":"SKIP","floor":14.0},{"not_picked":["hexamod:Firestarter","hexamod:SpectersWail","hexamod:SwordOfDarkness"],"picked":"SKIP","floor":14.0},{"not_picked":["hexamod:SpectralSpark","hexamod:NightmareStrike"],"picked":"hexamod:PowerFromBeyond","floor":15.0},{"not_picked":["hexamod:ParanormalForm","hexamod:ApocalypseNow"],"picked":"hexamod:TimeWarp","floor":16},{"not_picked":["hexamod:GhostOfSpirePast","hexamod:ThermalTransfer"],"picked":"hexamod:SoulSteal+1","floor":19},{"not_picked":["hexamod:FirstSeal","hexamod:SecondSeal"],"picked":"hexamod:SixthSeal","floor":20},{"not_picked":["hexamod:Firestarter","hexamod:SuperheatedStrike"],"picked":"hexamod:TimeOfNeed","floor":20},{"not_picked":["hexamod:SwordOfDarkness","hexamod:SuperheatedStrike","hexamod:Firestarter+1"],"picked":"SKIP","floor":20},{"not_picked":["hexamod:Hexaguard","hexamod:Firestarter"],"picked":"hexamod:EmpoweredFlame+1","floor":23},{"not_picked":["hexamod:GhostflameBarrier","hexamod:ThermalTransfer"],"picked":"hexamod:SecondSeal","floor":23}],"player_experience":1187189,"relics_obtained":[{"floor":7.0,"key":"Mummified Hand"},{"floor":12.0,"key":"Strawberry"},{"floor":24,"key":"Pantograph"},{"floor":24,"key":"Pen Nib"}],"event_choices":[{"cards_removed":["Normality"],"damage_healed":0.0,"max_hp_gain":0.0,"max_hp_loss":0.0,"gold_gain":0.0,"event_name":"Living Wall","player_choice":"Forget","floor":5.0,"gold_loss":0.0,"damage_taken":0.0},{"damage_healed":0.0,"max_hp_gain":0.0,"max_hp_loss":0.0,"gold_gain":0.0,"event_name":"Big Fish","player_choice":"Box","floor":9.0,"gold_loss":0.0,"damage_taken":0.0,"relics_obtained":["Lantern"],"cards_obtained":["Regret"]},{"damage_healed":0,"gold_gain":0,"player_choice":"Got Potions","damage_taken":0,"max_hp_gain":0,"max_hp_loss":0,"event_name":"Lab","floor":22,"gold_loss":0}],"is_beta":false,"boss_relics":[{"not_picked":["Coffee Dripper","Tiny House"],"picked":"Cursed Key"}],"items_purged_floors":[10],"is_endless":false,"potions_floor_spawned":[12,14,16,20,23],"killed_by":"3 Cultists","ascension_level":2}}