{"host":"h053bmw6xomhy8md","time":1614409494,"event":{"mods":["AchievementEnabler","BaseMod","Colored Map","Colored Powertips","Highlight Path","Minty Spire (QoL Compilation)"],"gold_per_floor":[119,138,149,164,41,69,69,88,112,127,156,169,169,181,181,282,282],"floor_reached":16,"language":"ENG","playtime":990,"items_purged":["Strike_B"],"score":174,"play_id":"4e0e70b7-a9ec-4fe4-a603-a70cb9a131aa","local_time":"20210227020454","is_ascension_mode":true,"campfire_choices":[{"data":"Zap","floor":7,"key":"SMITH"},{"data":"Dualcast","floor":13,"key":"SMITH"},{"floor":15,"key":"REST"}],"circlet_count":0,"master_deck":["Strike_B","Strike_B","Strike_B","Defend_B","Defend_B","Defend_B","Defend_B","Zap+1","Dualcast+1","FTL","Defragment","BootSequence","Chill","Sweeping Beam","Reinforced Body","Double Energy","Sweeping Beam","Seek","Turbo"],"relics":["Cracked Core","Oddly Smooth Stone","Dream Catcher","Orichalcum"],"acts_visited":["Exordium"],"potions_floor_usage":[11,16,16,16],"damage_taken":[{"damage":1.0,"enemies":"Jaw Worm","floor":1.0,"turns":3.0},{"damage":0.0,"enemies":"2 Louse","floor":2.0,"turns":2.0},{"damage":3.0,"enemies":"Small Slimes","floor":3.0,"turns":4.0},{"damage":6,"enemies":"3 Louse","floor":4,"turns":3},{"damage":22,"enemies":"Lagavulin","floor":6,"turns":7},{"damage":3,"enemies":"Blue Slaver","floor":8,"turns":3},{"damage":0,"enemies":"Exordium Wildlife","floor":10,"turns":4},{"damage":6,"enemies":"3 Sentries","floor":11,"turns":7},{"damage":7,"enemies":"Lots of Slimes","floor":12,"turns":3},{"damage":2,"enemies":"Large Slime","floor":14,"turns":5},{"damage":59,"enemies":"Hexaghost","floor":16,"turns":12}],"seed_played":"-6297952137452108042","potions_obtained":[{"floor":3.0,"key":"SneckoOil"},{"floor":4,"key":"SteroidPotion"},{"floor":10,"key":"SkillPotion"},{"floor":12,"key":"EntropicBrew"},{"floor":16,"key":"AttackPotion"}],"is_trial":false,"path_per_floor":["M","M","M","M","$","E","R","M","T","M","E","M","R","M","R","B"],"character_chosen":"DEFECT","items_purchased":["Sweeping Beam"],"campfire_rested":1,"item_purchase_floors":[5],"current_hp_per_floor":[81,81,78,72,72,50,50,47,47,47,41,34,34,32,56,24,24],"gold":282,"neow_bonus":"TEN_PERCENT_HP_BONUS","is_daily":false,"chose_seed":false,"campfire_upgraded":2,"win_rate":0.0,"timestamp":1614409494,"path_taken":["M","M","M","M","$","E","R","M","T","M","E","M","R","M","R","BOSS"],"items_purchased_type":["Card"],"build_version":"2020-12-22","purchased_purges":1,"victory":false,"max_hp_per_floor":[82,82,82,82,82,82,82,82,82,82,82,82,82,82,82,82,82],"card_choices":[{"not_picked":["Ball Lightning","Steam"],"picked":"FTL","floor":1.0},{"not_picked":["Conserve Battery","Cold Snap"],"picked":"Defragment","floor":2.0},{"not_picked":["Barrage","Streamline"],"picked":"BootSequence","floor":3.0},{"not_picked":["Steam","Stack"],"picked":"Chill","floor":4},{"not_picked":["Consume","Rip and Tear"],"picked":"Reinforced Body","floor":6},{"not_picked":["Steam Power","Blizzard"],"picked":"Double Energy","floor":8},{"not_picked":["Double Energy","White Noise"],"picked":"Sweeping Beam","floor":10},{"not_picked":["Sweeping Beam","Conserve Battery"],"picked":"Seek","floor":11},{"not_picked":["Conserve Battery","Glacier","Aggregate"],"picked":"SKIP","floor":12},{"not_picked":["Hologram","Ball Lightning","Sweeping Beam"],"picked":"SKIP","floor":14},{"not_picked":["Stack","Ball Lightning"],"picked":"Turbo","floor":15}],"player_experience":30773,"relics_obtained":[{"floor":6,"key":"Oddly Smooth Stone"},{"floor":9,"key":"Dream Catcher"},{"floor":11,"key":"Orichalcum"}],"event_choices":[],"is_beta":false,"boss_relics":[],"items_purged_floors":[5],"is_endless":false,"potions_floor_spawned":[3,4,10,12,14,16],"killed_by":"Hexaghost","ascension_level":1}}