{"host":"szp1d6dso4pv7ddl","time":1614396936,"event":{"mods":["AchievementEnabler","Alarm Clock","BaseMod","Bestiary","Block Reminder","Colored Map","Colored Powertips","Curses Come First","Dark Map","Displayed Cursed Tome","Highlight Path","Minty Spire (QoL Compilation)","Permanent Neow","Quick Restart","Relic Sorter","Relic Stats","StSLib","Synergy Search"],"gold_per_floor":[118,134,144,144,219,219,247,247,247,277,295,295,295,295,295,295,295],"floor_reached":16,"language":"ENG","playtime":882,"items_purged":[],"score":216,"play_id":"b7edb229-0d58-4532-9207-a49ddf4e9b66","local_time":"20210226193536","is_ascension_mode":true,"campfire_choices":[{"data":"After Image","floor":6,"key":"SMITH"},{"data":"Blade Dance","floor":8,"key":"SMITH"},{"floor":12,"key":"REST"},{"data":"Bullet Time","floor":15,"key":"SMITH"}],"circlet_count":0,"master_deck":["AscendersBane","Strike_G","Strike_G","Strike_G","Strike_G","Strike_G","Defend_G","Defend_G","Defend_G","Defend_G","Defend_G","Survivor","Neutralize","After Image+1","Dagger Spray","Blade Dance+1","Bullet Time+1","Backflip"],"relics":["Ring of the Snake","Bottled Tornado","HornCleat","Letter Opener"],"acts_visited":["Exordium"],"potions_floor_usage":[10,16],"damage_taken":[{"damage":1,"enemies":"2 Louse","floor":1,"turns":4},{"damage":0,"enemies":"Small Slimes","floor":2,"turns":5},{"damage":1,"enemies":"Jaw Worm","floor":3,"turns":5},{"damage":22,"enemies":"3 Sentries","floor":7,"turns":12},{"damage":25,"enemies":"Gremlin Nob","floor":10,"turns":4},{"damage":0,"enemies":"2 Fungi Beasts","floor":11,"turns":3},{"damage":25,"enemies":"The Guardian","floor":16,"turns":9}],"seed_played":"3534562581789915718","potions_obtained":[{"floor":3,"key":"PowerPotion"},{"floor":10,"key":"Fire Potion"}],"is_trial":false,"path_per_floor":["M","M","M","?","?","R","E","R","T","E","M","R","?","?","R","B"],"character_chosen":"THE_SILENT","items_purchased":[],"campfire_rested":1,"item_purchase_floors":[],"current_hp_per_floor":[58,58,57,62,51,51,29,29,29,4,4,23,23,23,23,0,0],"gold":295,"neow_bonus":"THREE_RARE_CARDS","is_daily":false,"chose_seed":false,"campfire_upgraded":3,"win_rate":0.0,"timestamp":1614396936,"path_taken":["M","M","M","?","?","R","E","R","T","E","M","R","?","?","R","BOSS"],"items_purchased_type":[],"build_version":"2020-12-22","purchased_purges":0,"victory":false,"max_hp_per_floor":[60,60,60,65,65,65,65,65,65,65,65,65,65,65,65,65,65],"relic_stats":{"counters":[7,42],"Letter Opener":[20],"obtain_stats":[{"HornCleat":9,"Letter Opener":10,"Bottled Tornado":7,"Ring of the Snake":0},{"HornCleat":4,"Letter Opener":5,"Bottled Tornado":4,"Ring of the Snake":0},{"HornCleat":26,"Letter Opener":30,"Bottled Tornado":26,"Ring of the Snake":0}],"Ring of the Snake":[14]},"card_choices":[{"not_picked":["Night Terror","Bullet Time"],"picked":"After Image","floor":0},{"not_picked":["Tactician","Underhanded Strike"],"picked":"Dagger Spray","floor":1},{"not_picked":["Backflip","Tactician"],"picked":"Blade Dance","floor":2},{"not_picked":["Reflex","Riddle With Holes","Setup"],"picked":"SKIP","floor":3},{"not_picked":["Riddle With Holes","Dagger Spray"],"picked":"Bullet Time","floor":7},{"not_picked":["Bouncing Flask","Flying Knee","Bane"],"picked":"SKIP","floor":10},{"not_picked":["Deadly Poison","Backflip","Poisoned Stab"],"picked":"SKIP","floor":11},{"not_picked":["Deadly Poison","Poisoned Stab"],"picked":"Backflip","floor":11}],"player_experience":1668590,"relics_obtained":[{"floor":7,"key":"Bottled Tornado"},{"floor":9,"key":"HornCleat"},{"floor":10,"key":"Letter Opener"}],"event_choices":[{"damage_healed":0,"gold_gain":0,"player_choice":"Donut","damage_taken":0,"max_hp_gain":5,"max_hp_loss":0,"event_name":"Big Fish","floor":4,"gold_loss":0},{"damage_healed":0,"gold_gain":75,"player_choice":"Gather Gold","damage_taken":11,"max_hp_gain":0,"max_hp_loss":0,"event_name":"World of Goop","floor":5,"gold_loss":0},{"damage_healed":0,"gold_gain":0,"player_choice":"Ignored","damage_taken":0,"max_hp_gain":0,"max_hp_loss":0,"event_name":"Shining Light","floor":13,"gold_loss":0},{"damage_healed":0,"gold_gain":0,"player_choice":"Ignored","damage_taken":0,"max_hp_gain":0,"max_hp_loss":0,"event_name":"Golden Wing","floor":14,"gold_loss":0}],"is_beta":false,"boss_relics":[],"items_purged_floors":[],"is_endless":false,"potions_floor_spawned":[3,10],"killed_by":"The Guardian","ascension_level":20}}