{"host":"zxd2l8an9de7z7b9","time":1614403194,"event":{"mods":["100% Spire Juice","2.2 Compatiblity","AchievementEnabler","BaseMod","CapriCore","Colored Map","Colored Powertips","Marisa£¨Ùöéë¡¡Øª×âÞÞ£©","Minty Spire (QoL Compilation)","Rare Cards Sparkle","StSLib","SuperFastMode","Td1madao Mod","everything is the same but u backflip on backflip"],"gold_per_floor":[114,289,289,304,193,193,209,209,209,220,220,83,110,124,124,223,223,243,33,33,33,46,46,58,58,134,134,9,35,48,60,60,156,206,223,273,273,291,309,309,325,325,325],"floor_reached":42,"language":"KOR","playtime":1231,"items_purged":["Doubt","Defend_B","Strike_B","Strike_B"],"score":433,"play_id":"126d2546-795f-4dad-8eea-df0de77abcf6","local_time":"20210227141954","is_ascension_mode":false,"campfire_choices":[{"data":"Beam Cell","floor":6.0,"key":"SMITH"},{"data":"Hyperbeam","floor":8.0,"key":"SMITH"},{"data":"Skim","floor":11.0,"key":"SMITH"},{"data":"Fusion","floor":15.0,"key":"SMITH"},{"data":"Echo Form","floor":23.0,"key":"SMITH"},{"data":"Hologram","floor":25.0,"key":"SMITH"},{"floor":27.0,"key":"REST"},{"floor":32.0,"key":"REST"},{"floor":40.0,"key":"REST"}],"circlet_count":0,"master_deck":["Strike_B","Defend_B","Defend_B","Zap","Dualcast","Skim+1","Beam Cell+1","Rebound+1","Scrape","Hyperbeam+1","Fusion+1","Echo Form+1","Buffer","Turbo","Redo+1","Hologram+1","Meteor Strike","Meteor Strike","Gash+1","Conserve Battery+1"],"relics":["Cracked Core","White Beast Statue","Juzu Bracelet","SacredBark","Membership Card","Sundial","Mercury Hourglass","Tiny House","Peace Pipe"],"acts_visited":["Exordium","TheCity","TheBeyond"],"potions_floor_usage":[41],"damage_taken":[{"damage":10.0,"enemies":"Jaw Worm","floor":1.0,"turns":4.0},{"damage":0.0,"enemies":"2 Louse","floor":4.0,"turns":2.0},{"damage":0.0,"enemies":"Small Slimes","floor":7.0,"turns":2.0},{"damage":1.0,"enemies":"Exordium Wildlife","floor":10.0,"turns":2.0},{"damage":0.0,"enemies":"Looter","floor":14.0,"turns":1.0},{"damage":60.0,"enemies":"Hexaghost","floor":16.0,"turns":9.0},{"damage":4.0,"enemies":"Spheric Guardian","floor":18.0,"turns":5.0},{"damage":17.0,"enemies":"3 Byrds","floor":22.0,"turns":3.0},{"damage":8.0,"enemies":"3 Cultists","floor":24.0,"turns":3.0},{"damage":27.0,"enemies":"Gremlin Leader","floor":29.0,"turns":3.0},{"damage":15.0,"enemies":"Shelled Parasite and Fungi","floor":30.0,"turns":3.0},{"damage":0.0,"enemies":"Cultist and Chosen","floor":31.0,"turns":3.0},{"damage":32.0,"enemies":"Collector","floor":33.0,"turns":5.0},{"damage":10.0,"enemies":"Orb Walker","floor":35.0,"turns":2.0},{"damage":56.0,"enemies":"Mind Bloom Boss Battle","floor":36.0,"turns":6.0},{"damage":9.0,"enemies":"3 Darklings","floor":38.0,"turns":3.0},{"damage":10.0,"enemies":"Maw","floor":39.0,"turns":6.0},{"damage":10,"enemies":"Jaw Worm Horde","floor":41,"turns":3},{"damage":11,"enemies":"Writhing Mass","floor":42,"turns":2}],"seed_played":"-3245062275819664338","potions_obtained":[{"floor":4.0,"key":"Fire Potion"},{"floor":10.0,"key":"Block Potion"},{"floor":14.0,"key":"PowerPotion"},{"floor":16.0,"key":"PowerPotion"},{"floor":18.0,"key":"PotionOfCapacity"},{"floor":22.0,"key":"AttackPotion"},{"floor":24.0,"key":"EntropicBrew"},{"floor":29.0,"key":"ColorlessPotion"},{"floor":30.0,"key":"PowerPotion"},{"floor":31.0,"key":"Energy Potion"},{"floor":33.0,"key":"ColorlessPotion"},{"floor":34.0,"key":"AttackPotion"},{"floor":35.0,"key":"Explosive Potion"},{"floor":36.0,"key":"PotionOfCapacity"},{"floor":38.0,"key":"SkillPotion"},{"floor":39.0,"key":"GamblersBrew"},{"floor":41,"key":"LiquidBronze"}],"is_trial":false,"path_per_floor":["M","?","?","M","$","R","M","R","T","M","R","$","T","M","R","B",null,"M","$","?","?","M","R","M","R","T","R","$","E","M","M","R","B",null,"M","?","?","M","M","R","M","M"],"character_chosen":"DEFECT","items_purchased":["Scrape","Fusion","Membership Card","Fruit Juice"],"campfire_rested":3,"item_purchase_floors":[5,12,19,28],"current_hp_per_floor":[65,65,70,70,70,70,70,70,70,69,69,69,69,69,69,9,80,76,76,76,61,44,44,36,36,36,61,71,44,29,29,57,25,100,90,34,34,25,15,45,35,24,24],"gold":325,"neow_bonus":"TRANSFORM_CARD","is_daily":false,"chose_seed":false,"campfire_upgraded":6,"win_rate":0.0,"timestamp":1614403194,"path_taken":["M","?","?","M","$","R","M","R","T","M","R","$","?","M","R","BOSS","M","$","?","?","M","R","M","R","T","R","$","E","M","M","R","BOSS","M","?","?","M","M","R","M","M"],"items_purchased_type":["Card","Card","Relic","Potion"],"build_version":"2020-12-22","purchased_purges":4,"victory":false,"max_hp_per_floor":[75,75,80,80,80,80,80,80,80,80,80,80,80,80,80,80,80,80,80,80,85,85,85,85,85,85,85,95,95,95,95,95,95,100,100,100,100,100,100,100,100,100,100],"card_choices":[{"not_picked":["Leap","Rip and Tear"],"picked":"Beam Cell","floor":1.0},{"not_picked":["Recycle","Cold Snap"],"picked":"Rebound","floor":4.0},{"not_picked":["Beam Cell","Go for the Eyes"],"picked":"Hyperbeam","floor":7.0},{"not_picked":["Beam Cell","Stack","Streamline"],"picked":"SKIP","floor":10.0},{"not_picked":["Rebound","Cold Snap"],"picked":"Echo Form","floor":14.0},{"not_picked":["Amplify","Hyperbeam"],"picked":"Buffer","floor":16.0},{"not_picked":["Hello World","Hologram"],"picked":"Turbo","floor":18.0},{"not_picked":["Beam Cell","Static Discharge"],"picked":"Redo+1","floor":22.0},{"not_picked":["Conserve Battery","Blizzard"],"picked":"Hologram","floor":24.0},{"not_picked":["Beam Cell","Hello World"],"picked":"Meteor Strike","floor":29.0},{"not_picked":["Cold Snap","Turbo+1","Scrape"],"picked":"SKIP","floor":30.0},{"not_picked":["Coolheaded","Barrage","Ball Lightning"],"picked":"SKIP","floor":31.0},{"not_picked":["Reboot","Seek"],"picked":"Meteor Strike","floor":33.0},{"not_picked":["Beam Cell","Tempest+1","Darkness+1"],"picked":"SKIP","floor":35.0},{"not_picked":["Darkness+1","Cold Snap+1","Compile Driver"],"picked":"SKIP","floor":38.0},{"not_picked":["Rebound+1","Leap"],"picked":"Gash+1","floor":39.0},{"not_picked":["Beam Cell+1","Streamline"],"picked":"Conserve Battery+1","floor":41}],"player_experience":481965,"relics_obtained":[{"floor":9.0,"key":"White Beast Statue"},{"floor":13.0,"key":"Juzu Bracelet"},{"floor":26.0,"key":"Sundial"},{"floor":29.0,"key":"Mercury Hourglass"},{"floor":36.0,"key":"Peace Pipe"}],"event_choices":[{"damage_healed":0.0,"max_hp_gain":0.0,"max_hp_loss":0.0,"gold_gain":175.0,"event_name":"Liars Game","player_choice":"AGREE","floor":2.0,"gold_loss":0.0,"damage_taken":0.0,"cards_obtained":["Doubt"]},{"damage_healed":0.0,"max_hp_gain":5.0,"max_hp_loss":0.0,"gold_gain":0.0,"event_name":"Big Fish","player_choice":"Donut","floor":3.0,"gold_loss":0.0,"damage_taken":0.0},{"cards_removed":["Defend_B"],"damage_healed":0.0,"max_hp_gain":0.0,"max_hp_loss":0.0,"gold_gain":0.0,"event_name":"Back to Basics","player_choice":"Elegance","floor":20.0,"gold_loss":0.0,"damage_taken":0.0},{"damage_healed":0.0,"max_hp_gain":5.0,"max_hp_loss":0.0,"gold_gain":0.0,"event_name":"Forgotten Altar","player_choice":"Shed Blood","floor":21.0,"gold_loss":0.0,"damage_taken":20.0},{"damage_healed":0.0,"max_hp_gain":0.0,"max_hp_loss":0.0,"gold_gain":0.0,"event_name":"MindBloom","player_choice":"Fight","floor":36.0,"gold_loss":0.0,"damage_taken":0.0},{"damage_healed":0.0,"max_hp_gain":0.0,"max_hp_loss":0.0,"gold_gain":0.0,"event_name":"Tomb of Lord Red Mask","player_choice":"Ignored","floor":37.0,"gold_loss":0.0,"damage_taken":0.0}],"is_beta":false,"boss_relics":[{"not_picked":["Black Star","Calling Bell"],"picked":"SacredBark"},{"not_picked":["Inserter","Sozu"],"picked":"Tiny House"}],"items_purged_floors":[5,12,19,28],"is_endless":false,"potions_floor_spawned":[4,10,14,16,18,22,24,29,30,31,33,35,36,38,39,41],"killed_by":"Writhing Mass","ascension_level":0}}