{"host":"g907ck67u7c3hrs6","time":1614437797,"event":{"mods":["BaseMod","Colored Map","DeckTracker","Force Act Four","Highlight Path","Keyboard Shortcuts","Minty Spire (QoL Compilation)","Permanent Neow","Say the Spire","SuperFastMode"],"gold_per_floor":[117,267,267,192,13,45,45,73,373,373,404,404,451,484,484,555,605,618,628,641,667,267,296,326,354,381,411,411,442,392,423,423,500,500,517,534,484,484,498,527,309,334,371,416,462,280,311,321,321,321,321,321,321,15,46,46],"floor_reached":57,"language":"KOR","playtime":1882,"items_purged":["Regret","Doubt","Backstab","PiercingWail","Cloak And Dagger","Malaise","Phantasmal Killer"],"score":4172,"play_id":"bcaff440-3ffd-4a83-a113-b4895647970c","local_time":"20210227235637","daily_mods":["SealedDeck","Heirloom","Time Dilation","Flight","DeadlyEvents","Elite Swarm"],"is_ascension_mode":true,"campfire_choices":[{"data":"Accuracy","floor":7,"key":"SMITH"},{"data":"Concentrate","floor":10,"key":"SMITH"},{"data":"Acrobatics","floor":12,"key":"SMITH"},{"data":"Blade Dance","floor":15,"key":"SMITH"},{"data":"Tactician","floor":28,"key":"SMITH"},{"data":"Blade Dance","floor":32,"key":"SMITH"},{"floor":49,"key":"RECALL"},{"data":"Calculated Gamble","floor":53,"key":"SMITH"}],"circlet_count":0,"master_deck":["AscendersBane","Blade Dance+1","Blade Dance+1","Concentrate+1","Acrobatics+1","Backflip+1","Acrobatics","Acrobatics","Accuracy+1","After Image","Burst","Expertise","Cloak And Dagger+1","Tactician+1","After Image","Adrenaline","Adrenaline","Adrenaline","Apotheosis","Adrenaline","After Image","Adrenaline","Calculated Gamble+1"],"relics":["Ring of the Serpent","Tingsha","Meat on the Bone","Letter Opener","Smiling Mask","Old Coin","Bird Faced Urn","MealTicket","Question Card","Tiny House","Red Mask","Ninja Scroll","Darkstone Periapt","Bag of Preparation","Sundial","Strawberry","Pen Nib","Potion Belt","Orichalcum","Akabeko","Membership Card","MawBank","Happy Flower","Ginger","Shuriken","Girya","Kunai","PrismaticShard","Toy Ornithopter","InkBottle"],"acts_visited":["Exordium","TheCity","TheBeyond","TheEnding"],"potions_floor_usage":[42],"damage_taken":[{"damage":0,"enemies":"Jaw Worm","floor":1,"turns":1},{"damage":0,"enemies":"Gremlin Nob","floor":6,"turns":2},{"damage":8,"enemies":"3 Sentries","floor":8,"turns":3},{"damage":0,"enemies":"Gremlin Nob","floor":11,"turns":2},{"damage":0,"enemies":"Lagavulin","floor":14,"turns":2},{"damage":0,"enemies":"Hexaghost","floor":16,"turns":3},{"damage":0,"enemies":"Chosen","floor":18,"turns":2},{"damage":11,"enemies":"Shell Parasite","floor":19,"turns":3},{"damage":6,"enemies":"Snake Plant","floor":20,"turns":2},{"damage":0,"enemies":"Masked Bandits","floor":21,"turns":2},{"damage":2,"enemies":"Book of Stabbing","floor":23,"turns":2},{"damage":0,"enemies":"Gremlin Leader","floor":24,"turns":3},{"damage":2,"enemies":"Slavers","floor":25,"turns":4},{"damage":15,"enemies":"Book of Stabbing","floor":27,"turns":4},{"damage":0,"enemies":"Slavers","floor":29,"turns":2},{"damage":0,"enemies":"Gremlin Leader","floor":31,"turns":1},{"damage":0,"enemies":"Champ","floor":33,"turns":2},{"damage":0,"enemies":"Orb Walker","floor":35,"turns":1},{"damage":0,"enemies":"3 Darklings","floor":36,"turns":1},{"damage":0,"enemies":"4 Shapes","floor":39,"turns":1},{"damage":0,"enemies":"Giant Head","floor":40,"turns":2},{"damage":0,"enemies":"Reptomancer","floor":42,"turns":1},{"damage":0,"enemies":"Giant Head","floor":44,"turns":1},{"damage":0,"enemies":"Nemesis","floor":45,"turns":1},{"damage":0,"enemies":"Reptomancer","floor":47,"turns":1},{"damage":0,"enemies":"Sphere and 2 Shapes","floor":48,"turns":1},{"damage":29,"enemies":"Time Eater","floor":50,"turns":6},{"damage":0,"enemies":"Awakened One","floor":51,"turns":2},{"damage":0,"enemies":"Shield and Spear","floor":55,"turns":2},{"damage":0,"enemies":"The Heart","floor":56,"turns":4}],"seed_played":"-5754422184914471939","potions_obtained":[{"floor":6,"key":"Energy Potion"},{"floor":11,"key":"Fire Potion"},{"floor":29,"key":"ColorlessPotion"},{"floor":33,"key":"DistilledChaos"},{"floor":36,"key":"Swift Potion"},{"floor":42,"key":"Fruit Juice"},{"floor":48,"key":"AttackPotion"}],"is_trial":true,"path_per_floor":["M","?","?","$","$","E","R","E","T","R","E","R","T","E","R","B",null,"M","M","M","?","$","E","E","E","T","E","R","E","$","E","R","B",null,"M","M","$","?","M","E","$","E","T","E","E","$","E","M","R","B","B",null,"R","$","E","B",null],"character_chosen":"THE_SILENT","items_purchased":["Accuracy","Ninja Scroll","Tactician","Membership Card","Shuriken","Kunai","PrismaticShard","Toy Ornithopter"],"campfire_rested":0,"item_purchase_floors":[5,22,22,41,46,54,54,54],"current_hp_per_floor":[59,59,59,59,59,59,59,51,51,51,51,51,51,53,53,57,69,71,60,56,60,71,69,71,71,78,64,64,68,78,78,78,78,78,78,78,78,68,74,78,78,83,83,83,83,83,83,83,83,56,64,78,78,83,83,83],"gold":46,"neow_bonus":"","is_daily":false,"chose_seed":false,"campfire_upgraded":7,"win_rate":0.0,"timestamp":1614437797,"path_taken":["M","?","?","$","$","E","R","E","T","R","E","R","?","E","R","BOSS","M","?","M","?","$","E","E","E","T","E","R","E","$","E","R","BOSS","M","M","$","?","?","E","$","?","T","E","E","$","E","M","R","BOSS","BOSS","R","$","E","BOSS"],"items_purchased_type":["Card","Relic","Card","Relic","Relic","Relic","Relic","Relic"],"build_version":"2020-12-22","purchased_purges":7,"victory":true,"max_hp_per_floor":[66,66,66,66,66,66,66,66,66,66,66,66,66,66,66,66,71,71,71,71,71,71,71,71,71,78,78,78,78,78,78,78,78,78,78,78,78,78,78,78,78,83,83,83,83,83,83,83,83,83,83,83,83,83,83,83],"card_choices":[{"not_picked":["Choke","Dagger Spray","Acrobatics"],"picked":"SKIP","floor":1},{"not_picked":["Venomology","Bullet Time"],"picked":"Malaise","floor":6},{"not_picked":["Storm of Steel","Envenom","Glass Knife"],"picked":"SKIP","floor":8},{"not_picked":["Venomology","Die Die Die"],"picked":"Phantasmal Killer","floor":11},{"not_picked":["Venomology","Corpse Explosion"],"picked":"After Image","floor":14},{"not_picked":["Wraith Form v2","Bullet Time","Tools of the Trade"],"picked":"Burst","floor":16},{"not_picked":["Leg Sweep","All Out Attack","Well Laid Plans+1","Bouncing Flask+1"],"picked":"SKIP","floor":18},{"not_picked":["Dagger Throw","Crippling Poison+1","Noxious Fumes"],"picked":"Expertise","floor":19},{"not_picked":["Choke+1","Poisoned Stab+1","Slice","PiercingWail"],"picked":"SKIP","floor":20},{"not_picked":["Flechettes","Caltrops","Dagger Throw"],"picked":"Cloak And Dagger+1","floor":21},{"not_picked":["Night Terror","Envenom","Bullet Time"],"picked":"After Image","floor":23},{"not_picked":["Unload","Malaise","Phantasmal Killer","Tools of the Trade"],"picked":"SKIP","floor":24},{"not_picked":["Die Die Die","Grand Finale","A Thousand Cuts","Burst"],"picked":"SKIP","floor":25},{"not_picked":["Envenom","Malaise","After Image"],"picked":"Adrenaline","floor":27},{"not_picked":["Doppelganger","Venomology","Glass Knife"],"picked":"Adrenaline","floor":29},{"not_picked":["Envenom","Corpse Explosion","Storm of Steel","Malaise"],"picked":"SKIP","floor":31},{"not_picked":["Storm of Steel","Glass Knife","Corpse Explosion"],"picked":"Adrenaline","floor":33},{"not_picked":["Slice","Caltrops","Setup+1","Well Laid Plans"],"picked":"SKIP","floor":35},{"not_picked":["Bane","Quick Slash","Acrobatics","Outmaneuver"],"picked":"SKIP","floor":36},{"not_picked":["Trip","Deep Breath","Chrysalis"],"picked":"Apotheosis","floor":38},{"not_picked":["Sucker Punch+1","Bane+1","Dagger Throw","Slice"],"picked":"SKIP","floor":39},{"not_picked":["Unload","Grand Finale","Wraith Form v2"],"picked":"Adrenaline","floor":40},{"not_picked":["Die Die Die","Grand Finale","Venomology"],"picked":"After Image","floor":42},{"not_picked":["A Thousand Cuts","Tools of the Trade","Grand Finale","Malaise"],"picked":"SKIP","floor":44},{"not_picked":["Bullet Time","Doppelganger","Burst","Glass Knife"],"picked":"SKIP","floor":45},{"not_picked":["Bullet Time","Corpse Explosion","Venomology"],"picked":"Adrenaline","floor":47},{"not_picked":["Dagger Spray","Dodge and Roll","Acrobatics"],"picked":"Calculated Gamble","floor":48},{"not_picked":["Reaper","Night Terror","DevaForm","Corpse Explosion"],"picked":"SKIP","floor":55}],"player_experience":366946,"relics_obtained":[{"floor":6,"key":"Letter Opener"},{"floor":8,"key":"Smiling Mask"},{"floor":9,"key":"Old Coin"},{"floor":11,"key":"Bird Faced Urn"},{"floor":13,"key":"MealTicket"},{"floor":14,"key":"Question Card"},{"floor":21,"key":"Red Mask"},{"floor":23,"key":"Darkstone Periapt"},{"floor":24,"key":"Bag of Preparation"},{"floor":25,"key":"Sundial"},{"floor":26,"key":"Strawberry"},{"floor":27,"key":"Pen Nib"},{"floor":29,"key":"Potion Belt"},{"floor":31,"key":"Orichalcum"},{"floor":40,"key":"Akabeko"},{"floor":42,"key":"MawBank"},{"floor":44,"key":"Happy Flower"},{"floor":45,"key":"Ginger"},{"floor":47,"key":"Girya"},{"floor":55,"key":"InkBottle"}],"event_choices":[{"damage_healed":0,"gold_gain":150,"player_choice":"AGREE","damage_taken":0,"max_hp_gain":0,"max_hp_loss":0,"event_name":"Liars Game","floor":2,"gold_loss":0,"cards_obtained":["Doubt"]},{"damage_healed":0,"gold_gain":0,"player_choice":"Box","damage_taken":0,"relics_obtained":["Meat on the Bone"],"max_hp_gain":0,"max_hp_loss":0,"event_name":"Big Fish","floor":3,"gold_loss":0,"cards_obtained":["Regret"]},{"damage_healed":0,"gold_gain":0,"player_choice":"Fought Bandits","damage_taken":0,"max_hp_gain":0,"max_hp_loss":0,"event_name":"Masked Bandits","floor":21,"gold_loss":0},{"damage_healed":0,"gold_gain":0,"player_choice":"Memory 3","damage_taken":10,"max_hp_gain":0,"max_hp_loss":0,"event_name":"SensoryStone","floor":38,"gold_loss":0}],"is_beta":false,"boss_relics":[{"not_picked":["Ectoplasm","Fusion Hammer"],"picked":"Tiny House"},{"not_picked":["WristBlade","Philosopher\u0027s Stone"],"picked":"Ring of the Serpent"}],"items_purged_floors":[4,5,22,30,37,41,46],"is_endless":false,"potions_floor_spawned":[6,11,19,21,25,29,33,35,36,40,42,48,55],"ascension_level":20}}