{"host":"6p0attdrtjqaih7v","time":1614456028,"event":{"mods":["2.2 Compatiblity","AchievementEnabler","BaseMod","Better Skull","Better Third Choice","Better Vampires","Card Filter","Colored Powertips","Hermit","Highlight Path","Hubris","Key Reminder","Minty Spire (QoL Compilation)","Permanent Neow","Quick Restart","Random Character Button","Relic Filter","Relic Stats","Reliquary","Replay The Spire","Robot Space Explorer","StSLib","The Construct","The Hayseed","The Runesmith","The Witch"],"gold_per_floor":[109,127,127,127,139,167,181,181,181,207,219,243,286,312,324,433,445,472,498,510,522,546,558,597,621,681,693,716,728,772,816,828,937,949,973,985,1014,1046,1058,1070,645,663,663,663,677,694,694,704,704,704],"floor_reached":51,"language":"ENG","playtime":2736,"items_purged":["Runesmith:Permafrost+1"],"score":830,"play_id":"ac4ae7ea-8fd9-4185-8aa1-e34cd3591fad","local_time":"20210227150028","is_ascension_mode":true,"campfire_choices":[{"data":"ReplayTheSpireMod:Armaments MK-II-B","floor":8,"key":"SMITH"},{"data":"Runesmith:PerfectChisel","floor":11,"key":"SMITH"},{"data":"Bash","floor":15,"key":"SMITH"},{"data":"Runesmith:LightningRod","floor":23,"key":"SMITH"},{"data":"Runesmith:EnergizedChisel","floor":27,"key":"SMITH"},{"data":"Runesmith:Prism","floor":32,"key":"SMITH"},{"data":"Runesmith:EnergizedChisel","floor":40,"key":"SMITH"},{"data":"Runesmith:BackupBattery","floor":47,"key":"SMITH"},{"data":"Runesmith:CraftMagma","floor":49,"key":"SMITH"}],"circlet_count":0,"master_deck":["Runesmith:Defend_RS","Runesmith:Defend_RS","Runesmith:Defend_RS","Runesmith:Fortify","Runesmith:RuneHurl","Runesmith:PerfectChisel+1","ReplayTheSpireMod:Armaments MK-II-B+1","Bash+1","Runesmith:ChiselStab","Runesmith:Prism+1","Headbutt","Runesmith:Grindstone+1","Runesmith:ChiselStab","Runesmith:LightningRod+1","AbeCurse","Runesmith:HeatedChisel+1","Bite","Bite","Bite","Runesmith:HammerThrow+1","Runesmith:EnergizedChisel+1","Runesmith:BackupBattery+1","J.A.X.+1","Runesmith:BackupBattery+1","Runesmith:CraftPrismatica","Runesmith:EnergizedChisel+1","Runesmith:NanitesCloud","Runesmith:Prism+1","Runesmith:CraftMagma+1","Runesmith:CraftMagma+1"],"relics":["Bronze Scales","m_RuneBlood","Darkstone Periapt","MawBank","White Beast Statue","Abe\u0027s Treasure","Omamori","Toy Ornithopter","War Paint","Red Mask","Empty Cage","hubris:Icosahedron","hubris:Towel","Replay:Rubber Ducky","hubris:EmptyBottle","Simple Rune"],"acts_visited":["Exordium","TheCity","TheBeyond"],"potions_floor_usage":[6,13,16,16,22,24,24,30,30,31,33,33,35,38,42,45,46,50,50,50,50,50,50,50,50,50,50,50,50,50,50,50,50],"damage_taken":[{"damage":0,"enemies":"Jaw Worm","floor":1,"turns":4},{"damage":2,"enemies":"2 Louse","floor":2,"turns":2},{"damage":0,"enemies":"Small Slimes","floor":5,"turns":4},{"damage":30,"enemies":"3 Sentries","floor":6,"turns":10},{"damage":0,"enemies":"Blue Slaver","floor":7,"turns":5},{"damage":6,"enemies":"Looter","floor":10,"turns":3},{"damage":0,"enemies":"Large Slime","floor":12,"turns":9},{"damage":0,"enemies":"Replay:BlueRogue","floor":13,"turns":4},{"damage":0,"enemies":"Blue Slaver","floor":14,"turns":4},{"damage":41,"enemies":"Slime Boss","floor":16,"turns":10},{"damage":9,"enemies":"Spheric Guardian","floor":18,"turns":5},{"damage":1,"enemies":"Shell Parasite","floor":19,"turns":5},{"damage":5,"enemies":"Snake Plant","floor":22,"turns":4},{"damage":18,"enemies":"Slavers","floor":24,"turns":6},{"damage":8,"enemies":"Centurion and Healer","floor":25,"turns":7},{"damage":6,"enemies":"3 Cultists","floor":28,"turns":6},{"damage":24,"enemies":"Gremlin Leader","floor":30,"turns":7},{"damage":28,"enemies":"Masked Bandits","floor":31,"turns":6},{"damage":49,"enemies":"Collector","floor":33,"turns":17},{"damage":0,"enemies":"3 Darklings","floor":35,"turns":6},{"damage":21,"enemies":"Orb Walker","floor":37,"turns":3},{"damage":19,"enemies":"4 Shapes","floor":38,"turns":9},{"damage":24,"enemies":"Jaw Worm Horde","floor":42,"turns":7},{"damage":13,"enemies":"Transient","floor":45,"turns":5},{"damage":0,"enemies":"3 Darklings","floor":46,"turns":7},{"damage":0,"enemies":"4 Shapes","floor":48,"turns":10},{"damage":13,"enemies":"Time Eater","floor":50,"turns":12}],"seed_played":"-619839393191881171","potions_obtained":[{"floor":1,"key":"SteroidPotion"},{"floor":6,"key":"Strength Potion"},{"floor":7,"key":"SkillPotion"},{"floor":10,"key":"FearPotion"},{"floor":14,"key":"SkillPotion"},{"floor":16,"key":"AttackPotion"},{"floor":18,"key":"Adrenaline Potion"},{"floor":19,"key":"LiquidBronze"},{"floor":22,"key":"Energy Potion"},{"floor":24,"key":"Fire Potion"},{"floor":25,"key":"FearPotion"},{"floor":30,"key":"Block Potion"},{"floor":31,"key":"Regen Potion"},{"floor":33,"key":"Toxic Potion"},{"floor":35,"key":"SpeedPotion"},{"floor":37,"key":"Elixir"},{"floor":38,"key":"Energy Potion"},{"floor":42,"key":"EntropicBrew"},{"floor":45,"key":"Weak Potion"},{"floor":48,"key":"Adrenaline Potion"}],"is_trial":false,"path_per_floor":["M","M","?","?","M","E","M","R","T","M","R","M","E","M","R","B",null,"M","M","?","?","M","R","E","M","T","R","M","?","E","?","R","B",null,"M","?","M","M","?","R","$","M","T","?","M","M","R","M","R","B",null],"character_chosen":"RUNESMITH_CLASS","items_purchased":["Replay:Rubber Ducky","Adrenaline Potion","hubris:EmptyBottle"],"campfire_rested":0,"item_purchase_floors":[41,41,41],"current_hp_per_floor":[70,68,68,68,70,43,46,46,46,43,43,46,49,52,52,14,76,70,72,57,57,57,57,55,57,57,57,57,57,47,36,36,35,57,57,57,41,37,37,37,37,30,30,30,30,45,45,54,54,57],"gold":704,"neow_bonus":"RANDOM_COMMON_RELIC","is_daily":false,"chose_seed":false,"campfire_upgraded":9,"win_rate":0.0,"timestamp":1614456028,"path_taken":["M","M","?","?","M","E","M","R","T","M","R","M","E","M","R","BOSS","M","M","?","?","M","R","E","M","T","R","M","?","E","?","R","BOSS","M","?","M","M","?","R","$","M","T","?","M","M","R","M","R","BOSS"],"items_purchased_type":["Relic","Potion","Relic"],"build_version":"2020-12-22","purchased_purges":1,"victory":true,"max_hp_per_floor":[70,70,70,70,70,70,70,70,70,70,70,70,70,70,70,70,76,76,76,57,57,57,57,57,57,57,57,57,57,57,57,57,57,57,57,57,57,57,57,57,57,57,57,57,57,57,57,57,57,57],"relic_stats":{"Darkstone Periapt":6,"counters":[27,177],"Bronze Scales":[481],"War Paint":["J.A.X.","Runesmith:Grindstone"],"MawBank":384,"obtain_stats":[{"Darkstone Periapt":6,"Runesmith:BrokenRuby":0,"Omamori":24,"War Paint":30,"hubris:Towel":39,"hubris:EmptyBottle":41,"MawBank":9,"Empty Cage":34,"White Beast Statue":13,"Replay:Rubber Ducky":41,"hubris:Icosahedron":36,"Bronze Scales":0,"Simple Rune":43,"Red Mask":31,"Abe\u0027s Treasure":17,"Toy Ornithopter":26,"m_RuneBlood":3},{"Darkstone Periapt":4,"Runesmith:BrokenRuby":0,"Omamori":14,"War Paint":17,"hubris:Towel":22,"hubris:EmptyBottle":22,"MawBank":5,"Empty Cage":19,"White Beast Statue":8,"Replay:Rubber Ducky":22,"hubris:Icosahedron":20,"Bronze Scales":0,"Simple Rune":23,"Red Mask":18,"Abe\u0027s Treasure":10,"Toy Ornithopter":15,"m_RuneBlood":2},{"Darkstone Periapt":20,"Runesmith:BrokenRuby":0,"Omamori":75,"War Paint":95,"hubris:Towel":136,"hubris:EmptyBottle":136,"MawBank":25,"Empty Cage":118,"White Beast Statue":41,"Replay:Rubber Ducky":136,"hubris:Icosahedron":124,"Bronze Scales":0,"Simple Rune":143,"Red Mask":101,"Abe\u0027s Treasure":55,"Toy Ornithopter":82,"m_RuneBlood":6}],"Toy Ornithopter":54},"card_choices":[{"not_picked":["Runesmith:HammerAndChisel","Runesmith:CraftMagma"],"picked":"Runesmith:RuneHurl","floor":1},{"not_picked":["Runesmith:BackupBattery","Runesmith:CraftReservo"],"picked":"Runesmith:PerfectChisel","floor":2},{"not_picked":["Runesmith:CraftObretio","Runesmith:CraftMedicinae"],"picked":"Bash","floor":5},{"not_picked":["Armaments","Runesmith:RuneHurl","Rampage"],"picked":"SKIP","floor":6},{"not_picked":["Runesmith:Firestorm","Runesmith:HammerThrow"],"picked":"Runesmith:ChiselStab","floor":7},{"not_picked":["Runesmith:LithiumIon","Runesmith:BackupBattery"],"picked":"Runesmith:Prism","floor":10},{"not_picked":["Searing Blow","Runesmith:CraftProtectio"],"picked":"Headbutt","floor":12},{"not_picked":["Runesmith:Terraform","Runesmith:Retool"],"picked":"Runesmith:Grindstone","floor":13},{"not_picked":["Runesmith:CraftSpiculum","Runesmith:HeatedChisel"],"picked":"Runesmith:ChiselStab","floor":14},{"not_picked":["Runesmith:CraftMedicinae","Runesmith:LastStand"],"picked":"Runesmith:LightningRod","floor":16},{"not_picked":["Runesmith:Grindstone","Runesmith:Attraction"],"picked":"Runesmith:HeatedChisel+1","floor":18},{"not_picked":["Runesmith:Attraction","Runesmith:RuneHurl"],"picked":"Runesmith:Permafrost+1","floor":19},{"not_picked":["Runesmith:RuneHurl","Runesmith:CraftMagma"],"picked":"Runesmith:HammerThrow+1","floor":22},{"not_picked":["Runesmith:MakeshiftArmor+1","Runesmith:Empowerment"],"picked":"Runesmith:EnergizedChisel","floor":24},{"not_picked":["Runesmith:Permafrost","Runesmith:CraftMagma+1","Runesmith:CreatorForm"],"picked":"SKIP","floor":25},{"not_picked":["Runesmith:Permafrost+1","Runesmith:HammerTime"],"picked":"Runesmith:BackupBattery","floor":28},{"not_picked":["Runesmith:HammerThrow","Runesmith:HeatedChisel","Runesmith:CraftReservo"],"picked":"SKIP","floor":30},{"not_picked":["Runesmith:HeatedChisel","Runesmith:Overpower+1"],"picked":"Runesmith:BackupBattery+1","floor":31},{"not_picked":["Runesmith:GrandSlam","Runesmith:MetallurgicalResearch"],"picked":"Runesmith:CraftPrismatica","floor":33},{"not_picked":["Runesmith:ShiftingStrike+1","Runesmith:RuneHurl+1"],"picked":"Runesmith:EnergizedChisel","floor":35},{"not_picked":["Runesmith:MakeshiftArmor+1","Runesmith:RuneHurl+1"],"picked":"Runesmith:NanitesCloud","floor":37},{"not_picked":["Runesmith:NegativeSpace+1","Runesmith:Repurpose","Runesmith:CraftObretio"],"picked":"SKIP","floor":38},{"not_picked":["Runesmith:NegativeSpace","Runesmith:HeatExchange"],"picked":"Runesmith:Prism","floor":42},{"not_picked":["Runesmith:DoubleUp","Runesmith:HeatExchange","Runesmith:MakeshiftArmor+1"],"picked":"SKIP","floor":45},{"not_picked":["Runesmith:MakeshiftArmor+1","Runesmith:PoweredAnvil"],"picked":"Runesmith:CraftMagma+1","floor":46},{"not_picked":["Runesmith:HeatExchange","Runesmith:CraftProtectio+1"],"picked":"Runesmith:CraftMagma","floor":48}],"player_experience":1243492,"relics_obtained":[{"floor":6,"key":"Darkstone Periapt"},{"floor":9,"key":"MawBank"},{"floor":13,"key":"White Beast Statue"},{"floor":24,"key":"Omamori"},{"floor":26,"key":"Toy Ornithopter"},{"floor":30,"key":"War Paint"},{"floor":31,"key":"Red Mask"},{"floor":43,"key":"Simple Rune"}],"event_choices":[{"damage_healed":0,"gold_gain":0,"player_choice":"Ignored","damage_taken":0,"max_hp_gain":0,"max_hp_loss":0,"event_name":"Liars Game","floor":4,"gold_loss":0},{"damage_healed":0,"gold_gain":0,"player_choice":"Became a vampire","damage_taken":0,"max_hp_gain":0,"max_hp_loss":19,"event_name":"Vampires","floor":20,"gold_loss":0,"cards_obtained":["Bite","Bite","Bite","Bite"]},{"damage_healed":0,"gold_gain":0,"player_choice":"Ignored","damage_taken":0,"max_hp_gain":0,"max_hp_loss":0,"event_name":"The Mausoleum","floor":21,"gold_loss":0},{"damage_healed":0,"gold_gain":0,"player_choice":"Obtain J.A.X.","damage_taken":0,"max_hp_gain":0,"max_hp_loss":0,"event_name":"Drug Dealer","floor":29,"gold_loss":0,"cards_obtained":["J.A.X."]},{"damage_healed":0,"gold_gain":0,"player_choice":"Fought Bandits","damage_taken":0,"max_hp_gain":0,"max_hp_loss":0,"event_name":"Masked Bandits","floor":31,"gold_loss":0}],"is_beta":false,"boss_relics":[{"not_picked":["Cursed Key","reliquary:RedCape"],"picked":"Abe\u0027s Treasure"},{"not_picked":["reliquary:WritOfMandamus","Calling Bell"],"picked":"Empty Cage"}],"items_purged_floors":[41],"is_endless":false,"potions_floor_spawned":[1,6,7,10,14,16,18,19,22,24,25,28,30,31,33,35,37,38,42,45,46,48],"ascension_level":3}}