{"host":"x73jdofm2fk9hsud","time":1614416421,"event":{"mods":["BaseMod","Bestiary","Minty Spire (QoL Compilation)","Relic Stats","ojb\u0027s Better Paths Mod","ojb\u0027s Info Mod"],"gold_per_floor":[118,131,141,111,128,128,160,178,204,204,204],"floor_reached":10,"language":"ENG","playtime":294,"items_purged":[],"score":140,"play_id":"a643bc60-5844-43ef-b88e-e9f9f679c355","local_time":"20210227040021","is_ascension_mode":true,"campfire_choices":[{"floor":6,"key":"REST"}],"circlet_count":0,"master_deck":["AscendersBane","Strike_B","Strike_B","Strike_B","Strike_B","Defend_B","Defend_B","Defend_B","Defend_B","Zap","Dualcast","Rip and Tear","Conserve Battery","Beam Cell","Sweeping Beam","Chill","BootSequence"],"relics":["Inserter","Ornamental Fan","DataDisk"],"acts_visited":["Exordium"],"potions_floor_usage":[7,10,10],"damage_taken":[{"damage":4,"enemies":"Small Slimes","floor":1,"turns":5},{"damage":1,"enemies":"Cultist","floor":2,"turns":3},{"damage":7,"enemies":"2 Louse","floor":3,"turns":3},{"damage":31,"enemies":"Large Slime","floor":5,"turns":8},{"damage":17,"enemies":"3 Sentries","floor":7,"turns":5},{"damage":6,"enemies":"Looter","floor":8,"turns":3},{"damage":38,"enemies":"Gremlin Nob","floor":10,"turns":3}],"seed_played":"-6537381773954251857","potions_obtained":[{"floor":2,"key":"BlessingOfTheForge"},{"floor":3,"key":"LiquidBronze"},{"floor":4,"key":"FearPotion"},{"floor":8,"key":"Regen Potion"}],"is_trial":false,"path_per_floor":["M","M","M","?","M","R","E","M","T","E"],"character_chosen":"DEFECT","items_purchased":[],"campfire_rested":1,"item_purchase_floors":[],"current_hp_per_floor":[60,59,52,52,21,42,25,19,19,0,0],"gold":204,"neow_bonus":"BOSS_RELIC","is_daily":false,"chose_seed":false,"campfire_upgraded":0,"win_rate":0.0,"timestamp":1614416421,"path_taken":["M","M","M","?","?","R","E","?","T","E"],"items_purchased_type":[],"build_version":"2020-12-22","purchased_purges":0,"victory":false,"max_hp_per_floor":[71,71,71,71,71,71,71,71,71,71,71],"relic_stats":{"Inserter":[15],"counters":[7,30],"Ornamental Fan":[4],"obtain_stats":[{"DataDisk":9,"Inserter":0,"Ornamental Fan":7,"Cracked Core":0},{"DataDisk":6,"Inserter":0,"Ornamental Fan":5,"Cracked Core":0},{"DataDisk":27,"Inserter":0,"Ornamental Fan":24,"Cracked Core":0}]},"card_choices":[{"not_picked":["Conserve Battery","Double Energy"],"picked":"Rip and Tear","floor":1},{"not_picked":["Gash","Barrage"],"picked":"Conserve Battery","floor":2},{"not_picked":["Conserve Battery","Turbo"],"picked":"Beam Cell","floor":3},{"not_picked":["Fusion","Redo"],"picked":"Sweeping Beam","floor":5},{"not_picked":["Machine Learning","Coolheaded"],"picked":"Chill","floor":7},{"not_picked":["Double Energy","Compile Driver"],"picked":"BootSequence","floor":8}],"player_experience":5445985,"relics_obtained":[{"floor":7,"key":"Ornamental Fan"},{"floor":9,"key":"DataDisk"}],"event_choices":[{"damage_healed":0,"gold_gain":0,"player_choice":"Bought 2 Potions","damage_taken":0,"max_hp_gain":0,"max_hp_loss":0,"event_name":"The Woman in Blue","floor":4,"gold_loss":0}],"is_beta":false,"boss_relics":[],"items_purged_floors":[],"is_endless":false,"potions_floor_spawned":[2,3,8],"killed_by":"Gremlin Nob","ascension_level":20}}