{"host":"rwiy0nr47d6nmxat","time":1614390960,"event":{"mods":["2.2 Compatiblity","AchievementEnabler","Act Like it!","Aspiration","BaseMod","Better Note","Better Sensory Stone","Block Reminder","Challenge The Spire","Colored Map","Colored Powertips","Conspire","Curses Come First","Elementarium","Highlight Path","Hubris","Infinite Spire","Mad Scientist","Minty Spire (QoL Compilation)","Permanent Neow","Quick Restart","Rare Cards Sparkle","Reliquary","Replay The Spire","Ruina","Spire Arcade","StSLib","SuperFastMode","The Cursed","TheFirefly","slay the spire mod where everything is the same but ironclad has a cowboy hat"],"gold_per_floor":[213,68,68,343,358,358,390,406,430,430,430,446,446,476,476,572,572,590,31,44,55,55,55,72,72,72,83,101,101,131,146,146,146,146],"floor_reached":33,"language":"ENG","playtime":956,"items_purged":[],"score":290,"play_id":"589256b1-3b25-476e-8d49-acc9ab7d938f","local_time":"20210226205600","is_ascension_mode":true,"campfire_choices":[{"data":"Multi-Cast","floor":6,"key":"SMITH"},{"floor":13,"key":"REST"},{"floor":15,"key":"REST"},{"floor":23,"key":"REST"},{"floor":25,"key":"REST"},{"floor":29,"key":"REST"},{"floor":32,"key":"REST"}],"circlet_count":0,"master_deck":["Strike_B","Strike_B","Strike_B","Strike_B","Defend_B","Defend_B","Defend_B","Defend_B","Zap","Dualcast","Defragment","Conserve Battery","Regret","Multi-Cast+1","Ball Lightning","Gash","Redo","Static Discharge","Biased Cognition","hubris:Ukulele","Redo","Redo","Chrysalis","Mind Blast","Jack Of All Trades","BasicCrystalCard","White Noise","Turbo+1","Undo+1","Echo Form","Rebound","Sunder"],"relics":["Cracked Core","DataDisk","Gambling Chip","reliquary:PartyBalloon","Lantern","Bag of Marbles","aspiration:PoetsPen_weak","ReplayTheSpireMod:ShopPack","Replay:Bottled Steam","Ancient Tea Set","aspiration:ChemicalBlood","hubris:Spice"],"acts_visited":["Exordium","Exordium"],"potions_floor_usage":[14,14,21,30,30,30,30,30,31,33,33],"damage_taken":[{"damage":1,"enemies":"Cultist","floor":1,"turns":4},{"damage":2,"enemies":"2 Louse","floor":5,"turns":3},{"damage":39,"enemies":"3 Sentries","floor":7,"turns":7},{"damage":15,"enemies":"Small Slimes","floor":8,"turns":3},{"damage":0,"enemies":"2 Fungi Beasts","floor":12,"turns":3},{"damage":13,"enemies":"Lagavulin","floor":14,"turns":4},{"damage":52,"enemies":"Fading Forest","floor":16,"turns":11},{"damage":10,"enemies":"Elementarium:2_ELEMENTALS","floor":18,"turns":3},{"damage":18,"enemies":"Elementarium:MUD_AND_TAR_GOLEMS","floor":20,"turns":3},{"damage":33,"enemies":"Elementarium:CYCLONE_AND_ORB_OF_FIRE","floor":21,"turns":5},{"damage":13,"enemies":"Elementarium:3_ELEMENTALS","floor":24,"turns":4},{"damage":0,"enemies":"Elementarium:VOID_CORRUPTION_AND_ORB_OF_FIRE","floor":27,"turns":3},{"damage":23,"enemies":"Elementarium:CYCLONE_AND_LIVING_STORMCLOUD","floor":28,"turns":5},{"damage":39,"enemies":"Elementarium:ElementalPortal","floor":30,"turns":4},{"damage":12,"enemies":"Elementarium:3_ELEMENTALS","floor":31,"turns":5},{"damage":36,"enemies":"Elementarium:GoldenDragon","floor":33,"turns":7}],"seed_played":"-3539800583607976452","potions_obtained":[{"floor":7,"key":"ColorlessPotion"},{"floor":8,"key":"Milkshake"},{"floor":12,"key":"Adrenaline Potion"},{"floor":18,"key":"Adrenaline Potion"},{"floor":20,"key":"Death Potion"},{"floor":24,"key":"Languid Potion"},{"floor":28,"key":"LiquidBronze"},{"floor":30,"key":"SpeedPotion"}],"is_trial":false,"path_per_floor":["M","$","?","?","M","R","E","M","T","?","?","M","R","E","R","B",null,"M","$","M","M","?","R","M","R","T","M","M","R","E","M","R","B"],"character_chosen":"DEFECT","items_purchased":["DataDisk","ReplayTheSpireMod:ShopPack","Replay:Bottled Steam","Ancient Tea Set","Redo"],"campfire_rested":6,"item_purchase_floors":[2,19,19,19,19],"current_hp_per_floor":[74,74,74,74,72,72,33,18,18,18,18,18,40,27,49,17,75,65,65,47,14,22,44,31,53,53,53,30,52,21,9,33,0,0],"gold":146,"neow_bonus":"HUNDRED_GOLD","is_daily":false,"chose_seed":false,"campfire_upgraded":1,"win_rate":0.0,"timestamp":1614390960,"path_taken":["M","$","?","?","?","R","E","M","T","?","?","?","R","E","R","BOSS","M","$","M","M","?","R","?","R","T","M","M","R","E","M","R","BOSS"],"items_purchased_type":["Relic","Relic","Relic","Relic","Card"],"build_version":"2020-12-22","purchased_purges":0,"victory":false,"max_hp_per_floor":[75,75,75,75,75,75,75,75,75,75,75,75,75,75,75,75,75,75,75,75,75,75,75,75,75,75,75,75,75,83,83,83,83,83],"card_choices":[{"not_picked":["Compile Driver","Sweeping Beam"],"picked":"Defragment","floor":1},{"not_picked":["Compile Driver","Beam Cell"],"picked":"Multi-Cast","floor":5},{"not_picked":["Compile Driver","FTL"],"picked":"Ball Lightning","floor":7},{"not_picked":["Cold Snap","Streamline"],"picked":"Gash","floor":8},{"not_picked":["Panic Button","Sweeping Beam"],"picked":"Redo","floor":12},{"not_picked":["Glacier","Heatsinks"],"picked":"Static Discharge","floor":14},{"not_picked":["Rainbow","Reboot"],"picked":"Biased Cognition","floor":16},{"not_picked":["Compile Driver","Leap"],"picked":"hubris:Ukulele","floor":18},{"not_picked":["Panache","Transmutation"],"picked":"Chrysalis","floor":19},{"not_picked":["Purity","Discovery"],"picked":"Mind Blast","floor":19},{"not_picked":["Dark Shackles","Violence"],"picked":"Jack Of All Trades","floor":19},{"not_picked":["Doom and Gloom","Cold Snap"],"picked":"BasicCrystalCard","floor":20},{"not_picked":["Redo","Glacier"],"picked":"White Noise","floor":21},{"not_picked":["Beam Cell","Rebound+1"],"picked":"Turbo+1","floor":24},{"not_picked":["BasicCrystalCard+1","conspire:Rain"],"picked":"Undo+1","floor":27},{"not_picked":["hubris:Ukulele","Steam"],"picked":"Echo Form","floor":28},{"not_picked":["Scrape","BasicCrystalCard"],"picked":"Rebound","floor":30},{"not_picked":["Streamline+1","Go for the Eyes"],"picked":"Sunder","floor":31}],"player_experience":82002,"relics_obtained":[{"floor":7,"key":"Gambling Chip"},{"floor":9,"key":"reliquary:PartyBalloon"},{"floor":14,"key":"Bag of Marbles"},{"floor":26,"key":"aspiration:ChemicalBlood"},{"floor":30,"key":"hubris:Spice"}],"event_choices":[{"damage_healed":0,"gold_gain":275,"player_choice":"Desecrate","damage_taken":0,"max_hp_gain":0,"max_hp_loss":0,"event_name":"Golden Shrine","floor":4,"gold_loss":0,"cards_obtained":["Regret"]},{"damage_healed":0,"gold_gain":0,"player_choice":"Gave Potion","damage_taken":0,"relics_obtained":["Lantern"],"max_hp_gain":0,"max_hp_loss":0,"event_name":"WeMeetAgain","floor":11,"gold_loss":0}],"is_beta":false,"boss_relics":[{"not_picked":["ChewingGum","hubris:RunicObelisk"],"picked":"aspiration:PoetsPen_weak"}],"items_purged_floors":[],"is_endless":false,"potions_floor_spawned":[7,8,12,18,20,24,28,30],"killed_by":"Elementarium:GoldenDragon","ascension_level":1}}