{"host":"i9wanet4r0ff4t9y","time":1614437555,"event":{"mods":["2.2 Compatiblity","Act Like it!","BaseMod","Bestiary","Better Altar","Better Match","Better Note","Better Sensory Stone","Better Skull","Better Third Choice","Better Vampires","BetterRewards","CapriCore","Colored Map","Conspire","Curses Come First","Downfall","Energized Spire","Hubris","Minty Spire (QoL Compilation)","Quick Restart","READ ME - Guardian Mod","READ ME - Snecko Mod","Relic Stats","Reliquary","Ruina","Say the Spire","Spicy Shops","StSLib","The Gatherer","Transform Curses","Waifu the Spire"],"gold_per_floor":[115,115,115,134,16,16,26,26,26,53,53,53,53,53,53,151,151,161,161,178,8,8,42,42,57,82,106,121,121,140,151,151,151,151],"floor_reached":33,"language":"POL","playtime":817,"items_purged":["Decay"],"score":545,"play_id":"27167598-0c42-49a5-a5b8-16c3752a240a","local_time":"20210227155235","is_ascension_mode":true,"campfire_choices":[{"floor":6,"key":"REST"},{"floor":8,"key":"REST"},{"floor":13,"key":"REST"},{"floor":15,"key":"REST"},{"floor":29,"key":"REST"},{"floor":32,"key":"REST"}],"circlet_count":0,"master_deck":["AscendersBane","Strike_B","Strike_B","Strike_B","Strike_B","Defend_B","Defend_B","Defend_B","Defend_B","Zap","Dualcast","Ball Lightning","Static Discharge","Jack Of All Trades+1","Ball Lightning","Defragment","Undo","Storm","Streamline","Thunder Strike","Sweeping Beam","Writhe","Fusion","Sunder","Turbo","Beam Cell","FTL","Leap","Glacier+1","Gash","Aggregate+1"],"relics":["Cracked Core","Runic Capacitor","Potion Belt","reliquary:Stiletto","reliquary:Bookmark","hubris:64BitClover","Bird Faced Urn","Letter Opener","reliquary:Boomerang","conspire:InfiniteJournal","Calipers","hubris:MysteriousPyramids","energizedSpire:MagnifyingGlass","Omamori","Shovel","reliquary:JackalopeAntler","hexamod:BolsterEngine"],"acts_visited":["Exordium","TheCity"],"potions_floor_usage":[10,20,23,30,33],"damage_taken":[{"damage":0,"enemies":"2 Louse","floor":1,"turns":1},{"damage":6,"enemies":"conspire:RoseBush","floor":4,"turns":3},{"damage":0,"enemies":"Cultist","floor":7,"turns":3},{"damage":32,"enemies":"Gremlin Nob","floor":10,"turns":4},{"damage":44,"enemies":"Hexaghost","floor":16,"turns":6},{"damage":6,"enemies":"Spheric Guardian","floor":18,"turns":3},{"damage":13,"enemies":"Chosen","floor":20,"turns":5},{"damage":7,"enemies":"conspire:SneckoGhost","floor":23,"turns":5},{"damage":11,"enemies":"Snake Plant","floor":25,"turns":4},{"damage":31,"enemies":"Cultist and Chosen","floor":28,"turns":6},{"damage":17,"enemies":"3 Cultists","floor":30,"turns":5},{"damage":21,"enemies":"Centurion and Healer","floor":31,"turns":5},{"damage":51,"enemies":"hubris:MusketHawk","floor":33,"turns":6}],"seed_played":"-8037254967646284459","potions_obtained":[{"floor":1,"key":"champ:CounterPotion"},{"floor":7,"key":"LiquidMemories"},{"floor":18,"key":"Block Potion"},{"floor":23,"key":"DistilledChaos"},{"floor":30,"key":"SteroidPotion"},{"floor":31,"key":"DistilledChaos"}],"is_trial":false,"path_per_floor":["M","?","?","M","$","R","M","R","T","E","?","?","R","T","R","B",null,"M","?","M","$","?","E","$","M","T","T","M","R","M","M","R","B"],"character_chosen":"DEFECT","items_purchased":["Runic Capacitor","Potion Belt","reliquary:Stiletto","reliquary:Bookmark","hubris:64BitClover","Ball Lightning","Defragment","Undo","Sunder","Turbo","Beam Cell"],"campfire_rested":6,"item_purchase_floors":[0,0,0,0,0,0,5,5,21,21,21],"current_hp_per_floor":[28,28,28,24,24,46,48,70,70,44,23,23,45,45,67,29,64,64,64,57,57,57,58,58,53,53,53,28,50,39,20,42,0,0],"gold":151,"neow_bonus":"","is_daily":false,"chose_seed":false,"campfire_upgraded":0,"win_rate":0.0,"timestamp":1614437555,"path_taken":["M","?","?","?","?","R","?","R","T","E","?","?","R","?","R","BOSS","M","?","M","$","?","E","?","M","T","?","M","R","?","M","R","BOSS"],"items_purchased_type":["Relic","Relic","Relic","Relic","Relic","Card","Card","Card","Card","Card","Card"],"build_version":"2020-12-22","purchased_purges":1,"victory":false,"max_hp_per_floor":[75,75,75,75,75,75,75,75,75,75,75,75,75,75,75,75,75,75,75,75,75,75,75,75,75,75,75,75,75,75,75,75,75,75],"relic_stats":{"Shovel":0,"counters":[85,336],"Bird Faced Urn":[152],"Letter Opener":[236],"obtain_stats":[{"reliquary:Conveyor":2,"Calipers":0,"energizedSpire:UnstableMolecules":34,"reliquary:PartyBalloon":7,"CeramicFish":2,"Vajra":40,"hubris:VirtuousBlindfold":17,"Runic Capacitor":0,"hubris:MysteriousPyramids":14,"reliquary:FerryPass":13,"Centennial Puzzle":46,"DollysMirror":20,"Strawberry":23,"Prayer Wheel":0,"HandDrill":0,"reliquary:FingerTrap":0,"reliquary:Vitrine":27,"Girya":11,"Dead Branch":22,"Oddly Smooth Stone":0,"hubris:SphereOfDissonance":0,"hubris:HollowSoul":17,"conspire:SlowCooker":17,"Letter Opener":0,"Cables":39,"reliquary:Bookmark":0,"reliquary:JackalopeAntler":25,"reliquary:PorcupineQuills":0,"Bird Faced Urn":0,"Bronze Scales":43,"energizedSpire:MagnifyingGlass":17,"Unceasing Top":24,"hubris:Metronome":22,"reliquary:Boomerang":10,"reliquary:Aerogel":13,"StoneCalendar":0,"hubris:SlimyHat":0,"Bag of Preparation":9,"Empty Cage":34,"Ancient Tea Set":43,"Smiling Mask":3,"ClockworkSouvenir":0,"conspire:InfiniteJournal":11,"reliquary:TridentHead":26,"Dream Catcher":0,"hubris:Icosahedron":3,"Shovel":23,"Mummified Hand":9,"Pantograph":26,"Toolbox":0,"Red Mask":31,"Chemical X":0,"Cracked Core":0,"Potion Belt":0,"Lee\u0027s Waffle":0,"Golden Idol":3,"hubris:64BitClover":0,"PreservedInsect":47,"Omamori":19,"Orichalcum":39,"hubris:Towel":12,"reliquary:RosewoodLute":13,"MawBank":48,"reliquary:ExpiredCoupon":9,"reliquary:RustamsPendant":17,"reliquary:Stiletto":0,"Bag of Marbles":31,"reliquary:TuningFork":0,"Membership Card":0,"hexamod:BolsterEngine":26,"hubris:OldNail":14,"hubris:Potato":16},{"reliquary:Conveyor":1,"Calipers":29,"energizedSpire:UnstableMolecules":66,"reliquary:PartyBalloon":33,"CeramicFish":9,"Vajra":25,"hubris:VirtuousBlindfold":37,"Runic Capacitor":72,"hubris:MysteriousPyramids":76,"reliquary:FerryPass":14,"Centennial Puzzle":27,"DollysMirror":58,"Strawberry":59,"Prayer Wheel":8,"HandDrill":8,"reliquary:FingerTrap":51,"reliquary:Vitrine":61,"Girya":13,"Dead Branch":45,"Oddly Smooth Stone":0,"hubris:SphereOfDissonance":29,"hubris:HollowSoul":43,"conspire:SlowCooker":57,"Letter Opener":51,"Cables":68,"reliquary:Bookmark":72,"reliquary:JackalopeAntler":81,"reliquary:PorcupineQuills":8,"Bird Faced Urn":51,"Bronze Scales":69,"energizedSpire:MagnifyingGlass":77,"Unceasing Top":46,"hubris:Metronome":58,"reliquary:Boomerang":76,"reliquary:Aerogel":41,"StoneCalendar":37,"hubris:SlimyHat":8,"Bag of Preparation":40,"Empty Cage":22,"Ancient Tea Set":25,"Smiling Mask":38,"ClockworkSouvenir":0,"conspire:InfiniteJournal":76,"reliquary:TridentHead":19,"Dream Catcher":29,"hubris:Icosahedron":9,"Shovel":80,"Mummified Hand":11,"Pantograph":60,"Toolbox":51,"Red Mask":50,"Chemical X":37,"Cracked Core":0,"Potion Belt":0,"Lee\u0027s Waffle":51,"Golden Idol":1,"hubris:64BitClover":72,"PreservedInsect":71,"Omamori":78,"Orichalcum":24,"hubris:Towel":34,"reliquary:RosewoodLute":35,"MawBank":28,"reliquary:ExpiredCoupon":4,"reliquary:RustamsPendant":15,"reliquary:Stiletto":0,"Bag of Marbles":21,"reliquary:TuningFork":29,"Membership Card":51,"hexamod:BolsterEngine":81,"hubris:OldNail":14,"hubris:Potato":15},{"reliquary:Conveyor":4,"Calipers":95,"energizedSpire:UnstableMolecules":255,"reliquary:PartyBalloon":106,"CeramicFish":31,"Vajra":88,"hubris:VirtuousBlindfold":125,"Runic Capacitor":280,"hubris:MysteriousPyramids":291,"reliquary:FerryPass":46,"Centennial Puzzle":90,"DollysMirror":211,"Strawberry":216,"Prayer Wheel":29,"HandDrill":29,"reliquary:FingerTrap":188,"reliquary:Vitrine":226,"Girya":42,"Dead Branch":154,"Oddly Smooth Stone":0,"hubris:SphereOfDissonance":95,"hubris:HollowSoul":145,"conspire:SlowCooker":207,"Letter Opener":188,"Cables":261,"reliquary:Bookmark":280,"reliquary:JackalopeAntler":314,"reliquary:PorcupineQuills":29,"Bird Faced Urn":188,"Bronze Scales":264,"energizedSpire:MagnifyingGlass":297,"Unceasing Top":159,"hubris:Metronome":211,"reliquary:Boomerang":291,"reliquary:Aerogel":135,"StoneCalendar":125,"hubris:SlimyHat":29,"Bag of Preparation":132,"Empty Cage":83,"Ancient Tea Set":88,"Smiling Mask":127,"ClockworkSouvenir":0,"conspire:InfiniteJournal":291,"reliquary:TridentHead":71,"Dream Catcher":95,"hubris:Icosahedron":31,"Shovel":310,"Mummified Hand":36,"Pantograph":220,"Toolbox":188,"Red Mask":178,"Chemical X":125,"Cracked Core":0,"Potion Belt":0,"Lee\u0027s Waffle":188,"Golden Idol":4,"hubris:64BitClover":280,"PreservedInsect":273,"Omamori":300,"Orichalcum":86,"hubris:Towel":109,"reliquary:RosewoodLute":113,"MawBank":91,"reliquary:ExpiredCoupon":12,"reliquary:RustamsPendant":54,"reliquary:Stiletto":0,"Bag of Marbles":76,"reliquary:TuningFork":95,"Membership Card":188,"hexamod:BolsterEngine":314,"hubris:OldNail":46,"hubris:Potato":54}]},"card_choices":[{"not_picked":["Cold Snap","Steam Power"],"picked":"Static Discharge","floor":1},{"not_picked":["hubris:Insight","Purity"],"picked":"Jack Of All Trades","floor":2},{"not_picked":["Stack","Force Field"],"picked":"Ball Lightning","floor":4},{"not_picked":["Fusion","Barrage"],"picked":"Storm","floor":7},{"not_picked":["Fusion","Steam"],"picked":"Streamline","floor":10},{"not_picked":["Rainbow","Seek"],"picked":"Thunder Strike","floor":16},{"not_picked":["Leap","Chaos"],"picked":"Sweeping Beam","floor":18},{"not_picked":["Streamline","Hologram"],"picked":"Fusion","floor":20},{"not_picked":["Barrage","Blizzard"],"picked":"FTL","floor":23},{"not_picked":["Coolheaded+1","Stack"],"picked":"Leap","floor":25},{"not_picked":["Redo","Gash"],"picked":"Glacier+1","floor":28},{"not_picked":["Turbo","Redo"],"picked":"Gash","floor":30},{"not_picked":["Go for the Eyes","Coolheaded"],"picked":"Aggregate+1","floor":31}],"player_experience":502688,"relics_obtained":[{"floor":9,"key":"Letter Opener"},{"floor":10,"key":"reliquary:Boomerang"},{"floor":14,"key":"hubris:MysteriousPyramids"},{"floor":23,"key":"Shovel"},{"floor":25,"key":"reliquary:JackalopeAntler"},{"floor":26,"key":"hexamod:BolsterEngine"}],"event_choices":[{"damage_healed":0,"gold_gain":1,"player_choice":"1","damage_taken":0,"max_hp_gain":0,"max_hp_loss":0,"event_name":"betterStone:BetterStone","floor":2,"gold_loss":0},{"damage_healed":0,"gold_gain":0,"player_choice":"Upgraded","damage_taken":0,"max_hp_gain":0,"max_hp_loss":0,"event_name":"Upgrade Shrine","floor":3,"gold_loss":0,"cards_upgraded":["Jack Of All Trades"]},{"damage_healed":0,"gold_gain":1,"player_choice":"Relic Relic ","damage_taken":21,"max_hp_gain":0,"max_hp_loss":0,"event_name":"betterThird:BetterScrap","floor":11,"gold_loss":0,"cards_obtained":["Limit Break"]},{"damage_healed":0,"gold_gain":0,"player_choice":"Disagree","damage_taken":0,"max_hp_gain":0,"max_hp_loss":0,"event_name":"conspire:LoneGhost","floor":12,"gold_loss":0},{"damage_healed":0,"gold_gain":0,"player_choice":"Opened","damage_taken":0,"relics_obtained":["Omamori"],"max_hp_gain":0,"max_hp_loss":0,"event_name":"The Mausoleum","floor":19,"gold_loss":0,"cards_obtained":["Writhe"]}],"is_beta":false,"boss_relics":[{"not_picked":["energizedSpire:NeverEndingSparkler","reliquary:Ember"],"picked":"energizedSpire:MagnifyingGlass"}],"items_purged_floors":[0],"is_endless":false,"potions_floor_spawned":[1,7,18,23,30,31],"killed_by":"hubris:MusketHawk","ascension_level":10}}