{"host":"tgnam0g96qraiyqx","time":1614404912,"event":{"mods":["Act Like it!","Always Whale","Aspiration","BaseMod","Beaked The Cultist","BetterRewards","ChefMod","Chen","Colored Map","Colored Powertips","Downfall","Energized Spire","FruityMod","Glutton Mod","Gremlin Mod","Hermit","HexUI Lib","Highlight Path","Hubris","Hunter ??","Kratos Character Expansion","Lobotomy","Mad Scientist","Minty Spire (QoL Compilation)","Pikachu Mod","Replay The Spire","Ruina","Shop Mod","StSLib","The Animator","The Cursed","The Dragonkin","The Jungle","TheWitcher","[IsaacMod]????"],"gold_per_floor":[199,212,222,235,410,430,457,473,168,168,199,215,215,215,229,331,331,331,351,368,368,384,38,38,48,48,68,68,80,94,94,108,211,211,211,221,321,324,184,194,264,290,290,290,290,290,138,188,199,199],"floor_reached":51,"language":"FRA","playtime":42605,"items_purged":["TheCursedMod:Strike_TheCursed","TheCursedMod:Strike_TheCursed","TheCursedMod:Defend_TheCursed"],"score":926,"play_id":"8475dcec-d489-40d4-bc8b-37f08ea132e7","local_time":"20210227064832","is_ascension_mode":false,"campfire_choices":[{"data":"TheCursedMod:CursedWand","floor":1.0,"key":"SMITH"},{"data":"TheCursedMod:SmokeScreen","floor":10.0,"key":"SMITH"},{"data":"TheCursedMod:Hemoplague","floor":13.0,"key":"SMITH"},{"data":"TheCursedMod:NeowsMight","floor":18.0,"key":"SMITH"},{"data":"TheCursedMod:NeowsMight","floor":26,"key":"SMITH"},{"data":"TheCursedMod:SmokeScreen","floor":28,"key":"SMITH"},{"data":"TheCursedMod:SpitefulPlan","floor":35,"key":"SMITH"},{"data":"TheCursedMod:Mangle","floor":44,"key":"SMITH"},{"data":"TheCursedMod:VitalStrike","floor":46,"key":"SMITH"}],"circlet_count":0,"master_deck":["TheCursedMod:Defend_TheCursed","TheCursedMod:CursedWand+1","TheCursedMod:CleanUpWorkshop","TheCursedMod:Dregs","EpicFetus+1","TheCursedMod:FleshFromBone","TheCursedMod:CursedBlade","Doubt","TheCursedMod:Stigma+1","TheCursedMod:SmokeScreen+1","TheCursedMod:Hemoplague+1","TheCursedMod:Mangle+1","TheCursedMod:VitalStrike+1","downfall:Malfunctioning","TheCursedMod:NeowsMight+1","TheCursedMod:CursedAmulet+1","TheCursedMod:SmokeScreen+1","TheCursedMod:Mangle+1","TheCursedMod:SpitefulPlan+1","TheCursedMod:NeowsMight+1","TheCursedMod:LuckyCharm","Writhe","downfall:Aged","expansioncontent:DashGenerateEvil"],"relics":["TheCursedMod:BlackMagic101","HushsDoor","BookofShadows","Simple Rune","ReplayTheSpireMod:TigerMarble","ReplayTheSpireMod:Ninjato","energizedSpire:DeadBattery","hubris:64BitClover","ReplayTheSpireMod:Lightbulb","ruina:Goodbye","Replay:Mystery Machine","KratosMod:minohorn","TheBean","BelialBook","TheCursedMod:SoulVessel","Replay:Bottled Flurry","HowToJump"],"acts_visited":["Exordium","Exordium","TheBeyond"],"potions_floor_usage":[33],"damage_taken":[{"damage":0.0,"enemies":"Small Slimes","floor":2.0,"turns":3.0},{"damage":2.0,"enemies":"2 Louse","floor":3.0,"turns":4.0},{"damage":0.0,"enemies":"Cultist","floor":4.0,"turns":4.0},{"damage":0.0,"enemies":"Blue Slaver","floor":6.0,"turns":5.0},{"damage":0.0,"enemies":"Large Slime","floor":8.0,"turns":5.0},{"damage":0.0,"enemies":"downfall:FleeingMerchant","floor":9.0,"turns":4.0},{"damage":0.0,"enemies":"Replay:BlueRogue","floor":11.0,"turns":5.0},{"damage":0.0,"enemies":"downfall:LooterAlt","floor":12.0,"turns":3.0},{"damage":0.0,"enemies":"2 Fungi Beasts","floor":15.0,"turns":3.0},{"damage":23.0,"enemies":"IC_STATUS_ARCHETYPE","floor":16.0,"turns":4.0},{"damage":4.0,"enemies":"ruina:2_Scarecrows","floor":19.0,"turns":3.0},{"damage":6.0,"enemies":"ruina:Nosferatu","floor":20.0,"turns":3.0},{"damage":4.0,"enemies":"ruina:KingOfGreed","floor":22.0,"turns":6.0},{"damage":0.0,"enemies":"downfall:FleeingMerchant","floor":23.0,"turns":4.0},{"damage":0,"enemies":"ruina:QueenOfHate","floor":25,"turns":5},{"damage":0,"enemies":"ruina:ServantOfWrath","floor":27,"turns":4},{"damage":0,"enemies":"ruina:Woodsman","floor":29,"turns":4},{"damage":0,"enemies":"ruina:KnightOfDespair","floor":30,"turns":3},{"damage":0,"enemies":"ruina:KingOfGreed","floor":32,"turns":4},{"damage":16,"enemies":"DF_ARCHETYPE_CLAW","floor":33,"turns":6},{"damage":0,"enemies":"Orb Walker","floor":36,"turns":2},{"damage":0,"enemies":"3 Shapes","floor":38,"turns":4},{"damage":0,"enemies":"downfall:FleeingMerchant","floor":39,"turns":4},{"damage":0,"enemies":"Maw","floor":40,"turns":6},{"damage":0,"enemies":"Reptomancer","floor":42,"turns":4},{"damage":0,"enemies":"downfall:FleeingMerchant","floor":47,"turns":3},{"damage":0,"enemies":"Hiden Room Battle","floor":48,"turns":2},{"damage":0,"enemies":"Jaw Worm Horde","floor":49,"turns":2},{"damage":13,"enemies":"SI_POISON_ARCHETYPE","floor":50,"turns":4}],"seed_played":"-8220679512452299266","potions_obtained":[{"floor":2.0,"key":"Explosive Potion"},{"floor":6.0,"key":"Swift Potion"},{"floor":11.0,"key":"champ:CounterPotion"},{"floor":15.0,"key":"Guardian:BlockOnCardUsePotion"},{"floor":19.0,"key":"Fire Potion"},{"floor":20.0,"key":"Flashbang"},{"floor":27,"key":"Fire Potion"},{"floor":30,"key":"PowerPotion"}],"is_trial":false,"path_per_floor":["R","M","M","M","?","M","T","M","$","R","E","M","R","?","M","B",null,"R","M","M","?","M","$","T","M","R","E","R","M","M","?","M","B",null,"R","M","?","M","$","M","T","E","T","R","?","R","$","?","M","B",null],"character_chosen":"THE_CURSED","items_purchased":["TheCursedMod:Mangle","ReplayTheSpireMod:TigerMarble","TheCursedMod:NeowsMight","TheCursedMod:LuckyCharm","TheCursedMod:SoulVessel","expansioncontent:DashGenerateEvil"],"campfire_rested":0,"item_purchase_floors":[9,9,23,23,47,47],"current_hp_per_floor":[75,75,73,73,73,73,73,73,73,73,73,73,73,73,73,50,75,75,71,65,65,61,61,61,65,65,65,65,65,70,70,70,54,71,71,71,71,71,71,71,71,71,71,71,71,71,71,68,68,57],"gold":199,"neow_bonus":"HUNDRED_GOLD","is_daily":false,"chose_seed":false,"campfire_upgraded":9,"win_rate":0.0,"timestamp":1614404912,"path_taken":["R","M","M","M","?","M","T","?","$","R","E","M","R","?","M","BOSS","R","M","M","?","?","$","T","M","R","E","R","M","M","?","M","BOSS","R","M","?","M","$","?","T","E","?","R","?","R","?","?","M","BOSS"],"items_purchased_type":["Card","Relic","Card","Card","Relic","Card"],"build_version":"2020-12-22","purchased_purges":3,"victory":true,"max_hp_per_floor":[75,75,75,75,75,75,75,75,75,75,75,75,75,75,75,75,75,75,75,75,71,71,71,71,71,71,71,71,71,71,71,71,71,71,71,71,71,71,71,71,71,71,71,71,71,71,71,68,68,65],"card_choices":[{"not_picked":[],"picked":"EpicFetus","floor":0.0},{"not_picked":["TheCursedMod:SpitefulStrike","TheCursedMod:RapidMovement"],"picked":"TheCursedMod:FleshFromBone","floor":2.0},{"not_picked":["TheCursedMod:CircleOfWindfury","TheCursedMod:VitalStrike"],"picked":"TheCursedMod:CursedBlade","floor":3.0},{"not_picked":["TheCursedMod:EmpowerCircles","TheCursedMod:ReleasedKnowledge","TheCursedMod:Wield"],"picked":"SKIP","floor":4.0},{"not_picked":["TheCursedMod:SpitefulPray","TheCursedMod:CircleOfWindfury"],"picked":"TheCursedMod:Stigma","floor":6.0},{"not_picked":["TheCursedMod:CircleOfFlame","TheCursedMod:Stigma"],"picked":"TheCursedMod:SmokeScreen","floor":8.0},{"not_picked":["TheCursedMod:Wield","TheCursedMod:RavingStaff"],"picked":"TheCursedMod:Hemoplague","floor":9.0},{"not_picked":["TheCursedMod:TacticalStrike","TheCursedMod:AntiAging","TheCursedMod:CursedBlade"],"picked":"SKIP","floor":11.0},{"not_picked":["TheCursedMod:SurpriseAttack","TheCursedMod:CursedStaff"],"picked":"TheCursedMod:VitalStrike","floor":12.0},{"not_picked":["TheCursedMod:SoulReap","TheCursedMod:CursedBlade","TheCursedMod:FleshFromBone"],"picked":"SKIP","floor":15.0},{"not_picked":["TheCursedMod:DemonSword","TheCursedMod:ManaCirculation"],"picked":"TheCursedMod:NeowsMight","floor":16.0},{"not_picked":["TheCursedMod:SurpriseAttack","TheCursedMod:BlessingInDisguise"],"picked":"TheCursedMod:CursedAmulet+1","floor":19.0},{"not_picked":["TheCursedMod:VitalStrike","TheCursedMod:FleshFromBone"],"picked":"TheCursedMod:SmokeScreen","floor":20.0},{"not_picked":["TheCursedMod:PrepareRite","TheCursedMod:CursedSpellbook"],"picked":"TheCursedMod:Mangle+1","floor":22.0},{"not_picked":["TheCursedMod:ReleasedKnowledge","TheCursedMod:RavingStaff"],"picked":"TheCursedMod:SpitefulPlan","floor":23},{"not_picked":["TheCursedMod:Stigma","TheCursedMod:UltimatePain","TheCursedMod:RapidMovement+1"],"picked":"SKIP","floor":25},{"not_picked":["TheCursedMod:Stigma","TheCursedMod:RapidMovement","TheCursedMod:CursedBlade+1"],"picked":"SKIP","floor":27},{"not_picked":["TheCursedMod:OutForBlood","TheCursedMod:CursedStaff","TheCursedMod:CircleOfFlame+1"],"picked":"SKIP","floor":29},{"not_picked":["TheCursedMod:AbyssShockwave","TheCursedMod:SurpriseAttack","TheCursedMod:FleshFromBone+1"],"picked":"SKIP","floor":30},{"not_picked":["TheCursedMod:BlessingInDisguise+1","TheCursedMod:SaltUponWound+1","TheCursedMod:SpitefulStrike"],"picked":"SKIP","floor":32},{"not_picked":["TheCursedMod:CircleOfFocus","TheCursedMod:RavingStaff+1","TheCursedMod:CursedMace"],"picked":"SKIP","floor":36},{"not_picked":["TheCursedMod:Torture+1","TheCursedMod:Evocation+1","TheCursedMod:RavingStaff"],"picked":"SKIP","floor":38},{"not_picked":["TheCursedMod:ManaBullet","TheCursedMod:CircleOfBlood+1","TheCursedMod:FuryStrike"],"picked":"SKIP","floor":39},{"not_picked":["TheCursedMod:FleshFromBone","TheCursedMod:SurpriseAttack","TheCursedMod:Obscuration"],"picked":"SKIP","floor":40},{"not_picked":["TheCursedMod:EmpowerCircles","TheCursedMod:BlessingInDisguise","TheCursedMod:HellfireBreathing"],"picked":"SKIP","floor":42},{"not_picked":["TheCursedMod:CircleOfAmplification+1","TheCursedMod:VitalStrike","TheCursedMod:SurpriseAttack+1"],"picked":"SKIP","floor":47},{"not_picked":["TheCursedMod:Stigma","TheCursedMod:CircleOfFlame+1","TheCursedMod:Obscuration+1"],"picked":"SKIP","floor":49}],"player_experience":1317993,"relics_obtained":[{"floor":7.0,"key":"Simple Rune"},{"floor":11.0,"key":"ReplayTheSpireMod:Ninjato"},{"floor":24,"key":"hubris:64BitClover"},{"floor":27,"key":"ReplayTheSpireMod:Lightbulb"},{"floor":38,"key":"Replay:Mystery Machine"},{"floor":41,"key":"KratosMod:minohorn"},{"floor":42,"key":"TheBean"},{"floor":43,"key":"BelialBook"},{"floor":48,"key":"Replay:Bottled Flurry"},{"floor":48,"key":"HowToJump"}],"event_choices":[{"damage_healed":0,"gold_gain":0,"player_choice":"Fight","damage_taken":0,"max_hp_gain":0,"max_hp_loss":0,"event_name":"HidenRoomEvent","floor":48,"gold_loss":0}],"is_beta":false,"boss_relics":[{"not_picked":["Kintsugi","bronze:MakeshiftBattery"],"picked":"energizedSpire:DeadBattery"},{"not_picked":[]},{"not_picked":["Fusion Hammer","energizedSpire:StickyHand","Replay:Wanted Poster"]}],"items_purged_floors":[9,23,39],"is_endless":false,"potions_floor_spawned":[2,6,11,15,19,20,27,30,32,38,42],"ascension_level":0}}