{"host":"aukiz5jlacd3g5yc","time":1614457138,"event":{"mods":["2.2 Compatiblity","Bard","BaseMod","Bestiary","Colored Map","Colored Powertips","Downfall","GifTheSpireLib","Hubris","Minty Spire (QoL Compilation)","Permanent Neow","Quick Restart","Random Character Button","Rare Cards Sparkle","Relic Sorter","Relic Stats","StSLib","everything is the same but u backflip on backflip","slay the spire mod where everything is the same but ironclad has a cowboy hat"],"gold_per_floor":[114,114,134,149,224,259,259,302,302,327,7,7,27,50,50,174,174,192,192,207,207,222,253,253,277,304,344,357,373,373,373,373],"floor_reached":31,"language":"ENG","playtime":1635,"items_purged":[],"score":364,"play_id":"ab549f64-7b5c-4bc2-9853-d2a2bdeda0c2","local_time":"20210227141858","is_ascension_mode":false,"campfire_choices":[{"data":"bard:HarmoniousVoice","floor":12.0,"key":"SMITH"},{"data":"Enlightenment","floor":15.0,"key":"SMITH"},{"data":"bard:HideousLaughter","floor":24.0,"key":"SMITH"},{"data":"bard:GlyphOfWarding","floor":30,"key":"SMITH"}],"circlet_count":0,"master_deck":["bard:Strike","bard:Strike","bard:Strike","bard:Defend","bard:Defend","bard:Defend","bard:Defend","bard:Riposte","bard:Inspire","bard:PhantasmalForce","bard:HideousLaughter+1","bard:ViciousMockery","bard:HarmoniousVoice+1","bard:GlyphOfWarding+1","bard:BucklerBash+1","bard:Invisibility","bard:FalseLife","bard:LifeDrain+1","bard:ReverseGravity+1","Enlightenment+1","bard:FalseLife","bard:LifeDrain+1","bard:FingerOfDeath+1","bard:CuttingWords+1","bard:StudiedStrike+1","bard:FeastOnFear","bard:LifeDrain+1","bard:PhantasmalForce+1"],"relics":["bard:PitchPipe","bard:BagPipes","Golden Idol","Molten Egg 2","Question Card","hubris:Metronome","Runic Pyramid","Pen Nib","Art of War","hubris:GlazedTorus"],"acts_visited":["Exordium","TheCity"],"potions_floor_usage":[31,31],"damage_taken":[{"damage":1.0,"enemies":"Cultist","floor":1.0,"turns":4.0},{"damage":0.0,"enemies":"2 Louse","floor":3.0,"turns":4.0},{"damage":0.0,"enemies":"Small Slimes","floor":4.0,"turns":3.0},{"damage":20.0,"enemies":"3 Sentries","floor":6.0,"turns":13.0},{"damage":0.0,"enemies":"Lagavulin","floor":8.0,"turns":10.0},{"damage":19.0,"enemies":"Exordium Thugs","floor":10.0,"turns":8.0},{"damage":0.0,"enemies":"Blue Slaver","floor":13.0,"turns":3.0},{"damage":0.0,"enemies":"3 Louse","floor":14.0,"turns":4.0},{"damage":0.0,"enemies":"Slime Boss","floor":16.0,"turns":9.0},{"damage":2.0,"enemies":"Chosen","floor":18.0,"turns":4.0},{"damage":11.0,"enemies":"2 Thieves","floor":20.0,"turns":4.0},{"damage":20.0,"enemies":"Snake Plant","floor":22.0,"turns":4.0},{"damage":5.0,"enemies":"Book of Stabbing","floor":23.0,"turns":7.0},{"damage":0.0,"enemies":"Sentry and Sphere","floor":25.0,"turns":6.0},{"damage":19.0,"enemies":"Slavers","floor":27.0,"turns":2.0},{"damage":6,"enemies":"Cultist and Chosen","floor":28,"turns":6},{"damage":0,"enemies":"Snake Plant","floor":29,"turns":6},{"damage":8,"enemies":"Centurion and Healer","floor":31,"turns":1}],"seed_played":"1163769549306196591","potions_obtained":[{"floor":3.0,"key":"Guardian:BlockOnCardUsePotion"},{"floor":8.0,"key":"LiquidBronze"},{"floor":13.0,"key":"SneckoOil"},{"floor":20.0,"key":"bronze:BurnAndBuffPotion"},{"floor":21.0,"key":"EntropicBrew"},{"floor":21.0,"key":"champ:CounterPotion"},{"floor":22.0,"key":"Regen Potion"}],"is_trial":false,"path_per_floor":["M","?","M","M","?","E","?","E","T","M","$","R","M","M","R","B",null,"M","?","M","?","M","E","R","M","T","E","M","M","R","M"],"character_chosen":"BARD","items_purchased":["bard:LifeDrain+1","bard:ReverseGravity+1","Enlightenment"],"campfire_rested":0,"item_purchase_floors":[11,11,11],"current_hp_per_floor":[69,65,65,65,54,34,34,34,34,15,15,15,15,15,15,15,65,63,63,52,52,32,27,27,27,27,8,2,2,2,0,0],"gold":373,"neow_bonus":"THREE_CARDS","is_daily":false,"chose_seed":false,"campfire_upgraded":4,"win_rate":0.0,"timestamp":1614457138,"path_taken":["M","?","M","M","?","E","?","E","T","?","$","R","M","M","R","BOSS","M","?","M","?","?","E","R","M","T","E","M","M","R","M"],"items_purchased_type":["Card","Card","Card"],"build_version":"2020-12-22","purchased_purges":0,"victory":false,"max_hp_per_floor":[70,65,65,65,65,65,65,65,65,65,65,65,65,65,65,65,65,65,65,65,65,65,65,65,65,65,65,65,65,65,65,65],"relic_stats":{"counters":[18,96],"Golden Idol":97,"Pen Nib":[2],"Art of War":[1],"Question Card":12,"obtain_stats":[{"bard:BagPipes":0,"hubris:Metronome":9,"bard:PitchPipe":0,"Golden Idol":2,"Molten Egg 2":6,"Pen Nib":23,"Art of War":26,"Question Card":8,"Runic Pyramid":17,"hubris:GlazedTorus":27},{"bard:BagPipes":0,"hubris:Metronome":5,"bard:PitchPipe":0,"Golden Idol":1,"Molten Egg 2":4,"Pen Nib":13,"Art of War":14,"Question Card":5,"Runic Pyramid":9,"hubris:GlazedTorus":15},{"bard:BagPipes":0,"hubris:Metronome":34,"bard:PitchPipe":0,"Golden Idol":4,"Molten Egg 2":24,"Pen Nib":75,"Art of War":81,"Question Card":34,"Runic Pyramid":57,"hubris:GlazedTorus":83}]},"card_choices":[{"not_picked":["bard:Fermata","bard:BestowCurse"],"picked":"bard:PhantasmalForce","floor":0.0},{"not_picked":["bard:TinyHut","bard:InspiringSong"],"picked":"bard:HideousLaughter","floor":1.0},{"not_picked":["bard:PhantasmalForce","bard:CuttingWords"],"picked":"bard:ViciousMockery","floor":3.0},{"not_picked":["bard:Solo","bard:OffKey"],"picked":"bard:HarmoniousVoice","floor":4.0},{"not_picked":["bard:DervishDance+1","bard:Gamble"],"picked":"bard:GlyphOfWarding","floor":6.0},{"not_picked":["bard:FirstStrike+1","bard:CuttingWords"],"picked":"bard:Invisibility","floor":8.0},{"not_picked":["bard:TinyHut","bard:StudiedStrike+1","bard:Shout+1"],"picked":"bard:FalseLife","floor":10.0},{"not_picked":["bard:Thunderwave+1","bard:Blink","bard:FaerieFire"],"picked":"bard:FalseLife","floor":13.0},{"not_picked":["bard:GlyphOfWarding","bard:FeastOnFear","bard:InspiringSong"],"picked":"bard:LifeDrain+1","floor":14.0},{"not_picked":["bard:PowerWordStun","bard:MagnumOpus","bard:DeathMetal"],"picked":"bard:FingerOfDeath+1","floor":16.0},{"not_picked":["bard:FirstStrike+1","bard:Aphasia","bard:QuickSong","bard:LingeringEcho+1"],"picked":"SKIP","floor":18.0},{"not_picked":["bard:LocateObject+1","bard:Greatness+1","bard:LingeringEcho+1"],"picked":"bard:CuttingWords+1","floor":20.0},{"not_picked":["bard:CuttingWords","bard:Fermata","bard:SongBolt+1","bard:OffKey+1"],"picked":"SKIP","floor":22.0},{"not_picked":["bard:QuickSong","bard:CuttingWords","bard:LingeringPerformance"],"picked":"bard:StudiedStrike+1","floor":23.0},{"not_picked":["bard:FirstStrike+1","bard:Blink+1","bard:Thunderwave+1"],"picked":"bard:FeastOnFear","floor":25.0},{"not_picked":["bard:Blink","bard:FaerieFire+1","bard:Thunderwave+1"],"picked":"bard:LifeDrain+1","floor":27.0},{"not_picked":["bard:HideousLaughter","bard:LifeDrain+1","bard:FaerieFire","bard:EnGarde+1"],"picked":"SKIP","floor":28},{"not_picked":["bard:HideousLaughter","bard:SongBolt+1","bard:LifeDrain+1"],"picked":"bard:PhantasmalForce+1","floor":29}],"player_experience":407962,"relics_obtained":[{"floor":6.0,"key":"Molten Egg 2"},{"floor":8.0,"key":"Question Card"},{"floor":9.0,"key":"hubris:Metronome"},{"floor":23.0,"key":"Pen Nib"},{"floor":26.0,"key":"Art of War"},{"floor":27.0,"key":"hubris:GlazedTorus"}],"event_choices":[{"damage_healed":0.0,"max_hp_gain":0.0,"max_hp_loss":5.0,"gold_gain":0.0,"event_name":"Golden Idol","player_choice":"Lose Max HP","floor":2.0,"gold_loss":0.0,"damage_taken":0.0,"relics_obtained":["Golden Idol"]},{"damage_healed":0.0,"max_hp_gain":0.0,"max_hp_loss":0.0,"gold_gain":75.0,"event_name":"World of Goop","player_choice":"Gather Gold","floor":5.0,"gold_loss":0.0,"damage_taken":11.0},{"damage_healed":0.0,"max_hp_gain":0.0,"max_hp_loss":0.0,"gold_gain":0.0,"cards_transformed":["bard:Strike"],"event_name":"Transmorgrifier","player_choice":"Transformed","floor":7.0,"gold_loss":0.0,"damage_taken":0.0,"cards_obtained":["bard:BucklerBash"]},{"damage_healed":0.0,"max_hp_gain":0.0,"max_hp_loss":0.0,"gold_gain":0.0,"event_name":"Vampires","player_choice":"Ignored","floor":19.0,"gold_loss":0.0,"damage_taken":0.0},{"damage_healed":0.0,"max_hp_gain":0.0,"max_hp_loss":0.0,"gold_gain":0.0,"event_name":"Lab","player_choice":"Got Potions","floor":21.0,"gold_loss":0.0,"damage_taken":0.0}],"is_beta":false,"boss_relics":[{"not_picked":["Snecko Eye","hubris:Stopwatch"],"picked":"Runic Pyramid"}],"items_purged_floors":[],"is_endless":false,"potions_floor_spawned":[3,8,13,14,20,22,25,29],"killed_by":"Centurion and Healer","ascension_level":0}}