{"host":"dq2d9inx7yjdstkp","time":1614444782,"event":{"mods":["AchievementEnabler","BaseMod","Colored Map","DeckTracker","Minty Spire (QoL Compilation)","Permanent Neow","Quick Restart","StSLib"],"gold_per_floor":[112,9999,8859,8756,8770,8796,8796,8828,8828,8828,8861,7911,7931,7965,7965,8065,8065,8080,6992,6992,7008,7026,7026,7053,7067,7067,7067,7067,7097,7110,7135,7135,7230,7230,7248,7265,7277,5889,5889,5923,5936,5936,5963,5979,5994,6013,0,12,12,12],"floor_reached":51,"language":"KOR","playtime":3369,"items_purged":["Strike_G","Defend_G","Defend_G","Strike_G"],"score":992,"play_id":"756c2f25-fae2-4914-8cb4-cc0e8281a103","local_time":"20210228015302","is_ascension_mode":false,"campfire_choices":[{"data":"Crippling Poison","floor":7,"key":"SMITH"},{"data":"Acrobatics","floor":10,"key":"SMITH"},{"data":"Tools of the Trade","floor":15,"key":"SMITH"},{"data":"After Image","floor":23,"key":"SMITH"},{"data":"Adrenaline","floor":28,"key":"SMITH"},{"data":"Prepared","floor":32,"key":"SMITH"},{"data":"Tactician","floor":42,"key":"SMITH"},{"floor":49,"key":"REST"}],"circlet_count":0,"master_deck":["Strike_G+1","Defend_G","Defend_G","Survivor","Neutralize+1","Leg Sweep","Poisoned Stab","Flying Knee","Backflip","Master of Strategy","Crippling Poison+1","Reflex","Acrobatics+1","Noxious Fumes","Backstab","Terror","Tools of the Trade+1","Dagger Spray","Poisoned Stab","After Image+1","Underhanded Strike","Adrenaline+1","Master of Strategy","Backstab","Slice","Footwork+1","Dagger Throw+1","Prepared+1","Choke","Deflect","Crippling Poison","Bouncing Flask","Backflip","Tools of the Trade+1","Dagger Throw+1","Noxious Fumes+1","Parasite","Bouncing Flask+1","Sadistic Nature+1","Infinite Blades+1","Eviscerate","Tactician+1","Madness","Madness","Outmaneuver+1","Heel Hook+1","Noxious Fumes+1","Bouncing Flask+1"],"relics":["Ring of the Snake","Frozen Eye","PreservedInsect","HornCleat","Paper Crane","Blue Candle","Pantograph","Potion Belt","Shuriken","TwistedFunnel","Regal Pillow","Whetstone","Incense Burner","HoveringKite","ClockworkSouvenir","Oddly Smooth Stone","Frozen Egg 2","Juzu Bracelet","Toy Ornithopter","Question Card","Letter Opener","Philosopher\u0027s Stone","TheAbacus","The Specimen","Bottled Flame","Singing Bowl","Anchor","Red Mask"],"acts_visited":["Exordium","TheCity","TheBeyond"],"potions_floor_usage":[6,14,16,21,24,33,33,33,50,50,50],"damage_taken":[{"damage":0,"enemies":"2 Louse","floor":1,"turns":2},{"damage":0,"enemies":"Small Slimes","floor":5,"turns":4},{"damage":5,"enemies":"Lagavulin","floor":6,"turns":6},{"damage":5,"enemies":"3 Sentries","floor":8,"turns":11},{"damage":10,"enemies":"Gremlin Nob","floor":11,"turns":5},{"damage":0,"enemies":"Cultist","floor":13,"turns":2},{"damage":0,"enemies":"3 Sentries","floor":14,"turns":2},{"damage":7,"enemies":"The Guardian","floor":16,"turns":8},{"damage":0,"enemies":"Chosen","floor":18,"turns":4},{"damage":2,"enemies":"2 Thieves","floor":21,"turns":2},{"damage":0,"enemies":"Chosen and Byrds","floor":22,"turns":4},{"damage":8,"enemies":"Book of Stabbing","floor":24,"turns":4},{"damage":8,"enemies":"Centurion and Healer","floor":25,"turns":3},{"damage":8,"enemies":"Slavers","floor":29,"turns":3},{"damage":1,"enemies":"Snake Plant","floor":30,"turns":3},{"damage":0,"enemies":"Book of Stabbing","floor":31,"turns":4},{"damage":0,"enemies":"Champ","floor":33,"turns":6},{"damage":0,"enemies":"Orb Walker","floor":35,"turns":2},{"damage":9,"enemies":"3 Darklings","floor":36,"turns":5},{"damage":0,"enemies":"Writhing Mass","floor":37,"turns":4},{"damage":0,"enemies":"Giant Head","floor":40,"turns":5},{"damage":0,"enemies":"Sphere and 2 Shapes","floor":41,"turns":3},{"damage":0,"enemies":"Jaw Worm Horde","floor":44,"turns":3},{"damage":0,"enemies":"Transient","floor":45,"turns":5},{"damage":0,"enemies":"Sphere and 2 Shapes","floor":46,"turns":4},{"damage":0,"enemies":"3 Darklings","floor":48,"turns":3},{"damage":0,"enemies":"Donu and Deca","floor":50,"turns":6}],"seed_played":"-6205900644516881594","potions_obtained":[{"floor":5,"key":"DuplicationPotion"},{"floor":8,"key":"SteroidPotion"},{"floor":11,"key":"Fire Potion"},{"floor":18,"key":"SneckoOil"},{"floor":24,"key":"SteroidPotion"},{"floor":25,"key":"BlessingOfTheForge"},{"floor":29,"key":"Regen Potion"},{"floor":36,"key":"Strength Potion"},{"floor":37,"key":"AttackPotion"},{"floor":45,"key":"Dexterity Potion"}],"is_trial":false,"path_per_floor":["M","?","$","?","M","E","R","E","T","R","E","$","M","E","R","B",null,"M","$","?","M","M","R","E","M","T","?","R","E","M","E","R","B",null,"M","M","M","$","?","E","M","R","T","M","M","M","?","M","R","B",null],"character_chosen":"THE_SILENT","items_purchased":["Frozen Eye","PreservedInsect","HornCleat","Poisoned Stab","Flying Knee","Backflip","Master of Strategy","GamblersBrew","Strength Potion","SteroidPotion","TwistedFunnel","Regal Pillow","Whetstone","Backstab","Terror","Tools of the Trade","Dagger Spray","SteroidPotion","SkillPotion","ClockworkSouvenir","Oddly Smooth Stone","Frozen Egg 2","Adrenaline","Master of Strategy","Backstab","GhostInAJar","Sadistic Nature+1","Infinite Blades+1","Eviscerate","Tactician","TheAbacus","The Specimen","Bottled Flame","GhostInAJar"],"campfire_rested":1,"item_purchase_floors":[3,3,3,3,3,3,3,3,3,3,12,12,12,12,12,12,12,12,12,19,19,19,19,19,19,19,38,38,38,38,38,38,38,38],"current_hp_per_floor":[77,70,70,70,70,65,65,60,60,60,50,50,50,50,50,68,77,77,77,77,75,75,75,67,59,59,59,59,51,50,50,50,77,77,77,68,68,68,58,58,58,58,58,60,60,60,60,62,81,81],"gold":12,"neow_bonus":"TEN_PERCENT_HP_BONUS","is_daily":false,"chose_seed":false,"campfire_upgraded":7,"win_rate":0.0,"timestamp":1614444782,"path_taken":["M","?","$","?","M","E","R","E","T","R","E","$","M","E","R","BOSS","M","$","?","M","M","R","E","M","T","?","R","E","M","E","R","BOSS","M","M","M","$","?","E","M","R","T","M","M","M","?","M","R","BOSS"],"items_purchased_type":["Relic","Relic","Relic","Card","Card","Card","Card","Potion","Potion","Potion","Relic","Relic","Relic","Card","Card","Card","Card","Potion","Potion","Relic","Relic","Relic","Card","Card","Card","Potion","Card","Card","Card","Card","Relic","Relic","Relic","Potion"],"build_version":"2020-12-22","purchased_purges":4,"victory":true,"max_hp_per_floor":[77,77,77,77,77,77,77,77,77,77,77,77,77,77,77,77,77,77,77,77,77,77,77,77,77,77,77,77,77,77,77,77,77,77,77,77,77,77,77,77,77,77,77,79,79,79,79,81,81,81],"card_choices":[{"not_picked":["Sucker Punch","Skewer"],"picked":"Leg Sweep","floor":1},{"not_picked":["Flying Knee","Reflex"],"picked":"Crippling Poison","floor":5},{"not_picked":["Dodge and Roll","Skewer"],"picked":"Reflex","floor":6},{"not_picked":["Masterful Stab","Poisoned Stab"],"picked":"Acrobatics","floor":8},{"not_picked":["Dodge and Roll","Backflip"],"picked":"Noxious Fumes","floor":11},{"not_picked":["Blade Dance","Night Terror"],"picked":"Poisoned Stab","floor":13},{"not_picked":["Dagger Spray","Dodge and Roll","Sucker Punch"],"picked":"SKIP","floor":14},{"not_picked":["Glass Knife","Malaise"],"picked":"After Image","floor":16},{"not_picked":["Dagger Spray","Slice+1"],"picked":"Underhanded Strike","floor":18},{"not_picked":["Slice","Reflex"],"picked":"Dagger Throw+1","floor":21},{"not_picked":["Deadly Poison","Poisoned Stab"],"picked":"Prepared","floor":22},{"not_picked":["Sucker Punch+1","Distraction"],"picked":"Choke","floor":24},{"not_picked":["All Out Attack","Slice"],"picked":"Deflect","floor":25},{"not_picked":["Distraction","Slice"],"picked":"Crippling Poison","floor":29},{"not_picked":["PiercingWail","Unload","Poisoned Stab"],"picked":"Bouncing Flask","floor":30},{"not_picked":["Dodge and Roll+1","Prepared","Flying Knee"],"picked":"Backflip","floor":31},{"not_picked":["Phantasmal Killer","Bullet Time","A Thousand Cuts+1"],"picked":"Tools of the Trade+1","floor":33},{"not_picked":["Masterful Stab","Slice","Leg Sweep"],"picked":"Dagger Throw+1","floor":35},{"not_picked":["Flying Knee","Reflex","Outmaneuver+1"],"picked":"Noxious Fumes+1","floor":36},{"not_picked":["Dagger Spray","Deflect+1","Terror"],"picked":"Bouncing Flask+1","floor":37},{"not_picked":["Skewer","Poisoned Stab+1","Sucker Punch"],"picked":"Outmaneuver+1","floor":40},{"not_picked":["Sucker Punch","Predator+1","Deadly Poison"],"picked":"Heel Hook+1","floor":41},{"not_picked":["Choke","Sucker Punch+1","Deflect+1","Deadly Poison"],"picked":"Singing Bowl","floor":44},{"not_picked":["Slice","Acrobatics","Wraith Form v2+1"],"picked":"Noxious Fumes+1","floor":45},{"not_picked":["Poisoned Stab+1","Slice","Backflip+1"],"picked":"Bouncing Flask+1","floor":46},{"not_picked":["Quick Slash","Leg Sweep","Sucker Punch","Backflip"],"picked":"Singing Bowl","floor":48}],"player_experience":18051,"relics_obtained":[{"floor":6,"key":"Blue Candle"},{"floor":8,"key":"Pantograph"},{"floor":9,"key":"Potion Belt"},{"floor":11,"key":"Shuriken"},{"floor":14,"key":"Incense Burner"},{"floor":24,"key":"Juzu Bracelet"},{"floor":26,"key":"Toy Ornithopter"},{"floor":29,"key":"Question Card"},{"floor":31,"key":"Letter Opener"},{"floor":40,"key":"Singing Bowl"},{"floor":43,"key":"Anchor"}],"event_choices":[{"cards_removed":["Strike_G"],"damage_healed":0,"gold_gain":0,"player_choice":"Card Removal","damage_taken":7,"max_hp_gain":0,"max_hp_loss":0,"event_name":"Golden Wing","floor":2,"gold_loss":0},{"damage_healed":0,"gold_gain":0,"player_choice":"Paid Gold","damage_taken":0,"relics_obtained":["Paper Crane"],"max_hp_gain":0,"max_hp_loss":0,"event_name":"WeMeetAgain","floor":4,"gold_loss":103},{"damage_healed":0,"gold_gain":0,"cards_transformed":["Strike_G","Defend_G"],"player_choice":"Became Test Subject","damage_taken":0,"max_hp_gain":0,"max_hp_loss":0,"event_name":"Drug Dealer","floor":20,"gold_loss":0,"cards_obtained":["Slice","Footwork"]},{"damage_healed":0,"gold_gain":0,"player_choice":"Ignored","damage_taken":0,"max_hp_gain":0,"max_hp_loss":0,"event_name":"Ghosts","floor":27,"gold_loss":0},{"damage_healed":0,"gold_gain":0,"player_choice":"Embrace Madness","damage_taken":10,"max_hp_gain":0,"max_hp_loss":0,"event_name":"Winding Halls","floor":39,"gold_loss":0,"cards_obtained":["Madness","Madness"]},{"damage_healed":0,"gold_gain":0,"player_choice":"Paid","damage_taken":0,"relics_obtained":["Red Mask"],"max_hp_gain":0,"max_hp_loss":0,"event_name":"Tomb of Lord Red Mask","floor":47,"gold_loss":6013}],"is_beta":false,"boss_relics":[{"not_picked":["Black Star","WristBlade"],"picked":"HoveringKite"},{"not_picked":["Empty Cage","Runic Pyramid"],"picked":"Philosopher\u0027s Stone"}],"items_purged_floors":[3,12,19,38],"is_endless":false,"potions_floor_spawned":[5,8,11,18,24,25,29,36,37,45],"ascension_level":0}}