{"host":"dbkc9h3etq50r1dq","time":1614390597,"event":{"mods":["AchievementEnabler","BaseMod","Block Reminder","Colored Powertips","Curses Come First","Dark Map","Highlight Path","Keyboard Shortcuts","Marisa£®ÏF”Í°°ƒß¿Ì…≥£©","Minty Spire (QoL Compilation)","Permanent Neow","Potion Indicator Mod","Random Character Button","Rare Cards Sparkle","StSLib","SuperFastMode","Weighted Paths"],"gold_per_floor":[112,112,187,35,35,35,116,147,171,171,214,233,233,252,252,377,377,400,419,334,334,410,410,428,448,448,472,485,47,47,81,81,200,200,214,227,227,28,47,78,78,143,143,143,176,0,36,60,60,60],"floor_reached":51,"language":"ZHS","playtime":1927,"items_purged":["Strike_MRS","Strike_MRS","Strike_MRS"],"score":1213,"play_id":"222ac080-90b4-42a4-993b-474cef551044","local_time":"20210227094957","is_ascension_mode":true,"campfire_choices":[{"data":"CasketOfStar","floor":6.0,"key":"SMITH"},{"floor":10.0,"key":"REST"},{"floor":13.0,"key":"REST"},{"floor":15.0,"key":"REST"},{"data":"MeteoricShower","floor":23.0,"key":"SMITH"},{"floor":30.0,"key":"REST"},{"floor":32.0,"key":"REST"},{"floor":41.0,"key":"REST"},{"data":"MilkyWay","floor":44.0,"key":"SMITH"},{"floor":49,"key":"REST"}],"circlet_count":0,"master_deck":["Defend_MRS","Defend_MRS","Defend_MRS","Defend_MRS","MasterSpark","UpSweep","CasketOfStar+1","MilkyWay+1","MeteoricShower+1","OortCloud","SporeBomb","PowerUp+1","PowerUp+1","GasGiant+1","Secret Weapon+1","Flash of Steel","WitchLeyline","GasGiant+1","CurseOfTheBell","MilkyWay+1","AsteroidBelt+1","DarkMatter+1","Singularity","DarkMatter+1","GasGiant+1"],"relics":["MiniHakkero","Golden Idol","PreservedInsect","Akabeko","Pen Nib","Centennial Puzzle","Runic Pyramid","Lizard Tail","Toxic Egg 2","Ginger","Blue Candle","Calling Bell","Art of War","Pantograph","Incense Burner","Unceasing Top","CatCart","Gremlin Horn","Vajra","Red Mask","Nunchaku"],"acts_visited":["Exordium","TheCity","TheBeyond"],"potions_floor_usage":[45,45,50],"damage_taken":[{"damage":7.0,"enemies":"Jaw Worm","floor":1.0,"turns":4.0},{"damage":20.0,"enemies":"3 Sentries","floor":7.0,"turns":7.0},{"damage":5.0,"enemies":"3 Sentries","floor":8.0,"turns":4.0},{"damage":26.0,"enemies":"Gremlin Nob","floor":11.0,"turns":4.0},{"damage":0.0,"enemies":"2 Louse","floor":12.0,"turns":1.0},{"damage":0.0,"enemies":"Small Slimes","floor":14.0,"turns":2.0},{"damage":22.0,"enemies":"The Guardian","floor":16.0,"turns":9.0},{"damage":0.0,"enemies":"Chosen","floor":18.0,"turns":3.0},{"damage":7.0,"enemies":"Shell Parasite","floor":19.0,"turns":3.0},{"damage":1.0,"enemies":"3 Cultists","floor":24.0,"turns":4.0},{"damage":13.0,"enemies":"Snecko","floor":25.0,"turns":4.0},{"damage":9.0,"enemies":"Snake Plant","floor":27.0,"turns":2.0},{"damage":2.0,"enemies":"Centurion and Healer","floor":28.0,"turns":3.0},{"damage":8.0,"enemies":"Gremlin Leader","floor":31.0,"turns":3.0},{"damage":0.0,"enemies":"Champ","floor":33.0,"turns":3.0},{"damage":0.0,"enemies":"3 Shapes","floor":35.0,"turns":3.0},{"damage":11.0,"enemies":"Orb Walker","floor":36.0,"turns":3.0},{"damage":0.0,"enemies":"4 Shapes","floor":37.0,"turns":1.0},{"damage":18.0,"enemies":"Transient","floor":39.0,"turns":5.0},{"damage":7.0,"enemies":"Nemesis","floor":40.0,"turns":3.0},{"damage":0.0,"enemies":"Orin","floor":42.0,"turns":4.0},{"damage":7,"enemies":"Reptomancer","floor":45,"turns":3},{"damage":1,"enemies":"Nemesis","floor":47,"turns":3},{"damage":2,"enemies":"3 Darklings","floor":48,"turns":2},{"damage":26,"enemies":"Time Eater","floor":50,"turns":3}],"seed_played":"-5361611508338492730","potions_obtained":[{"floor":7.0,"key":"Fire Potion"},{"floor":16.0,"key":"SpeedPotion"},{"floor":24.0,"key":"SmokeBomb"},{"floor":25.0,"key":"EssenceOfSteel"},{"floor":28.0,"key":"LiquidMemories"},{"floor":31.0,"key":"Dexterity Potion"},{"floor":39.0,"key":"Weak Potion"},{"floor":40.0,"key":"SpeedPotion"},{"floor":42.0,"key":"Ancient Potion"},{"floor":45,"key":"Energy Potion"}],"is_trial":false,"path_per_floor":["M","?","?","$","?","R","?","E","T","R","E","M","R","M","R","B",null,"M","M","?","?","T","R","M","M","T","M","M","$","R","E","R","B",null,"M","M","M","$","M","E","R","?","T","R","E","?","E","M","R","B",null],"character_chosen":"MARISA","items_purchased":["Regen Potion","PowerPotion","Secret Weapon+1","Flash of Steel","WitchLeyline","MilkyWay+1","AsteroidBelt+1"],"campfire_rested":7,"item_purchase_floors":[4,29,29,29,29,38,38],"current_hp_per_floor":[61,54,43,43,43,43,38,33,33,53,27,27,47,47,67,45,63,63,56,56,56,56,56,55,42,42,33,31,31,51,43,63,63,68,68,57,57,57,39,32,52,52,52,52,45,45,44,42,62,43],"gold":60,"neow_bonus":"ONE_RANDOM_RARE_CARD","is_daily":false,"chose_seed":false,"campfire_upgraded":3,"win_rate":0.0,"timestamp":1614390597,"path_taken":["M","?","?","$","?","R","?","E","T","R","E","M","R","M","R","BOSS","M","M","?","?","?","R","?","?","T","M","M","$","R","E","R","BOSS","M","M","M","$","M","E","R","?","T","R","E","?","E","M","R","BOSS"],"items_purchased_type":["Potion","Potion","Card","Card","Card","Card","Card"],"build_version":"2020-12-22","purchased_purges":3,"victory":true,"max_hp_per_floor":[75,75,75,75,69,69,69,69,69,69,69,69,69,69,69,69,69,69,69,69,69,69,69,69,69,69,69,69,69,69,69,69,69,69,69,69,69,69,69,69,69,69,69,69,69,69,69,69,69,69],"card_choices":[{"not_picked":["WitchOfGreed","AsteroidBelt"],"picked":"MilkyWay","floor":1.0},{"not_picked":["GravityBeat","ShootingEcho","DarkSpark"],"picked":"SKIP","floor":8.0},{"not_picked":["LuminesStrike","StarlightTyphoon"],"picked":"MeteoricShower","floor":11.0},{"not_picked":["DC","Orbital"],"picked":"OortCloud","floor":12.0},{"not_picked":["AlicesGift","EnergyFlow","NonDirectionalLaser"],"picked":"SKIP","floor":14.0},{"not_picked":["DeepEcoloBomb","GrandCross+1","GravityBeat+1"],"picked":"SKIP","floor":18.0},{"not_picked":["NonDirectionalLaser+1","MilkyWay"],"picked":"SporeBomb","floor":19.0},{"not_picked":["GasGiant+1","WitchLeyline"],"picked":"PowerUp+1","floor":24.0},{"not_picked":["GalacticHalo+1","NonDirectionalLaser"],"picked":"PowerUp+1","floor":25.0},{"not_picked":["WitchOfGreed","ShootingEcho+1","BinaryStars+1"],"picked":"SKIP","floor":27.0},{"not_picked":["AsteroidBelt+1","OortCloud"],"picked":"GasGiant+1","floor":28.0},{"not_picked":["GrandCross","Robbery"],"picked":"GasGiant+1","floor":31.0},{"not_picked":["WitchLeyline","PulseMagic+1","EarthLightRay+1"],"picked":"SKIP","floor":35.0},{"not_picked":["UnstableBomb+1","WitchOfGreed+1","GravityBeat+1"],"picked":"SKIP","floor":36.0},{"not_picked":["GalacticHalo+1","DragonMeteor","NonDirectionalLaser"],"picked":"SKIP","floor":39.0},{"not_picked":["DC","GrandCross+1"],"picked":"DarkMatter+1","floor":40.0},{"not_picked":["SporeBomb+1","EscapeVelocity"],"picked":"Singularity","floor":42.0},{"not_picked":["WitchLeyline","NonDirectionalLaser"],"picked":"DarkMatter+1","floor":45},{"not_picked":["OpenUniverse+1","ShootTheMoon","LuminesStrike+1"],"picked":"SKIP","floor":47},{"not_picked":["SporeBomb+1","LuminesStrike+1"],"picked":"GasGiant+1","floor":48}],"player_experience":222036,"relics_obtained":[{"floor":7.0,"key":"PreservedInsect"},{"floor":8.0,"key":"Akabeko"},{"floor":9.0,"key":"Pen Nib"},{"floor":11.0,"key":"Centennial Puzzle"},{"floor":22.0,"key":"Toxic Egg 2"},{"floor":26.0,"key":"Ginger"},{"floor":31.0,"key":"Blue Candle"},{"floor":34.0,"key":"Art of War"},{"floor":34.0,"key":"Pantograph"},{"floor":34.0,"key":"Incense Burner"},{"floor":40.0,"key":"Unceasing Top"},{"floor":42.0,"key":"CatCart"},{"floor":43.0,"key":"Gremlin Horn"},{"floor":45,"key":"Vajra"},{"floor":47,"key":"Nunchaku"}],"event_choices":[{"cards_removed":["Strike_MRS"],"damage_healed":0.0,"max_hp_gain":0.0,"max_hp_loss":0.0,"gold_gain":0.0,"event_name":"Golden Wing","player_choice":"Card Removal","floor":2.0,"gold_loss":0.0,"damage_taken":7.0},{"damage_healed":0.0,"max_hp_gain":0.0,"max_hp_loss":0.0,"gold_gain":75.0,"event_name":"World of Goop","player_choice":"Gather Gold","floor":3.0,"gold_loss":0.0,"damage_taken":11.0},{"damage_healed":0.0,"max_hp_gain":0.0,"max_hp_loss":6.0,"gold_gain":0.0,"event_name":"Golden Idol","player_choice":"Lose Max HP","floor":5.0,"gold_loss":0.0,"damage_taken":0.0,"relics_obtained":["Golden Idol"]},{"damage_healed":0.0,"max_hp_gain":0.0,"max_hp_loss":0.0,"gold_gain":0.0,"event_name":"Dead Adventurer","player_choice":"Searched \u00272\u0027 times","floor":7.0,"gold_loss":0.0,"damage_taken":0.0},{"damage_healed":0.0,"max_hp_gain":0.0,"max_hp_loss":0.0,"gold_gain":0.0,"event_name":"Addict","player_choice":"Obtained Relic","floor":20.0,"gold_loss":85.0,"damage_taken":0.0,"relics_obtained":["Lizard Tail"]},{"damage_healed":0.0,"max_hp_gain":0.0,"max_hp_loss":0.0,"gold_gain":0.0,"event_name":"Ghosts","player_choice":"Ignored","floor":21.0,"gold_loss":0.0,"damage_taken":0.0},{"damage_healed":0.0,"max_hp_gain":0.0,"max_hp_loss":0.0,"gold_gain":0.0,"event_name":"OrinTheCat","player_choice":"Fight","floor":42.0,"gold_loss":0.0,"damage_taken":0.0},{"damage_healed":0,"gold_gain":0,"player_choice":"Paid","damage_taken":0,"relics_obtained":["Red Mask"],"max_hp_gain":0,"max_hp_loss":0,"event_name":"Tomb of Lord Red Mask","floor":46,"gold_loss":176}],"is_beta":false,"boss_relics":[{"not_picked":["Snecko Eye","Empty Cage"],"picked":"Runic Pyramid"},{"not_picked":["Coffee Dripper","RampagingMagicTools"],"picked":"Calling Bell"}],"items_purged_floors":[4,29,38],"is_endless":false,"potions_floor_spawned":[7,16,24,25,28,31,39,40,42,45],"ascension_level":8}}