{"host":"3sqvgza1l4ip9ny1","time":1614456864,"event":{"mods":["BaseMod","Minty Spire (QoL Compilation)"],"gold_per_floor":[117,132,146,163,173,200,200,200,252,286,301,319,319,333,333,333,333],"floor_reached":16,"language":"ENG","playtime":2109,"items_purged":[],"score":169,"play_id":"5585e004-54b9-4d28-99d8-458d7de2ada3","local_time":"20210227201424","is_ascension_mode":true,"campfire_choices":[{"data":"Backstab","floor":7,"key":"SMITH"},{"data":"Leg Sweep","floor":13,"key":"SMITH"},{"data":"Survivor","floor":15,"key":"SMITH"}],"circlet_count":0,"master_deck":["Strike_G","Strike_G","Strike_G","Strike_G","Strike_G","Defend_G","Defend_G","Defend_G","Defend_G","Defend_G","Survivor+1","Neutralize","Good Instincts","Underhanded Strike","Blur","Acrobatics","Backstab+1","Underhanded Strike","Backflip","Flying Knee","Leg Sweep+1","Acrobatics"],"relics":["Ring of the Snake","FossilizedHelix","Blue Candle","Lantern","Tiny Chest"],"acts_visited":["Exordium"],"potions_floor_usage":[10,16],"damage_taken":[{"damage":9,"enemies":"Jaw Worm","floor":1,"turns":6},{"damage":0,"enemies":"Cultist","floor":2,"turns":4},{"damage":0,"enemies":"2 Louse","floor":3,"turns":2},{"damage":0,"enemies":"Blue Slaver","floor":4,"turns":3},{"damage":8,"enemies":"Lots of Slimes","floor":5,"turns":5},{"damage":10,"enemies":"3 Sentries","floor":6,"turns":11},{"damage":0,"enemies":"Gremlin Nob","floor":10,"turns":4},{"damage":0,"enemies":"Large Slime","floor":11,"turns":6},{"damage":0,"enemies":"Blue Slaver","floor":12,"turns":3},{"damage":0,"enemies":"Looter","floor":14,"turns":1},{"damage":45,"enemies":"Hexaghost","floor":16,"turns":16}],"seed_played":"-3261382688074130803","potions_obtained":[{"floor":3,"key":"Poison Potion"},{"floor":6,"key":"SteroidPotion"},{"floor":12,"key":"CunningPotion"}],"is_trial":false,"path_per_floor":["M","M","M","M","M","E","R","?","T","E","M","M","R","M","R","B"],"character_chosen":"THE_SILENT","items_purchased":[],"campfire_rested":0,"item_purchase_floors":[],"current_hp_per_floor":[61,61,61,61,53,43,43,43,43,43,43,43,43,43,43,0,0],"gold":333,"neow_bonus":"RANDOM_COLORLESS","is_daily":false,"chose_seed":false,"campfire_upgraded":3,"win_rate":0.0,"timestamp":1614456864,"path_taken":["M","M","M","M","M","E","R","?","T","E","M","M","R","M","R","BOSS"],"items_purchased_type":[],"build_version":"2020-12-22","purchased_purges":0,"victory":false,"max_hp_per_floor":[70,70,70,70,70,70,70,70,70,70,70,70,70,70,70,70,70],"card_choices":[{"not_picked":["Blind","Panacea"],"picked":"Good Instincts","floor":0},{"not_picked":["Flying Knee","Dash"],"picked":"Underhanded Strike","floor":1},{"not_picked":["Deadly Poison","Bane"],"picked":"Blur","floor":2},{"not_picked":["Sucker Punch","Dodge and Roll"],"picked":"Acrobatics","floor":3},{"not_picked":["Doppelganger","Cloak And Dagger"],"picked":"Backstab","floor":4},{"not_picked":["Distraction","Dodge and Roll"],"picked":"Underhanded Strike","floor":5},{"not_picked":["Choke","Deflect"],"picked":"Backflip","floor":6},{"not_picked":["Dodge and Roll","Backflip"],"picked":"Flying Knee","floor":10},{"not_picked":["Flechettes","Deflect"],"picked":"Leg Sweep","floor":11},{"not_picked":["Endless Agony","Skewer","Bouncing Flask"],"picked":"SKIP","floor":12},{"not_picked":["Crippling Poison","Venomology"],"picked":"Acrobatics","floor":14}],"player_experience":263043,"relics_obtained":[{"floor":6,"key":"FossilizedHelix"},{"floor":9,"key":"Lantern"},{"floor":10,"key":"Tiny Chest"}],"event_choices":[{"damage_healed":0,"gold_gain":0,"player_choice":"Gave Potion","damage_taken":0,"relics_obtained":["Blue Candle"],"max_hp_gain":0,"max_hp_loss":0,"event_name":"WeMeetAgain","floor":8,"gold_loss":0}],"is_beta":false,"boss_relics":[],"items_purged_floors":[],"is_endless":false,"potions_floor_spawned":[3,6,12],"killed_by":"Hexaghost","ascension_level":4}}