{"host":"o9lehcdjc4u6j9un","time":1614460526,"event":{"mods":["Aspiration","BaseMod","Better-Laid Plans","Bossed Relics","Colored Map","Hermit","Marisa£®ÏF”Í°°ƒß¿Ì…≥£©","Minty Spire (QoL Compilation)","Reimu£®≤©¿ˆ¡È√Œ£©","Remilia£®¿Ÿ√◊¿Ú—«£©","StSLib","The Marked","The Runesmith","The Senshi","Youmu£®ªÍ∆«—˝√Œ£©"],"gold_per_floor":[362,362,379,392,23,53,67,94,120,151,164,164,164,188,188,317,317,338,52,65,41,54,92,117,161,173,185,147,147,160,178,178,301,301,324,324,58,83,97,97,122,122,122,122,162,162,175,196,196,196],"floor_reached":51,"language":"ZHS","playtime":6117,"items_purged":["hermit:Strike_Hermit","hermit:Strike_Hermit","hermit:Defend_Hermit","hermit:Defend_Hermit"],"score":741,"play_id":"94be636f-ff8a-4aeb-8160-c924e89ff75d","local_time":"20210228051526","is_ascension_mode":false,"campfire_choices":[{"data":"hermit:Manifest","floor":15.0,"key":"SMITH"},{"floor":29,"key":"REST"},{"data":"hermit:Combo","floor":32,"key":"SMITH"},{"data":"hermit:Manifest","floor":40,"key":"SMITH"},{"data":"hermit:CalledShot","floor":44,"key":"SMITH"},{"data":"hermit:ShadowCloak","floor":46,"key":"SMITH"},{"data":"hermit:Grudge","floor":49,"key":"SMITH"}],"circlet_count":0,"master_deck":["hermit:Defend_Hermit","hermit:Defend_Hermit","hermit:Snapshot","hermit:Covet","Parasite","hermit:Ricochet","hermit:SprayPray","hermit:Manifest+1","hermit:ShadowCloak+1","hermit:Grudge","hermit:Gestalt","hermit:LowProfile","hermit:Gambit","hermit:LowProfile","hermit:Ricochet","Injury","hermit:Quickdraw","hermit:Dissolve","hermit:Misfire","hermit:Combo+1","hermit:Midnight","hermit:Grudge","hermit:Manifest+1","hermit:Vantage+1","hermit:Dive","hermit:EyeOfTheStorm+1","Wrath_TH","EndlessPower","hermit:Reprieve","hermit:Manifest+1","hermit:Reprieve","hermit:FlashPowder","Writhe","hermit:Grudge+1","hermit:CalledShot+1","hermit:Vantage+1","hermit:Gestalt+1","hermit:Spite+1","hermit:DeadMansHand+1"],"relics":["hermit:Momento","Bronze Scales","aspiration:HiddenCompartment","Gremlin Horn","Smiling Mask","Golden Idol","RedLine:ReiMu","Eternal Feather","MawBank","Bottled Tornado","aspiration:MobileForge","Bag of Preparation","Tea:ReiMu","CrazyTorch:ReiMu","Omamori"],"acts_visited":["Exordium","TheCity","TheBeyond"],"potions_floor_usage":[23,23,31,33,33,41,45],"damage_taken":[{"damage":0.0,"enemies":"Small Slimes","floor":1.0,"turns":4.0},{"damage":0.0,"enemies":"2 Louse","floor":3.0,"turns":2.0},{"damage":1.0,"enemies":"Cultist","floor":4.0,"turns":3.0},{"damage":8.0,"enemies":"3 Sentries","floor":6.0,"turns":8.0},{"damage":3.0,"enemies":"Red Slaver","floor":7.0,"turns":4.0},{"damage":5.0,"enemies":"Lagavulin","floor":8.0,"turns":6.0},{"damage":18.0,"enemies":"3 Sentries","floor":10.0,"turns":7.0},{"damage":1.0,"enemies":"2 Fungi Beasts","floor":11.0,"turns":2.0},{"damage":0.0,"enemies":"Large Slime","floor":14.0,"turns":6.0},{"damage":27.0,"enemies":"Hexaghost","floor":16.0,"turns":10.0},{"damage":12.0,"enemies":"Shell Parasite","floor":18.0,"turns":6.0},{"damage":6,"enemies":"Chosen","floor":20,"turns":5},{"damage":0,"enemies":"3 Cultists","floor":22,"turns":3},{"damage":21,"enemies":"Book of Stabbing","floor":23,"turns":6},{"damage":22,"enemies":"Cultist and Chosen","floor":24,"turns":7},{"damage":2,"enemies":"Gremlin Leader","floor":25,"turns":10},{"damage":4,"enemies":"Shelled Parasite and Fungi","floor":30,"turns":2},{"damage":5,"enemies":"Snake Plant","floor":31,"turns":4},{"damage":51,"enemies":"Automaton","floor":33,"turns":10},{"damage":16,"enemies":"3 Darklings","floor":35,"turns":3},{"damage":6,"enemies":"Orb Walker","floor":38,"turns":4},{"damage":17,"enemies":"Spire Growth","floor":39,"turns":5},{"damage":7,"enemies":"Transient","floor":41,"turns":5},{"damage":22,"enemies":"Giant Head","floor":45,"turns":9},{"damage":3,"enemies":"Sphere and 2 Shapes","floor":47,"turns":5},{"damage":15,"enemies":"Writhing Mass","floor":48,"turns":7},{"damage":52,"enemies":"Awakened One","floor":50,"turns":14}],"seed_played":"6556160739427684184","potions_obtained":[{"floor":3.0,"key":"SpeedPotion"},{"floor":6.0,"key":"LiquidBronze"},{"floor":7.0,"key":"Regen Potion"},{"floor":11.0,"key":"Block Potion"},{"floor":16.0,"key":"PowerPotion"},{"floor":22,"key":"SteroidPotion"},{"floor":25,"key":"Explosive Potion"},{"floor":30,"key":"DuplicationPotion"},{"floor":35,"key":"hermit:Eclipse"},{"floor":39,"key":"LiquidMemories"},{"floor":47,"key":"Fire Potion"}],"is_trial":false,"path_per_floor":["M","?","M","M","$","E","M","E","T","E","M","?","?","M","R","B",null,"M","$","M","$","M","E","M","E","T","?","$","R","M","M","R","B",null,"M","?","$","M","M","R","M","T","T","R","E","R","M","M","R","B",null],"character_chosen":"HERMIT","items_purchased":["hermit:ShadowCloak","hermit:Grudge","Bronze Scales","hermit:Combo","hermit:Midnight","hermit:Grudge","hermit:Manifest","Bag of Preparation","hermit:Grudge"],"campfire_rested":1,"item_purchase_floors":[5,5,5,19,19,19,21,37,37],"current_hp_per_floor":[75,68,68,67,67,59,56,66,66,48,47,47,47,47,47,20,75,63,63,57,57,57,36,14,12,12,12,12,49,45,40,58,15,75,59,75,75,69,56,75,75,75,75,75,57,75,72,57,75,59],"gold":196,"neow_bonus":"TWO_FIFTY_GOLD","is_daily":false,"chose_seed":false,"campfire_upgraded":6,"win_rate":0.0,"timestamp":1614460526,"path_taken":["M","?","M","M","$","E","M","E","T","E","M","?","?","M","R","BOSS","M","?","M","$","?","E","M","E","T","?","$","R","M","M","R","BOSS","M","?","$","M","M","R","M","?","T","R","E","R","M","M","R","BOSS"],"items_purchased_type":["Card","Card","Relic","Card","Card","Card","Card","Relic","Card"],"build_version":"2020-12-22","purchased_purges":4,"victory":true,"max_hp_per_floor":[75,75,75,75,75,75,75,75,75,75,75,75,75,75,75,75,75,75,75,75,75,75,75,75,75,75,75,75,75,75,75,75,75,75,75,75,75,75,75,75,75,75,75,75,75,75,75,75,75,75],"card_choices":[{"not_picked":["hermit:HoleUp","hermit:LowProfile"],"picked":"hermit:Ricochet","floor":1.0},{"not_picked":["hermit:TakeCover","hermit:CalledShot"],"picked":"hermit:SprayPray","floor":3.0},{"not_picked":["hermit:Glare","hermit:TakeAim"],"picked":"hermit:Manifest","floor":4.0},{"not_picked":["hermit:Maintenance","hermit:CalledShot"],"picked":"hermit:Gestalt","floor":6.0},{"not_picked":["hermit:Showdown","hermit:Shortfuse"],"picked":"hermit:LowProfile","floor":7.0},{"not_picked":["hermit:Snipe","hermit:Determination"],"picked":"hermit:Gambit","floor":8.0},{"not_picked":["hermit:Feint","hermit:Maintenance"],"picked":"hermit:LowProfile","floor":10.0},{"not_picked":["hermit:Shortfuse","hermit:HighCaliber"],"picked":"hermit:Ricochet","floor":11.0},{"not_picked":["hermit:HighCaliber","hermit:BigShot"],"picked":"hermit:Quickdraw","floor":14.0},{"not_picked":["hermit:OverwhelmingPower","hermit:HeroicBravado"],"picked":"hermit:Dissolve","floor":16.0},{"not_picked":["hermit:HoleUp+1","hermit:BigShot"],"picked":"hermit:Misfire","floor":18.0},{"not_picked":["hermit:Showdown","hermit:Spite","hermit:Coalescence"],"picked":"SKIP","floor":20},{"not_picked":["hermit:Desperado","hermit:FlashPowder+1"],"picked":"hermit:Vantage+1","floor":22},{"not_picked":["hermit:Snipe","hermit:TrackingShot"],"picked":"hermit:Dive","floor":23},{"not_picked":["hermit:Malice","hermit:Dive+1"],"picked":"hermit:EyeOfTheStorm+1","floor":24},{"not_picked":["hermit:GoldenBullet+1","hermit:Feint","hermit:Brawl"],"picked":"SKIP","floor":25},{"not_picked":["hermit:Manifest","hermit:Maintenance"],"picked":"hermit:Reprieve","floor":30},{"not_picked":["hermit:Snipe","hermit:FullyLoaded+1"],"picked":"hermit:Manifest+1","floor":31},{"not_picked":["hermit:Magnum","hermit:Purgatory"],"picked":"hermit:Reprieve","floor":33},{"not_picked":["hermit:LowProfile+1","hermit:Quickdraw+1"],"picked":"hermit:FlashPowder","floor":35},{"not_picked":["hermit:Ricochet","hermit:WideOpen"],"picked":"hermit:CalledShot","floor":38},{"not_picked":["hermit:Snipe+1","hermit:LoneWolf+1"],"picked":"hermit:Vantage+1","floor":39},{"not_picked":["hermit:Coalescence+1","hermit:CalledShot+1"],"picked":"hermit:Gestalt+1","floor":41},{"not_picked":["hermit:Maintenance","hermit:Manifest"],"picked":"hermit:Spite+1","floor":45},{"not_picked":["hermit:ItchyTrigger","hermit:Grudge","hermit:Desperado+1"],"picked":"SKIP","floor":47},{"not_picked":["hermit:Glare","hermit:Desperado+1"],"picked":"hermit:DeadMansHand+1","floor":48}],"player_experience":236357,"relics_obtained":[{"floor":6.0,"key":"aspiration:HiddenCompartment"},{"floor":8.0,"key":"Gremlin Horn"},{"floor":10.0,"key":"Smiling Mask"},{"floor":23,"key":"Eternal Feather"},{"floor":25,"key":"MawBank"},{"floor":26,"key":"Bottled Tornado"},{"floor":42,"key":"Tea:ReiMu"},{"floor":43,"key":"CrazyTorch:ReiMu"},{"floor":45,"key":"Omamori"}],"event_choices":[{"cards_removed":["hermit:Strike_Hermit"],"damage_healed":0.0,"max_hp_gain":0.0,"max_hp_loss":0.0,"gold_gain":0.0,"event_name":"Golden Wing","player_choice":"Card Removal","floor":2.0,"gold_loss":0.0,"damage_taken":7.0},{"damage_healed":0.0,"max_hp_gain":0.0,"max_hp_loss":0.0,"gold_gain":0.0,"event_name":"Golden Idol","player_choice":"Take Wound","floor":12.0,"gold_loss":0.0,"damage_taken":0.0,"relics_obtained":["Golden Idol"],"cards_obtained":["Injury"]},{"cards_removed":["hermit:Strike_Hermit"],"damage_healed":0.0,"max_hp_gain":0.0,"max_hp_loss":0.0,"gold_gain":0.0,"event_name":"Purifier","player_choice":"Purged","floor":13.0,"gold_loss":0.0,"damage_taken":0.0},{"damage_healed":19,"gold_gain":0,"player_choice":"Writhe","damage_taken":0,"max_hp_gain":0,"max_hp_loss":0,"event_name":"Winding Halls","floor":36,"gold_loss":0,"cards_obtained":["Writhe"]}],"is_beta":false,"boss_relics":[{"not_picked":["hermit:DentedPlate","SacredBark"],"picked":"RedLine:ReiMu"},{"not_picked":["Sozu","aspiration:IroncladSkillbook"],"picked":"aspiration:MobileForge"}],"items_purged_floors":[5,19,28,37],"is_endless":false,"potions_floor_spawned":[3,6,7,11,16,22,25,30,35,39,47],"ascension_level":0}}