{"host":"dn6kke80v5f7isus","time":1614453461,"event":{"mods":["AchievementEnabler","Act Like it!","Bard","BaseMod","Colored Powertips","Custom Start","Defuse TimeMaze Blight","Energized Spire","Gremlin Skip","Highlight Path","Hubris","Infinite Spire","Marisa????????","Marked Mod","Minty Spire (QoL Compilation)","Quick Restart","Rare Cards Sparkle","Reliquary","Replay The Spire","StSLib","The Administrix","The Servant 0.9.4","Uncapped","Unceasing Turn Reminder"],"gold_per_floor":[117,117,117,117,132,164,164,189,214,224,224,5,5,39,39,142,142,142,142],"floor_reached":18,"language":"ENG","playtime":341,"items_purged":["Strike_R"],"score":237,"play_id":"93b607fe-f37c-4682-a2ff-01ebf7abf751","local_time":"20210227141741","is_ascension_mode":true,"campfire_choices":[{"data":"Berserk","floor":7,"key":"SMITH"},{"data":"hubris:Rewind","floor":15,"key":"SMITH"}],"circlet_count":0,"master_deck":["Strike_R","Strike_R","Strike_R","Defend_R","Defend_R","Defend_R","Bash+1","Cleave","Berserk+1","Replay:Many Hands","ReplayTheSpireMod:Corrosion Curse","hubris:Rewind+1","Berserk","Berserk"],"relics":["Burning Blood","NeowsBlessing","hubris:Icosahedron","Ancient Tea Set","Replay:Bottled Eggs","ReplayTheSpireMod:Lightbulb","hubris:Towel","hubris:EmptyBottle","ReplayTheSpireMod:Spearhead","Replay:Grab Bag","reliquary:Ember","hubris:TerracottaHorce","SlaversCollar"],"acts_visited":["Exordium","TheCity"],"potions_floor_usage":[14,14,16,18,18],"damage_taken":[{"damage":0,"enemies":"Small Slimes","floor":1,"turns":1},{"damage":0,"enemies":"2 Louse","floor":5,"turns":1},{"damage":0,"enemies":"Gremlin Nob","floor":6,"turns":1},{"damage":29,"enemies":"3 Sentries","floor":8,"turns":7},{"damage":0,"enemies":"Cultist","floor":10,"turns":2},{"damage":0,"enemies":"Gremlin Nob","floor":14,"turns":1},{"damage":30,"enemies":"Hexaghost","floor":16,"turns":4},{"damage":10,"enemies":"Spheric Guardian","floor":18,"turns":2}],"seed_played":"-4142848133868996051","potions_obtained":[{"floor":1,"key":"Weak Potion"},{"floor":8,"key":"DistilledChaos"},{"floor":16,"key":"AttackPotion"}],"is_trial":false,"path_per_floor":["M","?","?","?","M","E","R","E","T","M","?","$","?","E","R","B",null,"M"],"character_chosen":"IRONCLAD","items_purchased":["hubris:EmptyBottle"],"campfire_rested":0,"item_purchase_floors":[12],"current_hp_per_floor":[80,80,80,80,80,80,80,57,57,63,63,63,44,50,50,26,67,57,57],"gold":142,"neow_bonus":"THREE_ENEMY_KILL","is_daily":false,"chose_seed":false,"campfire_upgraded":2,"win_rate":0.0,"timestamp":1614453461,"path_taken":["M","?","?","?","?","E","R","E","T","M","?","$","?","E","R","BOSS","M"],"items_purchased_type":["Relic"],"build_version":"2020-12-22","purchased_purges":1,"victory":false,"max_hp_per_floor":[80,80,80,80,80,80,80,80,80,80,80,80,80,80,80,80,80,80,80],"card_choices":[{"not_picked":["Warcry","ReplayTheSpireMod:Strike From Hell"],"picked":"Cleave","floor":1},{"not_picked":["Sword Boomerang","Iron Wave","Wild Strike"],"picked":"SKIP","floor":5},{"not_picked":["Blood for Blood","Perfected Strike"],"picked":"Berserk","floor":6},{"not_picked":["Run Through","Iron Wave"],"picked":"Replay:Many Hands","floor":8},{"not_picked":["ReplayReversal","Battle Trance"],"picked":"ReplayTheSpireMod:Corrosion Curse","floor":10},{"not_picked":["Replay:Fractal Strike","ReplayTheSpireMod:Echoes of Time"],"picked":"hubris:Rewind","floor":13},{"not_picked":["Spot Weakness","Sever Soul"],"picked":"Berserk","floor":14},{"not_picked":["Demon Form","Bludgeon"],"picked":"Berserk","floor":16}],"player_experience":330598,"relics_obtained":[{"floor":6,"key":"Ancient Tea Set"},{"floor":8,"key":"Replay:Bottled Eggs"},{"floor":9,"key":"ReplayTheSpireMod:Lightbulb"},{"floor":14,"key":"ReplayTheSpireMod:Spearhead"}],"event_choices":[{"cards_removed":["Strike_R"],"damage_healed":0,"gold_gain":0,"player_choice":"Offered Basic","damage_taken":0,"max_hp_gain":0,"max_hp_loss":0,"event_name":"Bonfire Elementals","floor":4,"gold_loss":0}],"is_beta":false,"boss_relics":[{"not_picked":["Philosopher\u0027s Stone","Velvet Choker"],"picked":"Replay:Grab Bag"},{"not_picked":["energizedSpire:StickyHand","energizedSpire:DeadBattery"],"picked":"reliquary:Ember"},{"not_picked":["reliquary:RustamsPendant","energizedSpire:CursedPentagram"],"picked":"hubris:TerracottaHorce"},{"not_picked":["hubris:BlackHole","ReplayTheSpireMod:SealedPack"],"picked":"SlaversCollar"}],"items_purged_floors":[12],"is_endless":false,"potions_floor_spawned":[1,8,16],"killed_by":"Spheric Guardian","ascension_level":1}}