{"host":"tyn27qd7gau91f81","time":1614455820,"event":{"mods":["BaseMod","Colored Map","Minty Spire (QoL Compilation)","Permanent Neow","Relic Stats","StSLib","everything is the same but u backflip on backflip"],"gold_per_floor":[112,37,48,48,62,62,82,93,145,160,160,192,212,43,43,146,146,163,178,178,148,158,187,187],"floor_reached":23,"language":"ENG","playtime":17371,"items_purged":["Parasite","Strike_B"],"score":213,"play_id":"7622572c-9816-49a5-8175-89e692511f67","local_time":"20210227115700","is_ascension_mode":false,"campfire_choices":[{"data":"Streamline","floor":6,"key":"SMITH"},{"data":"Hologram","floor":11,"key":"SMITH"},{"data":"Streamline","floor":15,"key":"SMITH"}],"circlet_count":0,"master_deck":["Strike_B","Defend_B","Defend_B","Defend_B","Zap","Dualcast","Scrape","Scrape","Streamline+1","Aggregate","Streamline+1","Hologram+1","Electrodynamics","Leap","FTL","Rainbow","Go for the Eyes","BootSequence","Self Repair"],"relics":["Cracked Core","Art of War","Cables","Odd Mushroom","Black Star","Tiny Chest","Dead Branch"],"acts_visited":["Exordium","TheCity"],"potions_floor_usage":[12,13,16,16,23,23],"damage_taken":[{"damage":5,"enemies":"Jaw Worm","floor":1,"turns":4},{"damage":0,"enemies":"Cultist","floor":3,"turns":4},{"damage":2,"enemies":"2 Louse","floor":5,"turns":2},{"damage":1,"enemies":"2 Fungi Beasts","floor":7,"turns":3},{"damage":8,"enemies":"Exordium Wildlife","floor":8,"turns":3},{"damage":4,"enemies":"Gremlin Gang","floor":10,"turns":4},{"damage":31,"enemies":"Lagavulin","floor":12,"turns":4},{"damage":12,"enemies":"The Mushroom Lair","floor":13,"turns":2},{"damage":1,"enemies":"Hexaghost","floor":16,"turns":7},{"damage":10,"enemies":"Chosen","floor":18,"turns":4},{"damage":3,"enemies":"Spheric Guardian","floor":19,"turns":3},{"damage":31,"enemies":"3 Cultists","floor":22,"turns":5},{"damage":19,"enemies":"Gremlin Leader","floor":23,"turns":6}],"seed_played":"8523388056084751099","potions_obtained":[{"floor":3,"key":"PowerPotion"},{"floor":8,"key":"FocusPotion"},{"floor":10,"key":"SneckoOil"},{"floor":13,"key":"EssenceOfSteel"},{"floor":19,"key":"LiquidMemories"},{"floor":21,"key":"DistilledChaos"},{"floor":21,"key":"ColorlessPotion"},{"floor":23,"key":"AttackPotion"}],"is_trial":false,"path_per_floor":["M","$","M","?","M","R","M","M","T","M","R","E","?","$","R","B",null,"M","M","?","?","M","E"],"character_chosen":"DEFECT","items_purchased":["FTL"],"campfire_rested":0,"item_purchase_floors":[14],"current_hp_per_floor":[70,70,70,70,68,68,67,59,59,55,55,24,12,12,12,11,72,62,59,59,59,28,16,16],"gold":187,"neow_bonus":"TRANSFORM_TWO_CARDS","is_daily":false,"chose_seed":false,"campfire_upgraded":3,"win_rate":0.0,"timestamp":1614455820,"path_taken":["M","$","M","?","?","R","M","M","T","?","R","E","?","$","R","BOSS","M","M","?","?","?","E"],"items_purchased_type":["Card"],"build_version":"2020-12-22","purchased_purges":2,"victory":false,"max_hp_per_floor":[75,72,72,72,72,72,72,72,72,72,72,72,72,72,72,72,72,72,72,72,72,72,72,72],"relic_stats":{"counters":[13,51],"Dead Branch":[0],"Tiny Chest":0,"Art of War":[4],"Black Star":1,"obtain_stats":[{"Dead Branch":23,"Tiny Chest":23,"Art of War":9,"Black Star":17,"Odd Mushroom":13,"Cracked Core":0,"Cables":12},{"Dead Branch":13,"Tiny Chest":13,"Art of War":5,"Black Star":9,"Odd Mushroom":8,"Cracked Core":0,"Cables":7},{"Dead Branch":51,"Tiny Chest":51,"Art of War":16,"Black Star":33,"Odd Mushroom":26,"Cracked Core":0,"Cables":24}],"Cables":[18,15,1,2,0]},"card_choices":[{"not_picked":["Doom and Gloom","Coolheaded"],"picked":"Streamline","floor":1},{"not_picked":["Storm","Chaos","Compile Driver"],"picked":"SKIP","floor":3},{"not_picked":["Steam","Static Discharge"],"picked":"Streamline","floor":5},{"not_picked":["Fusion","Stack","Cold Snap"],"picked":"SKIP","floor":7},{"not_picked":["Lockon","Force Field"],"picked":"Hologram","floor":8},{"not_picked":["Redo","Turbo","Compile Driver"],"picked":"SKIP","floor":10},{"not_picked":["Rainbow","Stack"],"picked":"Electrodynamics","floor":12},{"not_picked":["Tempest","Heatsinks"],"picked":"Leap","floor":13},{"not_picked":["Fission","Amplify"],"picked":"Rainbow","floor":16},{"not_picked":["Cold Snap+1","Ball Lightning"],"picked":"Go for the Eyes","floor":18},{"not_picked":["Compile Driver+1","Stack+1","Redo"],"picked":"SKIP","floor":19},{"not_picked":["Rainbow","Chaos+1"],"picked":"Self Repair","floor":22}],"player_experience":2246420,"relics_obtained":[{"floor":9,"key":"Art of War"},{"floor":12,"key":"Cables"},{"floor":13,"key":"Odd Mushroom"},{"floor":23,"key":"Tiny Chest"},{"floor":23,"key":"Dead Branch"}],"event_choices":[{"damage_healed":0,"gold_gain":0,"cards_transformed":["Strike_B"],"player_choice":"Transformed","damage_taken":0,"max_hp_gain":0,"max_hp_loss":0,"event_name":"Transmorgrifier","floor":4,"gold_loss":0,"cards_obtained":["Aggregate"]},{"damage_healed":0,"gold_gain":0,"player_choice":"Fought Mushrooms","damage_taken":0,"max_hp_gain":0,"max_hp_loss":0,"event_name":"Mushrooms","floor":13,"gold_loss":0},{"damage_healed":0,"gold_gain":0,"player_choice":"Read","damage_taken":0,"max_hp_gain":0,"max_hp_loss":0,"event_name":"The Library","floor":20,"gold_loss":0,"cards_obtained":["BootSequence"]},{"damage_healed":0,"gold_gain":0,"player_choice":"Bought 2 Potions","damage_taken":0,"max_hp_gain":0,"max_hp_loss":0,"event_name":"The Woman in Blue","floor":21,"gold_loss":0}],"is_beta":false,"boss_relics":[{"not_picked":["Pandora\u0027s Box","Empty Cage"],"picked":"Black Star"}],"items_purged_floors":[2,14],"is_endless":false,"potions_floor_spawned":[3,8,10,13,19,23],"killed_by":"Gremlin Leader","ascension_level":0}}