{"host":"yx5rao87132cy5xq","time":1614441580,"event":{"mods":["2.2 Compatiblity","AchievementEnabler","BaseMod","Bestiary","Colored Map","Colored Powertips","Highlight Path","Minty Spire (QoL Compilation)","Quick Restart","Relic Stats","Slay-I","SuperFastMode"],"gold_per_floor":[111,125,139,139,214,241,258,258,258,273,23,23,23,55,55,151,151,161,171,196,196,196,196,25,55,136,136,136],"floor_reached":27,"language":"ENG","playtime":3147,"items_purged":["Strike_G"],"score":335,"play_id":"e60082ab-3b3c-4342-92aa-752899a32f1d","local_time":"20210227165940","is_ascension_mode":true,"campfire_choices":[{"data":"Blade Dance","floor":8.0,"key":"SMITH"},{"floor":15.0,"key":"REST"},{"floor":23.0,"key":"REST"}],"circlet_count":0,"master_deck":["Strike_G","Strike_G","Strike_G","Strike_G","Defend_G","Defend_G","Defend_G","Defend_G","Defend_G","Survivor","Neutralize","Storm of Steel","Dagger Spray","Dash","Poisoned Stab","Blade Dance+1","Quick Slash","Venomology+1","Noxious Fumes+1","Accuracy+1","Tools of the Trade+1","Deadly Poison","Caltrops+1","Infinite Blades+1","Catalyst+1"],"relics":["Ring of the Snake","Paper Crane","Frozen Egg 2","Potion Belt","Runic Pyramid","Red Mask","PreservedInsect","Eternal Feather"],"acts_visited":["Exordium","TheCity"],"potions_floor_usage":[25,25,25],"damage_taken":[{"damage":4.0,"enemies":"Small Slimes","floor":1.0,"turns":3.0},{"damage":3.0,"enemies":"2 Louse","floor":2.0,"turns":3.0},{"damage":0.0,"enemies":"Jaw Worm","floor":3.0,"turns":5.0},{"damage":24.0,"enemies":"3 Sentries","floor":6.0,"turns":10.0},{"damage":1.0,"enemies":"Looter","floor":7.0,"turns":3.0},{"damage":0.0,"enemies":"2 Fungi Beasts","floor":10.0,"turns":1.0},{"damage":19.0,"enemies":"Gremlin Nob","floor":14.0,"turns":5.0},{"damage":12.0,"enemies":"The Guardian","floor":16.0,"turns":8.0},{"damage":1.0,"enemies":"Spheric Guardian","floor":18.0,"turns":3.0},{"damage":21.0,"enemies":"2 Thieves","floor":19.0,"turns":3.0},{"damage":21.0,"enemies":"Masked Bandits","floor":20.0,"turns":4.0},{"damage":29,"enemies":"Slavers","floor":25,"turns":5},{"damage":36,"enemies":"Shelled Parasite and Fungi","floor":27,"turns":3}],"seed_played":"8893034895763380650","potions_obtained":[{"floor":1.0,"key":"LiquidMemories"},{"floor":7.0,"key":"SteroidPotion"},{"floor":14.0,"key":"Explosive Potion"},{"floor":18.0,"key":"Explosive Potion"},{"floor":19.0,"key":"SpeedPotion"}],"is_trial":false,"path_per_floor":["M","M","M","?","?","E","M","R","T","M","$","?","$","E","R","B",null,"M","M","?","?","?","R","$","E","T","M"],"character_chosen":"THE_SILENT","items_purchased":["Noxious Fumes+1","GhostInAJar","Weak Potion","AttackPotion","Infinite Blades+1"],"campfire_rested":2,"item_purchase_floors":[11,11,24,24,24],"current_hp_per_floor":[59,56,56,56,45,21,20,20,20,20,20,20,20,1,22,10,55,54,33,12,12,12,33,33,4,4,0,0],"gold":136,"neow_bonus":"ONE_RANDOM_RARE_CARD","is_daily":false,"chose_seed":false,"campfire_upgraded":1,"win_rate":0.0,"timestamp":1614441580,"path_taken":["M","M","M","?","?","E","M","R","T","M","$","?","$","E","R","BOSS","M","M","?","?","?","R","$","E","T","M"],"items_purchased_type":["Card","Potion","Potion","Potion","Card"],"build_version":"2020-12-22","purchased_purges":1,"victory":false,"max_hp_per_floor":[70,70,70,70,70,70,70,70,70,70,70,70,70,70,70,70,70,70,70,70,70,70,70,70,70,70,70,70],"relic_stats":{"counters":[13,56],"Eternal Feather":0,"PreservedInsect":0,"obtain_stats":[{"Potion Belt":14,"Eternal Feather":26,"PreservedInsect":25,"Red Mask":20,"Paper Crane":6,"Frozen Egg 2":9,"Ring of the Snake":0,"Runic Pyramid":17},{"Potion Belt":7,"Eternal Feather":12,"PreservedInsect":12,"Red Mask":11,"Paper Crane":4,"Frozen Egg 2":5,"Ring of the Snake":0,"Runic Pyramid":8},{"Potion Belt":30,"Eternal Feather":53,"PreservedInsect":53,"Red Mask":48,"Paper Crane":21,"Frozen Egg 2":24,"Ring of the Snake":0,"Runic Pyramid":38}],"Ring of the Snake":[26]},"card_choices":[{"not_picked":["Well Laid Plans","Prepared"],"picked":"Dagger Spray","floor":1.0},{"not_picked":["Slice","Sucker Punch"],"picked":"Dash","floor":2.0},{"not_picked":["Cloak And Dagger","Catalyst"],"picked":"Poisoned Stab","floor":3.0},{"not_picked":["Bane","All Out Attack"],"picked":"Blade Dance","floor":6.0},{"not_picked":["Skewer","Caltrops"],"picked":"Quick Slash","floor":7.0},{"not_picked":["Underhanded Strike","Cloak And Dagger"],"picked":"Venomology","floor":10.0},{"not_picked":["Catalyst","Slice"],"picked":"Accuracy+1","floor":14.0},{"not_picked":["Bullet Time","Die Die Die"],"picked":"Tools of the Trade+1","floor":16.0},{"not_picked":["Outmaneuver","Escape Plan"],"picked":"Deadly Poison","floor":18.0},{"not_picked":["Well Laid Plans+1","Masterful Stab"],"picked":"Caltrops+1","floor":19.0},{"not_picked":["Choke+1","Bane"],"picked":"Catalyst+1","floor":25}],"player_experience":1232692,"relics_obtained":[{"floor":6.0,"key":"Paper Crane"},{"floor":9.0,"key":"Frozen Egg 2"},{"floor":14.0,"key":"Potion Belt"},{"floor":20.0,"key":"Red Mask"},{"floor":25,"key":"PreservedInsect"},{"floor":26,"key":"Eternal Feather"}],"event_choices":[{"damage_healed":0.0,"max_hp_gain":0.0,"max_hp_loss":0.0,"gold_gain":0.0,"event_name":"Liars Game","player_choice":"Ignored","floor":4.0,"gold_loss":0.0,"damage_taken":0.0},{"damage_healed":0.0,"max_hp_gain":0.0,"max_hp_loss":0.0,"gold_gain":75.0,"event_name":"World of Goop","player_choice":"Gather Gold","floor":5.0,"gold_loss":0.0,"damage_taken":11.0},{"damage_healed":0.0,"max_hp_gain":0.0,"max_hp_loss":0.0,"gold_gain":0.0,"event_name":"Living Wall","player_choice":"Grow","floor":12.0,"gold_loss":0.0,"damage_taken":0.0,"cards_upgraded":["Venomology"]},{"damage_healed":0.0,"max_hp_gain":0.0,"max_hp_loss":0.0,"gold_gain":0.0,"event_name":"Masked Bandits","player_choice":"Fought Bandits","floor":20.0,"gold_loss":0.0,"damage_taken":0.0},{"damage_healed":0.0,"max_hp_gain":0.0,"max_hp_loss":0.0,"gold_gain":0.0,"event_name":"The Mausoleum","player_choice":"Ignored","floor":21.0,"gold_loss":0.0,"damage_taken":0.0},{"damage_healed":0.0,"max_hp_gain":0.0,"max_hp_loss":0.0,"gold_gain":0.0,"event_name":"Cursed Tome","player_choice":"Ignored","floor":22.0,"gold_loss":0.0,"damage_taken":0.0}],"is_beta":false,"boss_relics":[{"not_picked":["Runic Dome","Busted Crown"],"picked":"Runic Pyramid"}],"items_purged_floors":[11],"is_endless":false,"potions_floor_spawned":[1,7,14,18,19],"killed_by":"Shelled Parasite and Fungi","ascension_level":8}}