{"host":"zkqorkqsr6o67e8b","time":1614437094,"event":{"mods":["Aya Shameimaru","BaseMod","Minty Spire (QoL Compilation)","Quick Restart","StSLib","Waifu the Spire","¡¾ÒÅÎï¿¨ÅÆ¡¿REMEMod"],"gold_per_floor":[113,123,198,218,228,259,259],"floor_reached":6,"language":"ZHS","playtime":422,"items_purged":[],"score":55,"play_id":"1cf8676c-c088-4d40-8bcb-f85b606a50fb","local_time":"20210227224454","is_ascension_mode":true,"campfire_choices":[],"circlet_count":0,"master_deck":["shameimaru:Strike","shameimaru:Strike","shameimaru:Strike","shameimaru:Strike","shameimaru:Defend","shameimaru:Defend","shameimaru:Defend","shameimaru:Defend","shameimaru:PlayfulTaunt+1","shameimaru:SnapshotStrike","REME_TheLastStrike"],"relics":["shameimaru:blackbirdfeather","REME_ComplimentaryCards","Blood Vial"],"acts_visited":["Exordium"],"potions_floor_usage":[],"damage_taken":[{"damage":0.0,"enemies":"Small Slimes","floor":1.0,"turns":3.0},{"damage":5.0,"enemies":"Cultist","floor":2.0,"turns":4.0},{"damage":2.0,"enemies":"Jaw Worm","floor":4.0,"turns":4.0},{"damage":2.0,"enemies":"Large Slime","floor":5.0,"turns":6.0},{"damage":49,"enemies":"Lagavulin","floor":6,"turns":8}],"seed_played":"7858548571389179195","potions_obtained":[{"floor":2.0,"key":"Regen Potion"},{"floor":4.0,"key":"Block Potion"},{"floor":6,"key":"FearPotion"}],"is_trial":false,"path_per_floor":["M","M","?","M","M","E"],"character_chosen":"AYA","items_purchased":[],"campfire_rested":0,"item_purchase_floors":[],"current_hp_per_floor":[80,75,64,62,60,11,11],"gold":259,"neow_bonus":"UPGRADE_CARD","is_daily":false,"chose_seed":false,"campfire_upgraded":0,"win_rate":0.0,"timestamp":1614437094,"path_taken":["M","M","?","M","M","E"],"items_purchased_type":[],"build_version":"2020-12-22","purchased_purges":0,"victory":false,"max_hp_per_floor":[80,80,80,80,80,80,80],"card_choices":[{"not_picked":["shameimaru:AdverseWind","shameimaru:Persuade","shameimaru:PressRelease"],"picked":"SKIP","floor":1.0},{"not_picked":["shameimaru:Telescoping","shameimaru:HitAndRun","shameimaru:Imitation"],"picked":"SKIP","floor":2.0},{"not_picked":["shameimaru:PressRelease","shameimaru:CandidShot","shameimaru:SuddenOutburst"],"picked":"SKIP","floor":4.0},{"not_picked":["shameimaru:InstantShotJournalist","shameimaru:Imitation","shameimaru:AirCutter"],"picked":"SKIP","floor":5.0},{"not_picked":["shameimaru:ReporterInstinct","shameimaru:WhispersOfTheWind","shameimaru:WidespreadPropaganda"],"picked":"SKIP","floor":6}],"player_experience":302064,"relics_obtained":[{"floor":6,"key":"Blood Vial"}],"event_choices":[{"damage_healed":0.0,"max_hp_gain":0.0,"max_hp_loss":0.0,"gold_gain":75.0,"event_name":"World of Goop","player_choice":"Gather Gold","floor":3.0,"gold_loss":0.0,"damage_taken":11.0}],"is_beta":false,"boss_relics":[],"items_purged_floors":[],"is_endless":false,"potions_floor_spawned":[2,4,6],"killed_by":"Lagavulin","ascension_level":3}}