{"host":"9ab6zvx33qoi7ia9","time":1614431426,"event":{"mods":["Act Like it!","Ascension Unlocker","BaseMod","Downfall","Gensokyo","Marked Mod","Minty Spire (QoL Compilation)","Pale of the Ancients","Permanent Neow","Quick Restart","StSLib","The Jungle"],"gold_per_floor":[114,114,138,150,4,4,33,33,33,49,63,63,83,97,97,200,200,216,229,479,498,0,0,31,31,78,78,106,106,123,27,27,125,125,135,75,75,75,75,107,123,123,148,180,195,221,238,6,6,6,6,6,6,31,31,31],"floor_reached":55,"language":"ZHS","playtime":3211,"items_purged":["Strike_B","Heatsinks+1"],"score":868,"play_id":"54e408b4-8fc1-4baf-ac28-818a70871cbe","local_time":"20210227211026","is_ascension_mode":false,"campfire_choices":[{"data":"Zap","floor":6,"key":"SMITH"},{"data":"Dualcast","floor":8,"key":"SMITH"},{"data":"Scrape","floor":12,"key":"SMITH"},{"data":"FTL","floor":15,"key":"SMITH"},{"floor":23,"key":"REST"},{"floor":25,"key":"REST"},{"floor":32,"key":"RECALL"},{"floor":42,"key":"REST"},{"floor":49,"key":"REST"},{"floor":52,"key":"REST"}],"circlet_count":0,"master_deck":["Defend_B+1","Defend_B+1","Zap+1","Dualcast+1","FTL+1","Scrape+1","Seek","Reboot+1","Leap+1","Gash+1","Rebound+1","Sweeping Beam+1","Impatience","Gensokyo:CustomPotion","Gensokyo:LifeSpringInfinity+1","Mayhem"],"relics":["Inserter","Gensokyo:Mercy","Lantern","Meat on the Bone","Matryoshka","Astrolabe","PreservedInsect","Blue Candle","Happy Flower","Fusion Hammer","Turnip","Akabeko","Anchor","Pear","Smiling Mask","Mercury Hourglass"],"acts_visited":["Gensokyo:Gensokyo","Gensokyo:Gensokyoer","Gensokyo:Gensokyoest","TheEnding"],"potions_floor_usage":[16,24,46,55,55],"damage_taken":[{"damage":2,"enemies":"Gensokyo:3_Fairies","floor":1,"turns":5},{"damage":1,"enemies":"Gensokyo:Gryphon","floor":4,"turns":4},{"damage":29,"enemies":"Gensokyo:Aya","floor":7,"turns":6},{"damage":0,"enemies":"Gensokyo:Python","floor":10,"turns":3},{"damage":1,"enemies":"Gensokyo:VengefulSpirit","floor":11,"turns":4},{"damage":5,"enemies":"Gensokyo:CorruptedTreant","floor":13,"turns":2},{"damage":0,"enemies":"Gensokyo:LivingMonolith","floor":14,"turns":2},{"damage":16,"enemies":"Gensokyo:Kokoro","floor":16,"turns":10},{"damage":0,"enemies":"Gensokyo:CosmicMonolith","floor":18,"turns":3},{"damage":10,"enemies":"Gensokyo:3_Dogs","floor":19,"turns":5},{"damage":28,"enemies":"Gensokyo:Wraith","floor":21,"turns":4},{"damage":19,"enemies":"Gensokyo:Koishi","floor":24,"turns":8},{"damage":1,"enemies":"Gensokyo:Tenshi","floor":28,"turns":4},{"damage":2,"enemies":"Gensokyo:3_Gloops","floor":30,"turns":3},{"damage":1,"enemies":"Gensokyo:Kaguya","floor":33,"turns":7},{"damage":0,"enemies":"Gensokyo:AncientGuardian","floor":35,"turns":2},{"damage":0,"enemies":"Gensokyo:AncientGuardian","floor":38,"turns":1},{"damage":0,"enemies":"Gensokyo:Doremy","floor":40,"turns":3},{"damage":0,"enemies":"Gensokyo:3_Bats","floor":41,"turns":1},{"damage":0,"enemies":"Gensokyo:Kasen","floor":44,"turns":4},{"damage":0,"enemies":"Gensokyo:Sharpion","floor":45,"turns":1},{"damage":0,"enemies":"Gensokyo:Doremy","floor":46,"turns":2},{"damage":0,"enemies":"Gensokyo:Rafflesia","floor":47,"turns":3},{"damage":23,"enemies":"Gensokyo:Scarlet_Devils","floor":50,"turns":5},{"damage":7,"enemies":"Shield and Spear","floor":54,"turns":3},{"damage":75,"enemies":"The Heart","floor":55,"turns":3}],"seed_played":"-5085198080564558698","potions_obtained":[{"floor":4,"key":"Swift Potion"},{"floor":11,"key":"PowerPotion"},{"floor":13,"key":"PowerPotion"},{"floor":16,"key":"BlessingOfTheForge"},{"floor":24,"key":"LiquidBronze"},{"floor":46,"key":"EssenceOfSteel"}],"is_trial":false,"path_per_floor":["M","?","T","M","$","R","E","R","T","M","M","R","M","M","R","B",null,"M","M","?","M","?","R","E","R","T","$","E","COS","M","$","R","B",null,"M","?","?","?","?","E","M","R","T","E","M","E","M","$","R","B",null,"R","$","E","B"],"character_chosen":"DEFECT","items_purchased":["FTL","Impatience","Mayhem"],"campfire_rested":5,"item_purchase_floors":[5,31,48],"current_hp_per_floor":[73,73,73,72,72,72,43,43,43,43,42,42,49,49,49,45,75,75,65,65,37,37,58,39,60,60,60,59,59,57,57,57,56,71,71,71,71,71,71,71,71,71,71,81,81,81,81,81,81,58,81,81,81,74,0,0],"gold":31,"neow_bonus":"BOSS_RELIC","is_daily":false,"chose_seed":false,"campfire_upgraded":4,"win_rate":0.0,"timestamp":1614431426,"path_taken":["M","?","?","M","?","R","E","R","T","M","M","R","M","M","R","BOSS","M","M","?","M","?","R","E","R","T","$","E","COS","M","?","R","BOSS","M","?","?","?","?","E","M","R","T","E","M","E","M","?","R","BOSS","R","$","E","BOSS"],"items_purchased_type":["Card","Card","Card"],"build_version":"2020-12-22","purchased_purges":2,"victory":false,"max_hp_per_floor":[75,75,75,75,75,75,75,75,75,75,75,75,75,75,75,75,75,75,75,71,71,71,71,71,71,71,71,71,71,71,71,71,71,71,71,71,71,71,71,71,71,71,71,81,81,81,81,81,81,81,81,81,81,81,81,81],"card_choices":[{"not_picked":["Conserve Battery","Darkness"],"picked":"Sweeping Beam","floor":1},{"not_picked":["Cold Snap","Barrage","Turbo"],"picked":"SKIP","floor":4},{"not_picked":["Leap","Compile Driver","Steam"],"picked":"SKIP","floor":7},{"not_picked":["Creative AI","Beam Cell","Genetic Algorithm"],"picked":"SKIP","floor":10},{"not_picked":["Force Field","Barrage"],"picked":"Scrape","floor":11},{"not_picked":["Reinforced Body","Compile Driver","Cold Snap"],"picked":"SKIP","floor":13},{"not_picked":["Glacier","Go for the Eyes"],"picked":"Gash","floor":14},{"not_picked":["Amplify","Buffer"],"picked":"Seek","floor":16},{"not_picked":["Stack","Double Energy+1"],"picked":"Gash","floor":18},{"not_picked":["Compile Driver+1","Conserve Battery"],"picked":"Rebound","floor":19},{"not_picked":["Skim","Doom and Gloom"],"picked":"Steam+1","floor":21},{"not_picked":["Steam","Gash"],"picked":"Sweeping Beam+1","floor":24},{"not_picked":["Coolheaded","Reinforced Body","Static Discharge+1"],"picked":"SKIP","floor":28},{"not_picked":["Hologram","Multi-Cast","Doom and Gloom"],"picked":"SKIP","floor":30},{"not_picked":["Beam Cell+1","Force Field","Sweeping Beam"],"picked":"SKIP","floor":35},{"not_picked":["Gensokyo:RisingWorld+1","Gensokyo:Dawn+1"],"picked":"Gensokyo:LifeSpringInfinity+1","floor":38},{"not_picked":["BootSequence+1","Glacier+1","Electrodynamics"],"picked":"SKIP","floor":40},{"not_picked":["Recycle","Conserve Battery+1","Streamline+1"],"picked":"SKIP","floor":41},{"not_picked":["Steam+1","Glacier+1","Ball Lightning+1"],"picked":"SKIP","floor":44},{"not_picked":["Go for the Eyes+1","Streamline","Seek"],"picked":"SKIP","floor":45},{"not_picked":["Go for the Eyes","Static Discharge","Ball Lightning+1"],"picked":"SKIP","floor":46},{"not_picked":["Compile Driver+1","Barrage","Ball Lightning+1"],"picked":"SKIP","floor":47},{"not_picked":["Loop","Storm","Barrage+1"],"picked":"SKIP","floor":54}],"player_experience":276737,"relics_obtained":[{"floor":3,"key":"Lantern"},{"floor":7,"key":"Meat on the Bone"},{"floor":9,"key":"Matryoshka"},{"floor":24,"key":"PreservedInsect"},{"floor":26,"key":"Blue Candle"},{"floor":28,"key":"Happy Flower"},{"floor":40,"key":"Turnip"},{"floor":43,"key":"Akabeko"},{"floor":43,"key":"Anchor"},{"floor":44,"key":"Pear"},{"floor":46,"key":"Smiling Mask"},{"floor":54,"key":"Mercury Hourglass"}],"event_choices":[],"is_beta":false,"boss_relics":[{"not_picked":["Pandora\u0027s Box","Philosopher\u0027s Stone"],"picked":"Astrolabe"},{"not_picked":["Cursed Key","Runic Dome"],"picked":"Fusion Hammer"}],"items_purged_floors":[5,48],"is_endless":false,"potions_floor_spawned":[4,11,13,16,21,24,40,46,47,54],"killed_by":"The Heart","ascension_level":0}}