{"host":"uyfpom4rlahfoee4","time":1614407817,"event":{"mods":["BaseMod","Downfall","Minty Spire (QoL Compilation)","StSLib"],"gold_per_floor":[99,118,136,153,169,179,179,179,190,208,226,245,265,284,298,298,298,298],"floor_reached":16,"language":"ENG","playtime":923,"items_purged":[],"score":104,"play_id":"c480a6ce-5877-4431-9b95-9e016cce9cab","local_time":"20210226223657","is_ascension_mode":false,"campfire_choices":[{"data":"sneckomod:TailWhip","floor":1,"key":"SMITH"}],"circlet_count":0,"master_deck":["sneckomod:Strike","sneckomod:Strike","sneckomod:Strike","sneckomod:Defend","sneckomod:Defend","sneckomod:Defend","sneckomod:TailWhip+1","sneckomod:SnekBite","sneckomod:Unknown","sneckomod:UnknownStrength","sneckomod:SlitherStrike","sneckomod:UnknownClassHEXA_GHOST_PURPLE","sneckomod:UnknownStrength","sneckomod:UnlimitedRolls","Guardian:SpikerProtocol","sneckomod:UnendingSupply","sneckomod:UnknownStrike","sneckomod:UnknownClassGREEN","sneckomod:UnknownRareAttack","sneckomod:UnknownClassHEXA_GHOST_PURPLE","sneckomod:RainOfDice","sneckomod:IronFang"],"relics":["sneckomod:SneckoSoul","Bag of Marbles"],"acts_visited":["Exordium"],"potions_floor_usage":[14,16,16],"damage_taken":[{"damage":0,"enemies":"Cultist","floor":2,"turns":3},{"damage":0,"enemies":"Small Slimes","floor":3,"turns":5},{"damage":0,"enemies":"2 Louse","floor":4,"turns":3},{"damage":5,"enemies":"Large Slime","floor":5,"turns":4},{"damage":10,"enemies":"Blue Slaver","floor":6,"turns":4},{"damage":0,"enemies":"2 Fungi Beasts","floor":9,"turns":3},{"damage":10,"enemies":"downfall:LooterAlt","floor":10,"turns":3},{"damage":0,"enemies":"3 Louse","floor":11,"turns":1},{"damage":10,"enemies":"Lots of Slimes","floor":12,"turns":3},{"damage":11,"enemies":"Large Slime","floor":13,"turns":4},{"damage":0,"enemies":"Exordium Thugs","floor":14,"turns":5},{"damage":21,"enemies":"Red Slaver","floor":15,"turns":3},{"damage":20,"enemies":"WA_ARCHETYPE_RETAIN","floor":16,"turns":6}],"seed_played":"-4013275980444536460","potions_obtained":[{"floor":3,"key":"Weak Potion"},{"floor":4,"key":"Ancient Potion"},{"floor":5,"key":"champ:CounterPotion"},{"floor":11,"key":"Block Potion"},{"floor":15,"key":"Explosive Potion"}],"is_trial":false,"path_per_floor":["R","M","M","M","M","M","T","R","M","M","M","M","M","M","M","B"],"character_chosen":"THE_SNECKO","items_purchased":[],"campfire_rested":0,"item_purchase_floors":[],"current_hp_per_floor":[99,99,99,99,94,84,84,84,84,74,74,64,53,53,32,12,12,12],"gold":298,"neow_bonus":"TEN_PERCENT_HP_BONUS","is_daily":false,"chose_seed":false,"campfire_upgraded":1,"win_rate":0.0,"timestamp":1614407817,"path_taken":["R","M","M","M","M","M","T","R","M","M","M","M","M","M","M","BOSS"],"items_purchased_type":[],"build_version":"2020-12-22","purchased_purges":0,"victory":false,"max_hp_per_floor":[99,99,99,99,99,99,99,99,99,99,99,99,99,99,99,99,99,99],"card_choices":[{"not_picked":["sneckomod:UnknownClassPURPLE","sneckomod:Unknown1Cost"],"picked":"sneckomod:UnknownStrength","floor":2},{"not_picked":["sneckomod:UnknownExhaust","sneckomod:IronFang"],"picked":"sneckomod:SlitherStrike","floor":3},{"not_picked":["sneckomod:SlitherStrike","sneckomod:DiceCrush"],"picked":"sneckomod:UnknownClassHEXA_GHOST_PURPLE","floor":4},{"not_picked":["sneckomod:UnknownDexterity","sneckomod:UnknownClassTHE_BRONZE_AUTOMATON"],"picked":"sneckomod:UnknownStrength","floor":5},{"not_picked":["sneckomod:UnknownClassGUARDIAN","sneckomod:DefensiveFlair"],"picked":"sneckomod:UnlimitedRolls","floor":6},{"not_picked":["sneckomod:DiceCrush","sneckomod:UnknownClassRED"],"picked":"sneckomod:UnendingSupply","floor":9},{"not_picked":["sneckomod:UnknownWeak","sneckomod:UnknownClassBLUE"],"picked":"sneckomod:UnknownStrike","floor":10},{"not_picked":["sneckomod:DiceBlock","sneckomod:QuickMove"],"picked":"sneckomod:UnknownClassGREEN","floor":11},{"not_picked":["sneckomod:UnknownClassBLUE","sneckomod:QuickBite"],"picked":"sneckomod:UnknownRareAttack","floor":12},{"not_picked":["sneckomod:QuickBite","sneckomod:CheapStock"],"picked":"sneckomod:UnknownClassHEXA_GHOST_PURPLE","floor":13},{"not_picked":["sneckomod:QuickBite","sneckomod:UnknownExhaust"],"picked":"sneckomod:RainOfDice","floor":14},{"not_picked":["sneckomod:UnknownClassPURPLE","sneckomod:SoulDraw"],"picked":"sneckomod:IronFang","floor":15}],"player_experience":248070,"relics_obtained":[{"floor":7,"key":"Bag of Marbles"}],"event_choices":[],"is_beta":false,"boss_relics":[],"items_purged_floors":[],"is_endless":false,"potions_floor_spawned":[3,4,5,10,11,12],"killed_by":"WA_ARCHETYPE_RETAIN","ascension_level":0}}