{"host":"h49usdrjeju7gyhi","time":1614397069,"event":{"mods":["BaseMod","Bestiary","Colored Map","Minty Spire (QoL Compilation)","StSLib","The Animator"],"gold_per_floor":[140,140,65,78,90,125,125,135,135,150,150,161,161,181,181,181,181],"floor_reached":16,"language":"ENG","playtime":962,"items_purged":["Pain"],"score":212,"play_id":"6b3a2eb2-83b0-4803-8843-246937b0c2cb","local_time":"20210226223749","is_ascension_mode":true,"campfire_choices":[{"floor":7,"key":"REST"},{"data":"animator:Saitama","floor":13,"key":"SMITH"},{"data":"animator:Pride","floor":15,"key":"SMITH"}],"circlet_count":0,"master_deck":["AscendersBane","animator:Strike_FullmetalAlchemist","animator:Defend_FullmetalAlchemist","animator:Strike","animator:Strike","animator:Strike","animator:Defend","animator:Defend","animator:Defend","animator:ElricEdward","animator:ElricAlphonse","animator:Curse_Nutcracker","animator:Saitama+1","animator:Pride+1","animator:Tet","animator:Tet","animator:DolaRiku+1","animator:Pride","animator:Pride+1"],"relics":["animator:LivingPicture","animator:TheMissingPiece","animator:PurgingStone","WarpedTongs","War Paint","animator:HallowedScabbard"],"acts_visited":["Exordium"],"potions_floor_usage":[6,11,12],"damage_taken":[{"damage":2,"enemies":"Cultist","floor":1,"turns":5},{"damage":0,"enemies":"Small Slimes","floor":4,"turns":4},{"damage":0,"enemies":"2 Louse","floor":5,"turns":3},{"damage":16,"enemies":"Lagavulin","floor":6,"turns":9},{"damage":8,"enemies":"Looter","floor":8,"turns":4},{"damage":3,"enemies":"Blue Slaver","floor":10,"turns":6},{"damage":0,"enemies":"Red Slaver","floor":11,"turns":1},{"damage":15,"enemies":"Gremlin Gang","floor":12,"turns":6},{"damage":11,"enemies":"3 Louse","floor":14,"turns":3},{"damage":31,"enemies":"Hexaghost","floor":16,"turns":9}],"seed_played":"-4686675547595810863","potions_obtained":[{"floor":5,"key":"Block Potion"},{"floor":6,"key":"SmokeBomb"},{"floor":8,"key":"Energy Potion"}],"is_trial":false,"path_per_floor":["M","?","$","M","M","E","R","M","T","M","M","M","R","M","R","B"],"character_chosen":"THE_ANIMATOR","items_purchased":[],"campfire_rested":1,"item_purchase_floors":[],"current_hp_per_floor":[52,52,52,52,52,36,54,46,46,43,43,37,37,26,26,0,0],"gold":181,"neow_bonus":"THREE_RARE_CARDS","is_daily":false,"chose_seed":false,"campfire_upgraded":2,"win_rate":0.0,"timestamp":1614397069,"path_taken":["M","?","$","M","?","E","R","M","T","?","M","M","R","M","R","BOSS"],"items_purchased_type":[],"build_version":"2020-12-22","purchased_purges":1,"victory":false,"max_hp_per_floor":[60,60,60,60,60,60,60,60,60,60,60,60,60,60,60,60,60],"card_choices":[{"not_picked":["animator:Eris","animator:Sora"],"picked":"animator:Saitama","floor":0},{"not_picked":["animator:SilverFang","animator:Chung"],"picked":"animator:Pride","floor":1},{"not_picked":["animator:Berserker","animator:Emonzaemon"],"picked":"animator:Tet","floor":4},{"not_picked":["animator:Nanami","animator:Demiurge"],"picked":"animator:Tet","floor":5},{"not_picked":["animator:Tet","animator:ChlammyZell"],"picked":"animator:DolaRiku","floor":6},{"not_picked":["animator:Caster","animator:Pride","animator:SakuraMatou"],"picked":"SKIP","floor":8},{"not_picked":["animator:UneriGinkaku","animator:Mitsurugi"],"picked":"animator:Pride","floor":10},{"not_picked":["animator:Scar","animator:Sloth"],"picked":"animator:Pride","floor":12},{"not_picked":["animator:Shuna","animator:MumenRider","animator:Tet"],"picked":"SKIP","floor":14}],"player_experience":1622898,"relics_obtained":[{"floor":6,"key":"War Paint"},{"floor":9,"key":"animator:HallowedScabbard"}],"event_choices":[{"damage_healed":0,"gold_gain":0,"player_choice":"Rummage","damage_taken":0,"relics_obtained":["WarpedTongs"],"max_hp_gain":0,"max_hp_loss":0,"event_name":"Accursed Blacksmith","floor":2,"gold_loss":0,"cards_obtained":["Pain"]}],"is_beta":false,"boss_relics":[],"items_purged_floors":[3],"is_endless":false,"potions_floor_spawned":[5,6,8,10,11],"killed_by":"Hexaghost","ascension_level":20}}