{"host":"22njw49i2r7r2wa8","time":1614416142,"event":{"mods":["2.2 Compatiblity","BaseMod","Colored Map","Minty Spire (QoL Compilation)"],"gold_per_floor":[112,130,141,216,233,233,260,260,260,260,271,299,299,324,324,424,424,435,448,474,156,172,197,210,235,235,235,253,253,287,487,487,591,591,608,627,637,235,110,110,136,147,224,0,28,54,97,129,141,153,165,177,34,67,67,67],"floor_reached":55,"language":"ENG","playtime":5373,"items_purged":["Defend_R","Writhe","Strike_R"],"score":1214,"play_id":"98fc2230-a5a6-4919-9d4b-886c0ae4ccc9","local_time":"20210227005542","is_ascension_mode":true,"campfire_choices":[{"data":"Armaments","floor":6,"key":"SMITH"},{"floor":8,"key":"REST"},{"data":"Metallicize","floor":15,"key":"SMITH"},{"data":"Bash","floor":29,"key":"SMITH"},{"data":"Bash","floor":32,"key":"SMITH"},{"floor":40,"key":"RECALL"},{"floor":49,"key":"REST"},{"floor":52,"key":"REST"}],"circlet_count":0,"master_deck":["Strike_R","Strike_R+1","Strike_R","Strike_R","Defend_R","Defend_R","Defend_R","Bash+1","Armaments+1","Metallicize+1","Twin Strike","Pummel+1","Twin Strike","Spot Weakness","Rampage","Bash+1","Juggernaut+1","Clothesline+1","Heavy Blade+1","Demon Form+1","Corruption+1","Shrug It Off+1","Armaments+1","Double Tap","Heavy Blade+1"],"relics":["Burning Blood","Meat on the Bone","Frozen Egg 2","Boot","Calipers","Snecko Eye","StrikeDummy","FossilizedHelix","Mercury Hourglass","PreservedInsect","Gremlin Horn","Charon\u0027s Ashes","Fusion Hammer","Akabeko","Whetstone","Happy Flower","Pear","Red Mask","MawBank","Paper Frog","Strange Spoon","Pen Nib"],"acts_visited":["Exordium","TheCity","TheBeyond","TheEnding"],"potions_floor_usage":[7,14,14,14,22,23,24,35,47,48,50,55],"damage_taken":[{"damage":1,"enemies":"Small Slimes","floor":1,"turns":4},{"damage":2,"enemies":"Jaw Worm","floor":2,"turns":5},{"damage":11,"enemies":"Cultist","floor":3,"turns":4},{"damage":8,"enemies":"3 Louse","floor":5,"turns":4},{"damage":38,"enemies":"Gremlin Nob","floor":7,"turns":5},{"damage":27,"enemies":"Gremlin Gang","floor":11,"turns":5},{"damage":26,"enemies":"Lagavulin","floor":12,"turns":6},{"damage":8,"enemies":"Gremlin Nob","floor":14,"turns":4},{"damage":21,"enemies":"Hexaghost","floor":16,"turns":9},{"damage":0,"enemies":"Chosen","floor":18,"turns":3},{"damage":8,"enemies":"3 Byrds","floor":19,"turns":4},{"damage":0,"enemies":"Snecko","floor":22,"turns":2},{"damage":40,"enemies":"Gremlin Leader","floor":23,"turns":7},{"damage":14,"enemies":"Snake Plant","floor":24,"turns":3},{"damage":32,"enemies":"Slavers","floor":25,"turns":4},{"damage":4,"enemies":"Cultist and Chosen","floor":28,"turns":4},{"damage":15,"enemies":"Book of Stabbing","floor":30,"turns":3},{"damage":38,"enemies":"Collector","floor":33,"turns":6},{"damage":0,"enemies":"Orb Walker","floor":35,"turns":2},{"damage":3,"enemies":"3 Shapes","floor":36,"turns":2},{"damage":0,"enemies":"Transient","floor":37,"turns":5},{"damage":0,"enemies":"Reptomancer","floor":41,"turns":3},{"damage":5,"enemies":"Maw","floor":42,"turns":5},{"damage":0,"enemies":"Giant Head","floor":45,"turns":5},{"damage":0,"enemies":"Sphere and 2 Shapes","floor":46,"turns":2},{"damage":16,"enemies":"Reptomancer","floor":47,"turns":3},{"damage":0,"enemies":"4 Shapes","floor":48,"turns":2},{"damage":101,"enemies":"Donu and Deca","floor":50,"turns":7},{"damage":35,"enemies":"Shield and Spear","floor":54,"turns":4},{"damage":86,"enemies":"The Heart","floor":55,"turns":3}],"seed_played":"147657402756369305","potions_obtained":[{"floor":3,"key":"EssenceOfSteel"},{"floor":13,"key":"Block Potion"},{"floor":13,"key":"Regen Potion"},{"floor":13,"key":"HeartOfIron"},{"floor":14,"key":"PowerPotion"},{"floor":16,"key":"Fire Potion"},{"floor":19,"key":"BloodPotion"},{"floor":23,"key":"Block Potion"},{"floor":33,"key":"Energy Potion"},{"floor":35,"key":"Fruit Juice"},{"floor":37,"key":"Regen Potion"},{"floor":47,"key":"PowerPotion"}],"is_trial":false,"path_per_floor":["M","M","M","?","M","R","E","R","T","?","M","E","?","E","R","B",null,"M","M","T","$","M","E","M","E","T","?","M","R","E","?","R","B",null,"M","M","M","$","$","R","E","M","T","?","E","M","E","M","R","B",null,"R","$","E","B"],"character_chosen":"IRONCLAD","items_purchased":["StrikeDummy","Akabeko","Whetstone","Strange Spoon"],"campfire_rested":3,"item_purchase_floors":[21,38,38,53],"current_hp_per_floor":[77,80,75,64,62,62,30,54,54,54,45,37,37,47,47,44,71,77,75,75,75,80,58,50,36,36,36,50,50,53,53,53,33,68,79,82,85,85,85,85,85,85,95,95,95,95,85,91,95,27,78,95,95,66,0,0],"gold":67,"neow_bonus":"THREE_CARDS","is_daily":false,"chose_seed":false,"campfire_upgraded":4,"win_rate":0.0,"timestamp":1614416142,"path_taken":["M","M","M","?","M","R","E","R","T","?","?","E","?","E","R","BOSS","M","?","?","$","M","E","M","E","T","?","M","R","E","?","R","BOSS","M","M","M","?","$","R","E","M","T","?","E","M","E","M","R","BOSS","R","$","E","BOSS"],"items_purchased_type":["Relic","Relic","Relic","Relic"],"build_version":"2020-12-22","purchased_purges":3,"victory":false,"max_hp_per_floor":[80,80,80,80,80,80,80,80,80,80,80,80,80,80,80,80,80,80,80,80,80,80,80,80,80,80,80,80,80,80,80,80,80,80,85,85,85,85,85,85,85,85,95,95,95,95,95,95,95,95,95,95,95,95,95,95],"card_choices":[{"not_picked":["Dual Wield","Shrug It Off"],"picked":"Armaments","floor":0},{"not_picked":["Cleave","Wild Strike"],"picked":"Metallicize","floor":1},{"not_picked":["Armaments","Clash"],"picked":"Twin Strike","floor":2},{"not_picked":["Body Slam","Iron Wave"],"picked":"Pummel","floor":3},{"not_picked":["Sentinel","Hemokinesis"],"picked":"Twin Strike","floor":5},{"not_picked":["Havoc","Clothesline"],"picked":"Spot Weakness","floor":7},{"not_picked":["Sword Boomerang","Anger","Body Slam"],"picked":"SKIP","floor":11},{"not_picked":["Clash","Warcry","Wild Strike"],"picked":"SKIP","floor":12},{"not_picked":["Combust+1","Intimidate","Sentinel"],"picked":"SKIP","floor":14},{"not_picked":["Reaper","Corruption+1"],"picked":"Juggernaut+1","floor":16},{"not_picked":["Searing Blow","Havoc+1"],"picked":"Clothesline+1","floor":18},{"not_picked":["True Grit","Armaments+1"],"picked":"Heavy Blade+1","floor":19},{"not_picked":["True Grit","Twin Strike+1","Wild Strike+1"],"picked":"SKIP","floor":22},{"not_picked":["True Grit","Twin Strike+1","Wild Strike+1"],"picked":"SKIP","floor":22},{"not_picked":["Dark Embrace+1","Exhume"],"picked":"Demon Form+1","floor":23},{"not_picked":["Shockwave+1","Sentinel","Headbutt"],"picked":"SKIP","floor":24},{"not_picked":["Flex","Shockwave","Whirlwind"],"picked":"SKIP","floor":25},{"not_picked":["Twin Strike","Blood for Blood","Anger"],"picked":"SKIP","floor":28},{"not_picked":["Iron Wave+1","Wild Strike+1","Shrug It Off+1"],"picked":"SKIP","floor":30},{"not_picked":["Exhume","Impervious"],"picked":"Corruption+1","floor":33},{"not_picked":["Havoc","Clash"],"picked":"Shrug It Off+1","floor":35},{"not_picked":["Wild Strike","Sword Boomerang+1"],"picked":"Armaments+1","floor":36},{"not_picked":["Wild Strike","Pommel Strike+1","Infernal Blade+1"],"picked":"SKIP","floor":37},{"not_picked":["Flex+1","Iron Wave+1"],"picked":"Double Tap","floor":41},{"not_picked":["Flame Barrier+1","Anger","Pommel Strike"],"picked":"SKIP","floor":42},{"not_picked":["Flame Barrier+1","Anger","Pommel Strike"],"picked":"SKIP","floor":42},{"not_picked":["Sever Soul+1","Power Through+1","Havoc+1"],"picked":"SKIP","floor":45},{"not_picked":["Corruption+1","Iron Wave"],"picked":"Heavy Blade+1","floor":46},{"not_picked":["Clash+1","Perfected Strike+1","True Grit+1"],"picked":"SKIP","floor":47},{"not_picked":["Warcry+1","Infernal Blade+1","Armaments"],"picked":"SKIP","floor":48},{"not_picked":["Flex","Burning Pact","Headbutt+1"],"picked":"SKIP","floor":54}],"player_experience":548738,"relics_obtained":[{"floor":7,"key":"Meat on the Bone"},{"floor":9,"key":"Frozen Egg 2"},{"floor":12,"key":"Boot"},{"floor":14,"key":"Calipers"},{"floor":23,"key":"FossilizedHelix"},{"floor":25,"key":"Mercury Hourglass"},{"floor":26,"key":"PreservedInsect"},{"floor":30,"key":"Charon\u0027s Ashes"},{"floor":41,"key":"Happy Flower"},{"floor":43,"key":"Pear"},{"floor":45,"key":"MawBank"},{"floor":47,"key":"Paper Frog"},{"floor":54,"key":"Pen Nib"}],"event_choices":[{"damage_healed":0,"gold_gain":75,"player_choice":"Gather Gold","damage_taken":11,"max_hp_gain":0,"max_hp_loss":0,"event_name":"World of Goop","floor":4,"gold_loss":0},{"damage_healed":0,"gold_gain":0,"player_choice":"2 cards matched","damage_taken":0,"max_hp_gain":0,"max_hp_loss":0,"event_name":"Match and Keep!","floor":10,"gold_loss":0,"cards_obtained":["Rampage","Bash"]},{"damage_healed":0,"gold_gain":0,"player_choice":"Got Potions","damage_taken":0,"max_hp_gain":0,"max_hp_loss":0,"event_name":"Lab","floor":13,"gold_loss":0},{"damage_healed":0,"gold_gain":0,"player_choice":"Opened","damage_taken":0,"relics_obtained":["Gremlin Horn"],"max_hp_gain":0,"max_hp_loss":0,"event_name":"The Mausoleum","floor":27,"gold_loss":0,"cards_obtained":["Writhe"]},{"damage_healed":0,"gold_gain":200,"player_choice":"Gold","damage_taken":0,"max_hp_gain":0,"max_hp_loss":0,"event_name":"Wheel of Change","floor":31,"gold_loss":0},{"damage_healed":0,"gold_gain":0,"player_choice":"Paid","damage_taken":0,"relics_obtained":["Red Mask"],"max_hp_gain":0,"max_hp_loss":0,"event_name":"Tomb of Lord Red Mask","floor":44,"gold_loss":224}],"is_beta":false,"boss_relics":[{"not_picked":["Black Star","Velvet Choker"],"picked":"Snecko Eye"},{"not_picked":["Cursed Key","Runic Cube"],"picked":"Fusion Hammer"}],"items_purged_floors":[21,38,39],"is_endless":false,"potions_floor_spawned":[3,14,16,19,23,33,35,37,47],"killed_by":"The Heart","ascension_level":7}}