{"host":"y4fuci1jk2rsxnep","time":1614413770,"event":{"mods":["AchievementEnabler","BaseMod","Colored Powertips","Custom Start","Defuse TimeMaze Blight","Dio Mod","Downfall","Hermit","Hero for Fun","Hubris","Hunter ??","Infinite Spire","Minty Spire (QoL Compilation)","Quick Restart","Reliquary","Remove Card Discount Mod","Replay The Spire","StSLib","The Blackbeard","The Bug Knight","The Mystic","The Runesmith"],"gold_per_floor":[14,14,26,20,34,34,69,84,111,123,141,135,161,173,173,269,269,282,294,294,294,294,324,324,355,355,385,385,412,512,526,526,624,624,639,639,689,689,716,744,760,789,789,789,816,828,828,843,843,843,843,843,600,626,626],"floor_reached":56,"language":"ENG","playtime":965,"items_purged":["Defend_Y","Defend_Y","Strike_Y","Strike_Y","Strike_Y","Strike_Y","Hop+1","Strike_Y+2"],"score":1896,"play_id":"d71eec74-c6ba-4fa9-930e-9b37f00a03f5","local_time":"20210227091610","is_ascension_mode":true,"campfire_choices":[{"floor":6,"key":"RECALL"},{"data":"Slap","floor":15,"key":"SMITH"},{"data":"Slap","floor":24,"key":"SMITH"},{"data":"Slap","floor":28,"key":"SMITH"},{"data":"Slap","floor":32,"key":"SMITH"},{"data":"Slap","floor":44,"key":"SMITH"},{"data":"Serious_Punch","floor":47,"key":"SMITH"},{"data":"Serious_Punch","floor":49,"key":"SMITH"},{"data":"Strike_Y","floor":52,"key":"SMITH"}],"circlet_count":0,"master_deck":["Slap+1","Slap+1","Slap+1","Slap+1","Slap+1","Serious_Punch+1","Slap+1","Slap+1","Serious_Punch+1","Slap+1","Slap+1"],"relics":["Replay:Drink Me","Replay:Rubber Ducky","Tiny Chest","reliquary:Ember","hubris:Icosahedron","reliquary:BoilingFlask","Anchor","hubris:MysteriousPyramids","Calipers","Simple Rune","Pocketwatch","infinitespire:Cupcake","hubris:Towel","Bag of Preparation","Orichalcum","Replay:Mystery Machine","BranchBurnRelic","infinitespire:Lucky Rock","Replay:WaspNest","Blue Candle"],"acts_visited":["Exordium","TheCity","TheBeyond","TheEnding"],"potions_floor_usage":[],"damage_taken":[{"damage":0,"enemies":"Small Slimes","floor":1,"turns":1},{"damage":0,"enemies":"Cultist","floor":3,"turns":1},{"damage":0,"enemies":"2 Louse","floor":5,"turns":1},{"damage":0,"enemies":"Lagavulin","floor":7,"turns":1},{"damage":0,"enemies":"Looter","floor":8,"turns":1},{"damage":0,"enemies":"2 Fungi Beasts","floor":10,"turns":1},{"damage":0,"enemies":"Large Slime","floor":11,"turns":1},{"damage":0,"enemies":"3 Sentries","floor":13,"turns":1},{"damage":0,"enemies":"Blue Slaver","floor":14,"turns":1},{"damage":0,"enemies":"Hexaghost","floor":16,"turns":1},{"damage":0,"enemies":"Shell Parasite","floor":18,"turns":1},{"damage":0,"enemies":"3 Byrds","floor":19,"turns":1},{"damage":0,"enemies":"Slavers","floor":23,"turns":1},{"damage":0,"enemies":"Book of Stabbing","floor":25,"turns":1},{"damage":0,"enemies":"Slavers","floor":27,"turns":1},{"damage":0,"enemies":"Colosseum Slavers","floor":30,"turns":1},{"damage":0,"enemies":"Colosseum Nobs","floor":30,"turns":1},{"damage":0,"enemies":"3 Cultists","floor":31,"turns":1},{"damage":0,"enemies":"Collector","floor":33,"turns":1},{"damage":0,"enemies":"3 Shapes","floor":35,"turns":1},{"damage":0,"enemies":"Mind Bloom Boss Battle","floor":37,"turns":1},{"damage":0,"enemies":"Giant Head","floor":40,"turns":1},{"damage":0,"enemies":"Orb Walker","floor":41,"turns":1},{"damage":0,"enemies":"Reptomancer","floor":42,"turns":1},{"damage":0,"enemies":"Giant Head","floor":45,"turns":1},{"damage":0,"enemies":"Transient","floor":46,"turns":1},{"damage":0,"enemies":"Sphere and 2 Shapes","floor":48,"turns":1},{"damage":0,"enemies":"hubris:GrandSnecko","floor":50,"turns":1},{"damage":0,"enemies":"Shield and Spear","floor":54,"turns":1},{"damage":0,"enemies":"The Heart","floor":55,"turns":3}],"seed_played":"-3983212563240045219","potions_obtained":[{"floor":5,"key":"Energy Potion"},{"floor":7,"key":"Dexterity Potion"},{"floor":10,"key":"Reflective Coating"}],"is_trial":false,"path_per_floor":["M","?","M","$","M","R","E","M","T","M","M","$","E","M","R","B",null,"M","M","?","?","?","E","R","E","T","E","R","T","?","M","R","B",null,"M","AVR","?","?","T","E","M","E","T","R","E","M","R","M","R","B",null,"R","$","E","B",null],"character_chosen":"OPM","items_purchased":["Replay:WaspNest"],"campfire_rested":0,"item_purchase_floors":[53],"current_hp_per_floor":[750,750,750,750,750,750,750,750,750,750,750,750,750,750,750,750,750,750,750,750,750,750,750,750,750,750,750,750,750,750,750,750,750,750,750,750,750,750,750,750,750,750,750,750,750,750,750,750,750,750,750,750,750,750,750],"gold":626,"neow_bonus":"BOSS_RELIC","is_daily":false,"chose_seed":false,"campfire_upgraded":8,"win_rate":0.0,"timestamp":1614413770,"path_taken":["M","?","M","?","M","R","E","M","T","M","M","$","E","M","R","BOSS","M","M","?","?","?","E","R","E","T","E","R","?","?","M","R","BOSS","M","AVR","?","?","?","E","?","E","T","R","E","M","R","M","R","BOSS","R","$","E","BOSS"],"items_purchased_type":["Relic"],"build_version":"2020-12-22","purchased_purges":8,"victory":true,"max_hp_per_floor":[750,750,750,750,750,750,750,750,750,750,750,750,750,750,750,750,750,750,750,750,750,750,750,750,750,750,750,750,750,750,750,750,750,750,750,750,750,750,750,750,750,750,750,750,750,750,750,750,750,750,750,750,750,750,750],"card_choices":[{"not_picked":["Ignore","Side_Hop"],"picked":"Slap","floor":1},{"not_picked":["Yawn","Do_Nothing","Side_Hop"],"picked":"SKIP","floor":3},{"not_picked":["Normal_Punch","Consecutive_Normal_Punch","Wear_Disguise"],"picked":"SKIP","floor":5},{"not_picked":["Wear_Disguise","Do_Nothing"],"picked":"Slap","floor":7},{"not_picked":["Consecutive_Normal_Punch","Hop","Ignore"],"picked":"SKIP","floor":8},{"not_picked":["Wear_Disguise","Consecutive_Normal_Punch"],"picked":"Slap","floor":10},{"not_picked":["Hop","Side_Hop"],"picked":"Slap","floor":11},{"not_picked":["Normal_Punch","Consecutive_Normal_Punch"],"picked":"Slap","floor":13},{"not_picked":["Ignore","Wear_Disguise","Normal_Punch"],"picked":"SKIP","floor":14},{"not_picked":["Hip_Strike","Get_Hopes_Up"],"picked":"Serious_Punch","floor":16},{"not_picked":["Yawn","Ignore","Consecutive_Normal_Punch+1"],"picked":"SKIP","floor":18},{"not_picked":["Ignore","Slap","Do_Nothing+1"],"picked":"SKIP","floor":19},{"not_picked":["Toss_Stone","Yawn"],"picked":"Slap+1","floor":23},{"not_picked":["Side_Hop","Normal_Punch"],"picked":"Slap","floor":25},{"not_picked":["Normal_Punch","Yawn","Consecutive_Normal_Punch"],"picked":"SKIP","floor":27},{"not_picked":["Consecutive_Normal_Punch","Slap"],"picked":"Serious_Punch","floor":30},{"not_picked":["Ignore+1","Wear_Disguise","Yawn"],"picked":"SKIP","floor":31},{"not_picked":["Wear_Disguise","Side_Hop+1"],"picked":"Hop+1","floor":35},{"not_picked":["Side_Hop","Yawn+1"],"picked":"Slap+1","floor":37},{"not_picked":["Terrifying_Presence","Ignore+1","Consecutive_Normal_Punch"],"picked":"SKIP","floor":40},{"not_picked":["Yawn","Consecutive_Normal_Punch","Ignore+1"],"picked":"SKIP","floor":41},{"not_picked":["Serious_Side_Hops","Ignore","Yawn"],"picked":"SKIP","floor":42},{"not_picked":["Hip_Strike","Normal_Punch+1","Toss_Stone+1"],"picked":"SKIP","floor":45},{"not_picked":["Ignore+1","Hop+1","Serious_Side_Hops"],"picked":"SKIP","floor":46},{"not_picked":["Do_Nothing","Ignore","Yawn"],"picked":"SKIP","floor":48},{"not_picked":["Side_Hop","Consecutive_Normal_Punch+1"],"picked":"Slap+1","floor":54}],"player_experience":736457,"relics_obtained":[{"floor":7,"key":"Replay:Rubber Ducky"},{"floor":13,"key":"Tiny Chest"},{"floor":23,"key":"reliquary:BoilingFlask"},{"floor":25,"key":"Anchor"},{"floor":26,"key":"hubris:MysteriousPyramids"},{"floor":27,"key":"Calipers"},{"floor":29,"key":"Simple Rune"},{"floor":30,"key":"Pocketwatch"},{"floor":37,"key":"Dead Branch"},{"floor":39,"key":"Bag of Preparation"},{"floor":40,"key":"Orichalcum"},{"floor":43,"key":"Replay:Mystery Machine"},{"floor":45,"key":"infinitespire:Lucky Rock"},{"floor":54,"key":"Blue Candle"}],"event_choices":[{"damage_healed":0,"gold_gain":0,"player_choice":"Upgraded","damage_taken":0,"max_hp_gain":0,"max_hp_loss":0,"event_name":"Upgrade Shrine","floor":2,"gold_loss":0,"cards_upgraded":["Slap"]},{"damage_healed":0,"gold_gain":0,"player_choice":"Ignored","damage_taken":0,"max_hp_gain":0,"max_hp_loss":0,"event_name":"Ghosts","floor":21,"gold_loss":0},{"damage_healed":0,"gold_gain":0,"player_choice":"Fight","damage_taken":0,"max_hp_gain":0,"max_hp_loss":0,"event_name":"Colosseum","floor":30,"gold_loss":0},{"damage_healed":0,"gold_gain":0,"player_choice":"Fought Nobs","damage_taken":0,"max_hp_gain":0,"max_hp_loss":0,"event_name":"Colosseum","floor":30,"gold_loss":0},{"damage_healed":0,"gold_gain":0,"player_choice":"Fight","damage_taken":0,"max_hp_gain":0,"max_hp_loss":0,"event_name":"MindBloom","floor":37,"gold_loss":0}],"is_beta":false,"boss_relics":[{"not_picked":["Empty Cage","hubris:HollowSoul"],"picked":"reliquary:Ember"},{"not_picked":["hubris:CrackedHourglass","ReplayTheSpireMod:DimensionalGlitch"],"picked":"infinitespire:Cupcake"}],"items_purged_floors":[4,4,4,12,12,12,53,53],"is_endless":false,"potions_floor_spawned":[5,7,10,11,14,18,19,23,27,40,45,46,54],"ascension_level":2}}