{"host":"jgl9m63d23sfproq","time":1614419959,"event":{"mods":["AchievementEnabler","Act Like it!","Aspiration","Bard","BaseMod","Bossed Relics","Colored Map","Colored Powertips","Conspire","Dark Map","DeckTracker","Downfall","Friendly Minions","Gensokyo","Jedi Mod","Marisa¡]Ãú«B¡@Å]²z¨F¡^","Minty Spire (QoL Compilation)","Quick Restart","READ ME - Guardian Mod","Relic Stats","Reliquary","Replay The Spire","Shop Mod","Smile Girya","StSLib","The Blackbeard","The Construct","The Jungle","The Mystic","The Runesmith","The Servant 0.9.4","Wide Potions","Yuyuko","[IsaacMod]¥H¼»¦y¶ð"],"gold_per_floor":[111,127,166,166,200,227,227,182,209,209,225,225,225,244,244,345,345,361,361,371,46,60,60,86,86,86,86,86,86,11,21,121,137,137,137,137],"floor_reached":35,"language":"ZHS","playtime":919,"items_purged":["Injury"],"score":273,"play_id":"d48a6da9-5b2c-4cfb-b2ec-95b305c7c485","local_time":"20210227175919","is_ascension_mode":false,"campfire_choices":[{"data":"EpicFetus","floor":7,"key":"SMITH"},{"data":"Accuracy","floor":10,"key":"SMITH"},{"floor":13,"key":"RECALL"},{"floor":15,"key":"REST"},{"floor":23,"key":"REST"},{"floor":25,"key":"REST"},{"floor":34,"key":"REST"}],"circlet_count":0,"master_deck":["Strike_G","Strike_G","Strike_G","Strike_G","Strike_G","Defend_G","Defend_G","Defend_G","Defend_G","Defend_G","Survivor","Neutralize","EpicFetus+1","Accuracy+1","ReplayTheSpireMod:Speed Training+1","Backstab","conspire:DoublingDagger","Blade Dance","Blade Dance","Cloak And Dagger","Adrenaline+1","Blade Dance","Infinite Blades+1","ReplayTheSpireMod:Speed Training","jedi:collectorvenom","Slice+1"],"relics":["Ring of the Snake","HushsDoor","KeepersGift","NeowsBlessing","MoneyPower","Potion Belt","Blue Doll","Frozen Egg 2","reliquary:RedCape","aspiration:RitualStick","HowToJump","Guide Book","BlankCard","aspiration:Lifesprig","PunchingBag","aspiration:HummingbirdHeart"],"acts_visited":["Exordium","TheCity"],"potions_floor_usage":[22,22,22,24,24,32,32,33],"damage_taken":[{"damage":0,"enemies":"Small Slimes","floor":1,"turns":1},{"damage":0,"enemies":"Jaw Worm","floor":2,"turns":1},{"damage":0,"enemies":"conspire:MimicChest","floor":5,"turns":1},{"damage":27,"enemies":"3 Sentries","floor":6,"turns":5},{"damage":0,"enemies":"Cultist","floor":11,"turns":3},{"damage":10,"enemies":"Looter","floor":14,"turns":2},{"damage":3,"enemies":"Slime Boss","floor":16,"turns":5},{"damage":4,"enemies":"3 Byrds","floor":18,"turns":3},{"damage":0,"enemies":"Spheric Guardian","floor":20,"turns":3},{"damage":5,"enemies":"Snake Plant","floor":22,"turns":2},{"damage":43,"enemies":"Gremlin Leader","floor":24,"turns":5},{"damage":17,"enemies":"Centurion and Healer","floor":31,"turns":3},{"damage":26,"enemies":"Colosseum Slavers","floor":32,"turns":3},{"damage":4,"enemies":"Colosseum Nobs","floor":32,"turns":3},{"damage":0,"enemies":"conspire:HollyBat","floor":33,"turns":6},{"damage":70,"enemies":"Automaton","floor":35,"turns":6}],"seed_played":"-754860791939569118","potions_obtained":[{"floor":6,"key":"Fire Potion"},{"floor":11,"key":"Weak Potion"},{"floor":14,"key":"Fire Potion"},{"floor":16,"key":"bronze:BurnAndBuffPotion"},{"floor":20,"key":"BlessingOfTheForge"},{"floor":22,"key":"PowerPotion"},{"floor":31,"key":"Strength Potion"},{"floor":32,"key":"BlessingOfTheForge"}],"is_trial":false,"path_per_floor":["M","M","?","?","?","E","R","$","T","R","M","?","R","M","R","B",null,"M","?","M","$","M","R","E","R","PTL","PTL","T","?","$","M","?","M","R","B"],"character_chosen":"THE_SILENT","items_purchased":["Blade Dance","Infinite Blades+1","HowToJump","Guide Book"],"campfire_rested":4,"item_purchase_floors":[8,21,21,21],"current_hp_per_floor":[70,70,70,75,75,48,48,48,48,48,48,48,48,38,60,57,75,71,56,56,56,51,73,30,52,52,52,52,52,52,35,5,5,27,0,0],"gold":137,"neow_bonus":"THREE_ENEMY_KILL","is_daily":false,"chose_seed":false,"campfire_upgraded":2,"win_rate":0.0,"timestamp":1614419959,"path_taken":["M","M","?","?","?","E","R","$","T","R","M","?","R","M","R","BOSS","M","?","M","$","M","R","E","R","PTL","PTL","T","?","$","M","?","M","R","BOSS"],"items_purchased_type":["Card","Card","Relic","Relic"],"build_version":"2020-12-22","purchased_purges":1,"victory":false,"max_hp_per_floor":[70,70,70,75,75,75,75,75,75,75,75,75,75,75,75,75,75,75,75,75,75,75,75,75,75,75,75,75,75,75,75,75,75,75,75,75],"relic_stats":{"counters":[16,52],"obtain_stats":[{"KeepersGift":0,"Potion Belt":5,"aspiration:Lifesprig":29,"PunchingBag":32,"NeowsBlessing":0,"HowToJump":21,"Guide Book":21,"Blue Doll":9,"MoneyPower":3,"aspiration:HummingbirdHeart":32,"Frozen Egg 2":12,"reliquary:RedCape":17,"aspiration:RitualStick":19,"BlankCard":24,"HushsDoor":0,"Ring of the Snake":0},{"KeepersGift":0,"Potion Belt":3,"aspiration:Lifesprig":11,"PunchingBag":14,"NeowsBlessing":0,"HowToJump":9,"Guide Book":9,"Blue Doll":4,"MoneyPower":2,"aspiration:HummingbirdHeart":14,"Frozen Egg 2":5,"reliquary:RedCape":7,"aspiration:RitualStick":8,"BlankCard":11,"HushsDoor":0,"Ring of the Snake":0},{"KeepersGift":0,"Potion Belt":3,"aspiration:Lifesprig":31,"PunchingBag":40,"NeowsBlessing":0,"HowToJump":24,"Guide Book":24,"Blue Doll":8,"MoneyPower":2,"aspiration:HummingbirdHeart":40,"Frozen Egg 2":11,"reliquary:RedCape":18,"aspiration:RitualStick":21,"BlankCard":31,"HushsDoor":0,"Ring of the Snake":0}],"aspiration:RitualStick":[0],"Ring of the Snake":[32]},"card_choices":[{"not_picked":[],"picked":"EpicFetus","floor":0},{"not_picked":["jedi:poisonivy","Cloak And Dagger"],"picked":"Accuracy","floor":1},{"not_picked":["Deflect","Phantasmal Killer"],"picked":"ReplayTheSpireMod:Speed Training","floor":2},{"not_picked":["Toxin Wave","Slice"],"picked":"Backstab","floor":3},{"not_picked":["Eviscerate","Finisher"],"picked":"conspire:DoublingDagger","floor":5},{"not_picked":["conspire:PoisonWeapons","jedi:acidrain"],"picked":"Blade Dance","floor":6},{"not_picked":["Slice","Dagger Spray"],"picked":"Cloak And Dagger","floor":11},{"not_picked":["Deflect","ReplayTheSpireMod:Necrosis","Bane"],"picked":"SKIP","floor":14},{"not_picked":["Malaise","Grand Finale"],"picked":"Adrenaline","floor":16},{"not_picked":["jedi:collectorvenom","Dodge and Roll+1"],"picked":"Blade Dance","floor":18},{"not_picked":["Replay:Poison Smokescreen+1","Outmaneuver","jedi:acidrain+1"],"picked":"SKIP","floor":20},{"not_picked":["Dodge and Roll+1","Bouncing Flask"],"picked":"ReplayTheSpireMod:Speed Training","floor":22},{"not_picked":["Calculated Gamble","PiercingWail"],"picked":"jedi:collectorvenom","floor":24},{"not_picked":["Quick Slash","Backflip"],"picked":"jedi:collectorvenom","floor":31},{"not_picked":["Prepared+1","Acrobatics"],"picked":"Slice+1","floor":32},{"not_picked":["Slice+1","Bouncing Flask+1"],"picked":"jedi:collectorvenom","floor":33}],"player_experience":13466,"relics_obtained":[{"floor":3,"key":"MoneyPower"},{"floor":5,"key":"Potion Belt"},{"floor":9,"key":"Blue Doll"},{"floor":24,"key":"BlankCard"},{"floor":32,"key":"PunchingBag"},{"floor":32,"key":"aspiration:HummingbirdHeart"}],"event_choices":[{"damage_healed":0,"gold_gain":0,"player_choice":"Donut","damage_taken":0,"max_hp_gain":5,"max_hp_loss":0,"event_name":"Big Fish","floor":4,"gold_loss":0},{"damage_healed":0,"gold_gain":0,"player_choice":"Opened","damage_taken":0,"relics_obtained":["aspiration:Lifesprig"],"max_hp_gain":0,"max_hp_loss":0,"event_name":"The Mausoleum","floor":29,"gold_loss":0},{"damage_healed":0,"gold_gain":0,"player_choice":"Fight","damage_taken":0,"max_hp_gain":0,"max_hp_loss":0,"event_name":"Colosseum","floor":32,"gold_loss":0},{"damage_healed":0,"gold_gain":0,"player_choice":"Fought Nobs","damage_taken":0,"max_hp_gain":0,"max_hp_loss":0,"event_name":"Colosseum","floor":32,"gold_loss":0}],"is_beta":false,"boss_relics":[{"not_picked":["conspire:SeveredTorchhead","Snecko Scales"],"picked":"reliquary:RedCape"},{"not_picked":[]}],"items_purged_floors":[30],"is_endless":false,"potions_floor_spawned":[6,11,14,16,20,22,31,32],"killed_by":"Automaton","ascension_level":0}}