{"host":"8fnghcq8tvbg6z9e","time":1614409164,"event":{"mods":["BaseMod","Downfall","Minty Spire (QoL Compilation)","Quick Restart","StSLib"],"gold_per_floor":[112,387,399,411,361,361,391,421,421,596,596,596,67,94,94,190,190,203,203,195,195,195,195,195],"floor_reached":22,"language":"ZHS","playtime":790,"items_purged":["Doubt"],"score":188,"play_id":"46c5a7c5-9e0c-433c-9865-07f4f93ae0b7","local_time":"20210227145924","is_ascension_mode":false,"campfire_choices":[{"data":"hexamod:Float","floor":6.0,"key":"SMITH"},{"floor":11.0,"key":"RECALL"},{"floor":15.0,"key":"REST"}],"circlet_count":0,"master_deck":["hexamod:Strike","hexamod:Strike","hexamod:Strike","hexamod:Defend","hexamod:Defend","hexamod:Defend","hexamod:Defend","hexamod:Sear","hexamod:Float+1","hexamod:GhostOfSpireFuture","hexamod:FirstSeal","hexamod:EmpoweredFlame+1","hexamod:StepThrough","hexamod:NightmareGuise","hexamod:NightmareStrike","hexamod:GiftsFromTheDead+1","hexamod:FifthSeal","hexamod:SixthSeal","hexamod:PhantomCloak+1","hexamod:SecondSeal","hexamod:FourthSeal","hexamod:ThirdSeal"],"relics":["hexamod:UnbrokenSoul","NeowsBlessing","Frozen Egg 2","Smiling Mask","Ornamental Fan","WingedGreaves","Prayer Wheel","Orrery","StoneCalendar"],"acts_visited":["Exordium","TheCity"],"potions_floor_usage":[],"damage_taken":[{"damage":0.0,"enemies":"Jaw Worm","floor":1.0,"turns":1.0},{"damage":0.0,"enemies":"Cultist","floor":3.0,"turns":1.0},{"damage":0.0,"enemies":"2 Louse","floor":4.0,"turns":1.0},{"damage":22.0,"enemies":"3 Sentries","floor":7.0,"turns":9.0},{"damage":16.0,"enemies":"Gremlin Nob","floor":14.0,"turns":4.0},{"damage":21.0,"enemies":"Hexaghost","floor":16.0,"turns":8.0},{"damage":41.0,"enemies":"Spheric Guardian","floor":18.0,"turns":7.0},{"damage":31,"enemies":"3 Byrds","floor":22,"turns":4}],"seed_played":"-2621010460453435558","potions_obtained":[{"floor":1.0,"key":"DuplicationPotion"},{"floor":7.0,"key":"champ:CounterPotion"},{"floor":16.0,"key":"Fire Potion"},{"floor":18.0,"key":"SmokeBomb"}],"is_trial":false,"path_per_floor":["M","?","M","M","?","R","E","?","T","?","R","?","$","E","R","B",null,"M","?","?","?","M"],"character_chosen":"THE_SPIRIT","items_purchased":["hexamod:EmpoweredFlame+1","Prayer Wheel","Orrery"],"campfire_rested":1,"item_purchase_floors":[13,13,13],"current_hp_per_floor":[70,70,70,70,70,70,48,48,48,48,48,30,30,21,42,21,70,29,29,29,29,0,0,0],"gold":195,"neow_bonus":"THREE_ENEMY_KILL","is_daily":false,"chose_seed":false,"campfire_upgraded":1,"win_rate":0.0,"timestamp":1614409164,"path_taken":["M","?","?","M","?","R","E","?","T","?","R","?","$","E","R","BOSS","M","?","?","?","M"],"items_purchased_type":["Card","Relic","Relic"],"build_version":"2020-12-22","purchased_purges":1,"victory":false,"max_hp_per_floor":[70,70,70,70,70,70,70,70,70,70,70,70,70,70,70,70,70,70,70,70,70,70,70,70],"card_choices":[{"not_picked":["hexamod:GhostflameBarrier","hexamod:AdvancingGuard"],"picked":"hexamod:GhostOfSpireFuture","floor":1.0},{"not_picked":["hexamod:GhostOfSpirePast","hexamod:ThermalTransfer","hexamod:ChargedBarrage"],"picked":"SKIP","floor":3.0},{"not_picked":["hexamod:Firestarter","hexamod:GhostOfSpireFuture"],"picked":"hexamod:BurningTouch","floor":4.0},{"not_picked":["hexamod:HauntingEcho","hexamod:PhantomCloak+1"],"picked":"hexamod:FirstSeal","floor":7.0},{"not_picked":["hexamod:SwordOfDarkness","hexamod:EtherealExpedition"],"picked":"hexamod:StepThrough","floor":13.0},{"not_picked":["hexamod:SwordOfDarkness","hexamod:FastForward"],"picked":"hexamod:NightmareGuise","floor":13.0},{"not_picked":["hexamod:GhostLash","hexamod:ShieldOfDarkness"],"picked":"hexamod:NightmareStrike","floor":13.0},{"not_picked":["hexamod:GhostOfSpirePast+1","hexamod:Firestarter"],"picked":"hexamod:GiftsFromTheDead+1","floor":14.0},{"not_picked":["hexamod:WildfireWeapon+1","hexamod:UnlimitedPower"],"picked":"hexamod:FifthSeal","floor":16.0},{"not_picked":["hexamod:SecondSeal","hexamod:FourthSeal"],"picked":"hexamod:SixthSeal","floor":18.0},{"not_picked":["hexamod:SpectersWail","hexamod:BacktrackSmack"],"picked":"hexamod:PhantomCloak+1","floor":18.0},{"not_picked":["hexamod:FlamesFromBeyond","hexamod:SwordOfDarkness","hexamod:HauntingEcho"],"picked":"SKIP","floor":18.0}],"player_experience":200580,"relics_obtained":[{"floor":7.0,"key":"Frozen Egg 2"},{"floor":9.0,"key":"Ornamental Fan"},{"floor":14.0,"key":"StoneCalendar"}],"event_choices":[{"damage_healed":0.0,"max_hp_gain":0.0,"max_hp_loss":0.0,"gold_gain":275.0,"event_name":"Golden Shrine","player_choice":"Desecrate","floor":2.0,"gold_loss":0.0,"damage_taken":0.0,"cards_obtained":["Regret"]},{"cards_removed":["Regret"],"damage_healed":0.0,"max_hp_gain":0.0,"max_hp_loss":0.0,"gold_gain":0.0,"event_name":"The Cleric","player_choice":"Card Removal","floor":5.0,"gold_loss":50.0,"damage_taken":0.0},{"damage_healed":0.0,"max_hp_gain":0.0,"max_hp_loss":0.0,"gold_gain":30.0,"event_name":"Dead Adventurer","player_choice":"Searched \u00272\u0027 times","floor":8.0,"gold_loss":0.0,"damage_taken":0.0,"relics_obtained":["Smiling Mask"]},{"damage_healed":0.0,"max_hp_gain":0.0,"max_hp_loss":0.0,"gold_gain":175.0,"event_name":"Liars Game","player_choice":"AGREE","floor":10.0,"gold_loss":0.0,"damage_taken":0.0,"cards_obtained":["Doubt"]},{"damage_healed":0.0,"max_hp_gain":0.0,"max_hp_loss":0.0,"gold_gain":0.0,"event_name":"Scrap Ooze","player_choice":"Success","floor":12.0,"gold_loss":0.0,"damage_taken":18.0,"relics_obtained":["WingedGreaves"]},{"damage_healed":0.0,"max_hp_gain":0.0,"max_hp_loss":0.0,"gold_gain":0.0,"event_name":"Cursed Tome","player_choice":"Ignored","floor":19.0,"gold_loss":0.0,"damage_taken":0.0},{"cards_removed":["hexamod:Strike"],"damage_healed":0.0,"max_hp_gain":0.0,"max_hp_loss":0.0,"gold_gain":0.0,"event_name":"Bonfire Elementals","player_choice":"Offered Basic","floor":21.0,"gold_loss":0.0,"damage_taken":0.0}],"is_beta":false,"boss_relics":[{"not_picked":["Runic Pyramid","Busted Crown"],"picked":"hexamod:UnbrokenSoul"}],"items_purged_floors":[13],"is_endless":false,"potions_floor_spawned":[1,7,16,18],"killed_by":"3 Byrds","ascension_level":0}}