{"host":"ktoxvvst1mwxww91","time":1614440341,"event":{"mods":["BaseMod","Downfall","Hermit","Minty Spire (QoL Compilation)","StSLib","The Hierophant","The Necromancer"],"gold_per_floor":[117,117,42,53,72,98,113,113,113],"floor_reached":8,"language":"ENG","playtime":266,"items_purged":["Defend_P"],"score":81,"play_id":"c2987b5b-6168-46b8-9e39-f83d1a53241a","local_time":"20210227163901","is_ascension_mode":true,"campfire_choices":[],"circlet_count":0,"master_deck":["Strike_P","Strike_P","Strike_P","Strike_P","Defend_P","Defend_P","Eruption","Vigilance","EmptyBody","Vault","Tantrum","JustLucky","WheelKick"],"relics":["VioletLotus","Mummified Hand"],"acts_visited":["Exordium"],"potions_floor_usage":[6,8],"damage_taken":[{"damage":7,"enemies":"Jaw Worm","floor":1,"turns":7},{"damage":10,"enemies":"2 Louse","floor":4,"turns":3},{"damage":0,"enemies":"Small Slimes","floor":5,"turns":4},{"damage":28,"enemies":"Gremlin Nob","floor":6,"turns":4},{"damage":0,"enemies":"2 Fungi Beasts","floor":7,"turns":5},{"damage":13,"enemies":"3 Sentries","floor":8,"turns":2}],"seed_played":"-5091202243736297702","potions_obtained":[{"floor":1,"key":"Strength Potion"},{"floor":7,"key":"Explosive Potion"}],"is_trial":false,"path_per_floor":["M","?","$","M","M","E","M","E"],"character_chosen":"WATCHER","items_purchased":[],"campfire_rested":0,"item_purchase_floors":[],"current_hp_per_floor":[58,51,51,41,41,13,13,0,0],"gold":113,"neow_bonus":"BOSS_RELIC","is_daily":false,"chose_seed":false,"campfire_upgraded":0,"win_rate":0.0,"timestamp":1614440341,"path_taken":["M","?","$","M","M","E","M","E"],"items_purchased_type":[],"build_version":"2020-12-22","purchased_purges":1,"victory":false,"max_hp_per_floor":[72,72,72,72,72,72,72,72,72],"card_choices":[{"not_picked":["CutThroughFate","Prostrate"],"picked":"EmptyBody","floor":1},{"not_picked":["BowlingBash","Perseverance"],"picked":"Vault","floor":4},{"not_picked":["CrushJoints","Indignation"],"picked":"Tantrum","floor":5},{"not_picked":["CarveReality","SpiritShield"],"picked":"JustLucky","floor":6},{"not_picked":["ThirdEye","SashWhip"],"picked":"WheelKick","floor":7}],"player_experience":1181115,"relics_obtained":[{"floor":6,"key":"Mummified Hand"}],"event_choices":[{"cards_removed":["Defend_P"],"damage_healed":0,"gold_gain":0,"player_choice":"Card Removal","damage_taken":7,"max_hp_gain":0,"max_hp_loss":0,"event_name":"Golden Wing","floor":2,"gold_loss":0}],"is_beta":false,"boss_relics":[],"items_purged_floors":[3],"is_endless":false,"potions_floor_spawned":[1,7],"killed_by":"3 Sentries","ascension_level":8}}