{"host":"xdbac5uiks898er5","time":1614421744,"event":{"mods":["2.2 Compatiblity","BaseMod","Become a monster ???","Lobotomy","LobotomyExtend","Minty Spire (QoL Compilation)","Spire Arcade","StSLib","SuperFastMode","Unknown Chances"],"gold_per_floor":[117,135,210,224,224,257,257,257,257],"floor_reached":8,"language":"ENG","playtime":247,"items_purged":[],"score":56,"play_id":"3e1c5f8a-7440-4017-9664-4192ad427b8e","local_time":"20210227112904","is_ascension_mode":false,"campfire_choices":[{"data":"Wild Strike","floor":7,"key":"SMITH"}],"circlet_count":0,"master_deck":["Strike_R","Strike_R","Strike_R","Strike_R","Defend_R","Defend_R","Defend_R","Defend_R","Bash","Bloodbath","Sword Boomerang","Heavy Blade","Wild Strike+1"],"relics":["Burning Blood","CogitoBucket","RabbitCall","LetterFromLob","Toy Ornithopter"],"acts_visited":["Exordium"],"potions_floor_usage":[8,8],"damage_taken":[{"damage":1,"enemies":"Jaw Worm","floor":1,"turns":3},{"damage":8,"enemies":"2 Louse","floor":2,"turns":4},{"damage":0,"enemies":"Small Slimes","floor":4,"turns":3},{"damage":39,"enemies":"Gremlin Nob","floor":6,"turns":5},{"damage":96,"enemies":"3 Sentries","floor":8,"turns":9}],"seed_played":"7816327920965304904","potions_obtained":[{"floor":1,"key":"Dexterity Potion"},{"floor":6,"key":"ColorlessPotion"}],"is_trial":false,"path_per_floor":["M","M","?","M","?","E","R","E"],"character_chosen":"IRONCLAD","items_purchased":[],"campfire_rested":0,"item_purchase_floors":[],"current_hp_per_floor":[80,79,68,75,80,49,49,0,0],"gold":257,"neow_bonus":"","is_daily":false,"chose_seed":false,"campfire_upgraded":1,"win_rate":0.0,"timestamp":1614421744,"path_taken":["M","M","?","M","?","E","R","E"],"items_purchased_type":[],"build_version":"2020-12-22","purchased_purges":0,"victory":false,"max_hp_per_floor":[80,80,80,80,80,80,80,80,80],"card_choices":[{"not_picked":["QueenBee","SpiderBud"],"picked":"Bloodbath","floor":1},{"not_picked":["Iron Wave","Sword Boomerang","Flex"],"picked":"SKIP","floor":1},{"not_picked":["Iron Wave","Flex"],"picked":"Sword Boomerang","floor":1},{"not_picked":["Clothesline","Feel No Pain"],"picked":"Heavy Blade","floor":2},{"not_picked":["Ghostly Armor","Clothesline","Perfected Strike"],"picked":"SKIP","floor":4},{"not_picked":["Flex","Pommel Strike"],"picked":"Wild Strike","floor":6}],"player_experience":6058,"relics_obtained":[{"floor":1,"key":"LetterFromLob"},{"floor":6,"key":"Toy Ornithopter"}],"event_choices":[{"damage_healed":0,"gold_gain":75,"player_choice":"Gather Gold","damage_taken":11,"max_hp_gain":0,"max_hp_loss":0,"event_name":"World of Goop","floor":3,"gold_loss":0}],"is_beta":false,"boss_relics":[],"items_purged_floors":[],"is_endless":false,"potions_floor_spawned":[1,6],"killed_by":"3 Sentries","ascension_level":0}}