{"host":"hwuw9fxoqh6hcgug","time":1614418549,"event":{"mods":["BaseMod","Downfall","Highlight Path","Minty Spire (QoL Compilation)","StSLib"],"gold_per_floor":[99,110,110,110,122,132,204,229,240,253,253,353,381,400,419,520,520,420,437,42,42,59,59,127,153,180,194,194,194,214,225,239,342,342,342,359,359,379,79,94,117,48,63,63,26,36,56,91,103,103],"floor_reached":51,"language":"FRA","playtime":3136,"items_purged":[],"score":978,"play_id":"f34c52db-5036-487c-ae81-50e56c73b97c","local_time":"20210227103549","is_ascension_mode":true,"campfire_choices":[{"data":"Guardian:SentryBeam","floor":1,"key":"SMITH"},{"data":"Guardian:PolyBeam","floor":11,"key":"SMITH"},{"data":"Guardian:GemFinder","floor":18,"key":"SMITH"},{"data":"Apotheosis","floor":28,"key":"SMITH"},{"data":"Guardian:BaubleBeam","floor":35,"key":"SMITH"}],"circlet_count":0,"master_deck":["Guardian:Strike_Guardian","Guardian:Defend_Guardian","Guardian:Defend_Guardian","Guardian:Defend_Guardian","Guardian:Defend_Guardian","Guardian:CurlUp","Guardian:TwinSlam","Guardian:PolyBeam+1","Guardian:SentryBeam+1","Guardian:FloatingOrbs","Guardian:FloatingOrbs","Guardian:ChargeCore","Guardian:ConstructionForm","Guardian:Clone","Guardian:Preprogram","Guardian:GemFinder+1","Guardian:Gem_Cyan","Guardian:ChargeUp","Apotheosis+1","Guardian:PrismaticBarrier","J.A.X.","Guardian:PrismaticBarrier+1","Guardian:BronzeOrb+1","Guardian:TemporalShield+1","Guardian:BaubleBeam+1","Guardian:Gem_Red","Guardian:Gem_Red","Guardian:Recover","Guardian:Gem_Red","Guardian:GemFire","Guardian:SentryBeam+1","Guardian:Gem_Synthetic","Guardian:Gem_Red","Guardian:Gem_White","Guardian:Gem_Cyan","Guardian:TimeCapacitor+1","expansioncontent:StudyTheSpire","Guardian:PrismaticBarrier","Guardian:Gem_Cyan","Guardian:Gem_Cyan","Guardian:ExploitGems","Guardian:TemporalStrike+1","Guardian:Orbwalk","Guardian:Incinerate","expansioncontent:QuickStudy","Guardian:Gem_Red","Guardian:FloatingOrbs","Guardian:EvasiveProtocol","Parasite","Guardian:Gem_Cyan","Guardian:DecasProtection+1","Guardian:FloatingOrbs","Guardian:Gem_Red","Guardian:SentryBeam+1"],"relics":["Guardian:ModeShifter","Shuriken","Question Card","Calipers","Coffee Dripper","downfall:HeartBlessingGreen","Orrery","Kunai","CaptainsWheel","Red Mask","Runic Dome","Blood Vial","Akabeko","Turnip"],"acts_visited":["Exordium","TheCity","TheBeyond"],"potions_floor_usage":[13,16,16,19,31,50],"damage_taken":[{"damage":1,"enemies":"2 Louse","floor":2,"turns":4},{"damage":0,"enemies":"Small Slimes","floor":5,"turns":3},{"damage":6,"enemies":"Cultist","floor":6,"turns":3},{"damage":12,"enemies":"Gremlin Nob","floor":8,"turns":4},{"damage":9,"enemies":"Blue Slaver","floor":9,"turns":3},{"damage":8,"enemies":"Red Slaver","floor":10,"turns":3},{"damage":8,"enemies":"Lagavulin","floor":13,"turns":4},{"damage":6,"enemies":"Exordium Wildlife","floor":14,"turns":3},{"damage":5,"enemies":"downfall:LooterAlt","floor":15,"turns":2},{"damage":9,"enemies":"WA_ARCHETYPE_RETAIN","floor":16,"turns":4},{"damage":10,"enemies":"3 Byrds","floor":19,"turns":5},{"damage":0,"enemies":"downfall:FleeingMerchant","floor":20,"turns":4},{"damage":17,"enemies":"downfall:LooterAlt2","floor":22,"turns":4},{"damage":28,"enemies":"Slavers","floor":25,"turns":5},{"damage":8,"enemies":"Masked Bandits","floor":26,"turns":5},{"damage":0,"enemies":"Chosen and Byrds","floor":27,"turns":8},{"damage":4,"enemies":"Shelled Parasite and Fungi","floor":30,"turns":5},{"damage":0,"enemies":"3 Cultists","floor":31,"turns":5},{"damage":0,"enemies":"Snecko","floor":32,"turns":5},{"damage":3,"enemies":"IC_MUSHROOM_ARCHETYPE","floor":33,"turns":8},{"damage":0,"enemies":"3 Shapes","floor":36,"turns":3},{"damage":8,"enemies":"3 Darklings","floor":38,"turns":3},{"damage":0,"enemies":"downfall:FleeingMerchant","floor":39,"turns":4},{"damage":16,"enemies":"4 Shapes","floor":40,"turns":3},{"damage":8,"enemies":"downfall:FleeingMerchant","floor":42,"turns":3},{"damage":3,"enemies":"Maw","floor":43,"turns":5},{"damage":0,"enemies":"Writhing Mass","floor":46,"turns":5},{"damage":9,"enemies":"Transient","floor":47,"turns":5},{"damage":9,"enemies":"Giant Head","floor":48,"turns":5},{"damage":14,"enemies":"Sphere and 2 Shapes","floor":49,"turns":5},{"damage":3,"enemies":"SI_POISON_ARCHETYPE","floor":50,"turns":4}],"seed_played":"-9092561063447814416","potions_obtained":[{"floor":4,"key":"Guardian:StasisDiscoveryPotion"},{"floor":4,"key":"sneckomod:MuddlingPotion"},{"floor":4,"key":"sneckomod:MuddlingPotion"},{"floor":5,"key":"DistilledChaos"},{"floor":6,"key":"Guardian:AcceleratePotion"},{"floor":14,"key":"Explosive Potion"},{"floor":19,"key":"Guardian:BlockOnCardUsePotion"},{"floor":22,"key":"SteroidPotion"},{"floor":23,"key":"CultistPotion"},{"floor":25,"key":"Energy Potion"},{"floor":33,"key":"Dexterity Potion"},{"floor":49,"key":"Slimebound:ThreeZeroPotion"}],"is_trial":false,"path_per_floor":["R","M","?","?","M","M","T","E","M","M","R","?","E","M","M","B",null,"R","M","$","?","M","?","T","E","?","M","R","?","M","M","M","B",null,"R","M","?","M","$","M","T","$","M","?","$","M","M","E","M","B",null],"character_chosen":"GUARDIAN","items_purchased":["Apotheosis","Guardian:Gem_Red","Orrery","expansioncontent:StudyTheSpire","Guardian:PrismaticBarrier","Guardian:Gem_Cyan","Guardian:Orbwalk","Guardian:Incinerate","Akabeko","expansioncontent:QuickStudy","Guardian:EvasiveProtocol"],"campfire_rested":0,"item_purchase_floors":[20,20,20,39,39,39,42,42,42,42,45],"current_hp_per_floor":[72,71,76,76,76,70,70,58,49,41,41,41,33,27,22,13,77,77,67,67,67,50,50,50,22,14,14,14,14,10,10,10,7,77,77,77,77,69,69,53,53,47,46,46,46,48,41,34,22,21],"gold":103,"neow_bonus":"TRANSFORM_TWO_CARDS","is_daily":false,"chose_seed":false,"campfire_upgraded":5,"win_rate":0.0,"timestamp":1614418549,"path_taken":["R","M","?","?","M","?","T","E","M","M","R","?","E","M","M","BOSS","R","M","$","?","M","?","T","E","?","M","R","?","M","?","M","BOSS","R","M","?","M","?","M","T","$","M","?","$","M","?","E","M","BOSS"],"items_purchased_type":["Card","Card","Relic","Card","Card","Card","Card","Card","Relic","Card","Card"],"build_version":"2020-12-22","purchased_purges":0,"victory":true,"max_hp_per_floor":[72,72,77,77,77,77,77,77,77,77,77,77,77,77,77,77,77,77,77,77,77,77,77,77,77,77,77,77,77,77,77,77,77,77,77,77,77,77,77,77,77,77,77,77,77,77,77,77,77,77],"card_choices":[{"not_picked":["Guardian:Reroute","Guardian:ChargeCore"],"picked":"Guardian:FloatingOrbs","floor":2},{"not_picked":["Guardian:ChargeCore","Guardian:ChargeUp"],"picked":"Guardian:FloatingOrbs","floor":5},{"not_picked":["Guardian:RollAttack","Guardian:Suspension","Guardian:PiercingHide"],"picked":"SKIP","floor":6},{"not_picked":["Guardian:TimeCapacitor","Guardian:Planning"],"picked":"Guardian:ChargeCore","floor":8},{"not_picked":["Guardian:VentSteam","Guardian:PrismaticBarrier","Guardian:ChargeCore","Guardian:Incinerate"],"picked":"SKIP","floor":9},{"not_picked":["Guardian:ChargeUp","Guardian:GuardianWhirl","Guardian:PrismaticBarrier"],"picked":"Guardian:Gem_Fragmented","floor":10},{"not_picked":["Guardian:Reroute","Guardian:Gem_Green","Guardian:FierceBash"],"picked":"Guardian:ConstructionForm","floor":13},{"not_picked":["Guardian:Planning","Guardian:TemporalStrike","Guardian:PiercingHide"],"picked":"Guardian:Clone","floor":14},{"not_picked":["Guardian:TemporalStrike","Guardian:PrismaticBeam","Guardian:PiercingHide"],"picked":"Guardian:Preprogram","floor":15},{"not_picked":["Guardian:HyperBeam_Guardian","Guardian:Gem_Orange","Guardian:FastForward"],"picked":"Guardian:GemFinder","floor":16},{"not_picked":["Guardian:Gem_Green","Guardian:Gem_Red"],"picked":"Guardian:Gem_Cyan","floor":19},{"not_picked":["Guardian:Gem_Lightblue","Guardian:Gem_White","Guardian:VentSteam"],"picked":"Guardian:Gem_Crimson","floor":19},{"not_picked":["Guardian:Gem_Green","Guardian:Gem_Lightblue"],"picked":"Guardian:Gem_Red","floor":20},{"not_picked":["Guardian:PiercingHide","Guardian:TemporalShield+1","Guardian:BronzeOrb"],"picked":"Guardian:ChargeUp","floor":20},{"not_picked":["Guardian:ChargeUp","Guardian:Gem_Crimson","Guardian:Gem_White"],"picked":"Guardian:PrismaticBarrier","floor":20},{"not_picked":["Guardian:Preprogram","Guardian:Gem_Lightblue","Guardian:TemporalShield"],"picked":"Guardian:Gem_Fragmented","floor":20},{"not_picked":["Guardian:Gem_Lightblue","Guardian:BronzeOrb","Guardian:ChargeCore"],"picked":"Guardian:Gem_Red","floor":20},{"not_picked":["Guardian:SphericShield","Guardian:GatlingBeam","Guardian:Gem_Purple"],"picked":"Guardian:Gem_Fragmented","floor":20},{"not_picked":["Guardian:Suspension","Guardian:PiercingHide","Guardian:VentSteam+1"],"picked":"Guardian:PrismaticBarrier+1","floor":22},{"not_picked":["Guardian:Gem_Lightblue","Guardian:Gem_Green"],"picked":"Guardian:Gem_Cyan","floor":25},{"not_picked":["Guardian:Gem_Green","Guardian:Gem_Cyan","Guardian:ChargeUp"],"picked":"Guardian:BronzeOrb+1","floor":25},{"not_picked":["Guardian:PrismaticBeam+1","Guardian:DonusPower","Guardian:Recover+1"],"picked":"Guardian:TemporalShield+1","floor":26},{"not_picked":["Guardian:Gem_Lightblue","Guardian:Gem_Cyan"],"picked":"Guardian:Gem_Red","floor":26},{"not_picked":["Guardian:Gem_Green","Guardian:Gem_Cyan"],"picked":"Guardian:Gem_Red","floor":27},{"not_picked":["Guardian:TemporalStrike","Guardian:PiercingHide","Guardian:RollAttack","Guardian:CrystalBeam+1"],"picked":"SKIP","floor":27},{"not_picked":["Guardian:FloatingOrbs","Guardian:CrystalBeam","Guardian:PrimingBeam"],"picked":"Guardian:BaubleBeam","floor":30},{"not_picked":["Guardian:Gem_Lightblue","Guardian:Gem_Cyan"],"picked":"Guardian:Gem_Red","floor":31},{"not_picked":["Guardian:Planning","Guardian:BodySlam","Guardian:CrystalBeam"],"picked":"Guardian:Gem_Red","floor":31},{"not_picked":["Guardian:ShieldSpikes","Guardian:Gem_Cyan","Guardian:Gem_Lightblue"],"picked":"Guardian:Recover","floor":32},{"not_picked":["Guardian:Gem_Lightblue","Guardian:Gem_Cyan"],"picked":"Guardian:Gem_Red","floor":33},{"not_picked":["Guardian:GatlingBeam","Guardian:SphericShield","Guardian:RevengeProtocol"],"picked":"Guardian:GemFire","floor":33},{"not_picked":["Guardian:Harden+1","Guardian:WalkerClaw","Guardian:Emergency"],"picked":"Guardian:SentryBeam+1","floor":36},{"not_picked":["Guardian:Gem_Cyan","Guardian:Gem_Green"],"picked":"Guardian:Gem_Red","floor":38},{"not_picked":["Guardian:Gem_Green","Guardian:BodySlam","Guardian:RollAttack"],"picked":"Guardian:Gem_White","floor":38},{"not_picked":["Guardian:Gem_Green","Guardian:Gem_Lightblue"],"picked":"Guardian:Gem_Cyan","floor":39},{"not_picked":["Guardian:Gem_Fragmented","Guardian:Emergency+1","Guardian:PrimingBeam+1"],"picked":"Guardian:TimeCapacitor+1","floor":39},{"not_picked":["Guardian:Gem_Lightblue","Guardian:Gem_Green"],"picked":"Guardian:Gem_Cyan","floor":40},{"not_picked":["Guardian:Gem_Blue","Guardian:PrismaticBarrier","Guardian:ShieldCharger"],"picked":"Guardian:ExploitGems","floor":40},{"not_picked":["Guardian:PiercingHide","Guardian:RefractedBeam+1","Guardian:WalkerClaw"],"picked":"Guardian:TemporalStrike+1","floor":42},{"not_picked":["Guardian:Gem_Cyan","Guardian:Gem_Green"],"picked":"Guardian:Gem_Red","floor":43},{"not_picked":["Guardian:ChargeCore+1","Guardian:TemporalStrike+1","Guardian:RefractedBeam+1"],"picked":"Guardian:FloatingOrbs","floor":43},{"not_picked":["Guardian:Gem_Green","Guardian:Gem_Lightblue"],"picked":"Guardian:Gem_Cyan","floor":46},{"not_picked":["Guardian:GemFinder","Guardian:Gem_Lightblue","Guardian:TemporalShield"],"picked":"Guardian:DecasProtection+1","floor":46},{"not_picked":["Guardian:EvasiveProtocol","Guardian:Gem_Cyan","Guardian:Planning"],"picked":"Guardian:FloatingOrbs","floor":47},{"not_picked":["Guardian:Gem_Green","Guardian:Gem_Cyan"],"picked":"Guardian:Gem_Red","floor":48},{"not_picked":["Guardian:Gem_Green","Guardian:DonusPower","Guardian:ShieldCharger"],"picked":"Guardian:SentryBeam+1","floor":48},{"not_picked":["Guardian:PiercingHide","Guardian:EvasiveProtocol","Guardian:WalkerClaw+1","Guardian:RollAttack+1"],"picked":"SKIP","floor":49}],"player_experience":835625,"relics_obtained":[{"floor":7,"key":"Shuriken"},{"floor":8,"key":"Question Card"},{"floor":13,"key":"Calipers"},{"floor":24,"key":"Kunai"},{"floor":25,"key":"CaptainsWheel"},{"floor":26,"key":"Red Mask"},{"floor":41,"key":"Blood Vial"},{"floor":48,"key":"Turnip"}],"event_choices":[{"damage_healed":0,"gold_gain":0,"player_choice":"Donut","damage_taken":0,"max_hp_gain":5,"max_hp_loss":0,"event_name":"Big Fish","floor":3,"gold_loss":0},{"damage_healed":0,"gold_gain":0,"player_choice":"Got Potions","damage_taken":0,"max_hp_gain":0,"max_hp_loss":0,"event_name":"Lab","floor":4,"gold_loss":0},{"damage_healed":0,"gold_gain":0,"player_choice":"Obtain J.A.X.","damage_taken":0,"max_hp_gain":0,"max_hp_loss":0,"event_name":"Drug Dealer","floor":21,"gold_loss":0,"cards_obtained":["J.A.X."]},{"damage_healed":0,"gold_gain":0,"player_choice":"Fought Bandits","damage_taken":0,"max_hp_gain":0,"max_hp_loss":0,"event_name":"Masked Bandits","floor":26,"gold_loss":0}],"is_beta":false,"boss_relics":[{"not_picked":["Black Star","Pandora\u0027s Box"],"picked":"Coffee Dripper"},{"not_picked":["SacredBark","Fusion Hammer"],"picked":"Runic Dome"}],"items_purged_floors":[],"is_endless":false,"potions_floor_spawned":[5,6,8,14,15,19,22,25,27,33,38,40,46,49],"ascension_level":1}}