{"host":"6aycdg1azw3gf4o9","time":1614407385,"event":{"mods":["Act Like it!","Arknights","BaseMod","CapriCore","Friendly Minions","Koishi","Marisa£®ÏF”Í°°ƒß¿Ì…≥£©","Minty Spire (QoL Compilation)","READ ME - Guardian Mod","Remilia£®¿Ÿ√◊¿Ú—«£©","StSLib","The Immortal"],"gold_per_floor":[110,110,122,122,138,138,176,199,199,199,16,41,66,81,81,207,207,230,230,255,15,40,83,83,101,180,180,205,205,205,205,205],"floor_reached":30,"language":"ZHS","playtime":1979,"items_purged":[],"score":254,"play_id":"c3f6ee10-ad54-4913-b49e-fbe53372d85b","local_time":"20210227142945","is_ascension_mode":false,"campfire_choices":[{"data":"MokouMod:Overheat","floor":6.0,"key":"SMITH"},{"data":"MokouMod:Scorch","floor":15.0,"key":"SMITH"},{"data":"MokouMod:ImperishableFlame","floor":24,"key":"SMITH"},{"data":"MokouMod:PhoenixFeathers","floor":27,"key":"SMITH"}],"circlet_count":0,"master_deck":["MokouMod:Strike","MokouMod:Strike","MokouMod:Strike","MokouMod:Defend","MokouMod:Defend","MokouMod:Defend","MokouMod:HeatSpark","MokouMod:IndiscriminateIgnition","MokouMod:Overheat+1","MokouMod:TemporalFireSeal","MokouMod:Scorch+1","MokouMod:IgnitionBarrier","MokouMod:DanceofFlames","MokouMod:IgneousBlow","MokouMod:ResoluteFlare","MokouMod:SearingBlow","CurseOfTheBell","MokouMod:ImperishableFlame+1","MokouMod:HouraiForge","MokouMod:SacredFire","MokouMod:IllusoryBattlefield","MokouMod:PhoenixFeathers+1","MokouMod:SearingShot+1"],"relics":["MokouMod:PhoenixFeather","NeowsBlessing","Golden Idol","Blood Vial","Darkstone Periapt","Lee\u0027s Waffle","Calling Bell","Bag of Marbles","Shuriken","Girya","Ice Cream","InkBottle"],"acts_visited":["Exordium","TheCity"],"potions_floor_usage":[16,16,23],"damage_taken":[{"damage":0.0,"enemies":"Jaw Worm","floor":1.0,"turns":1.0},{"damage":0.0,"enemies":"ats:Genji","floor":3.0,"turns":1.0},{"damage":0.0,"enemies":"Cultist","floor":5.0,"turns":1.0},{"damage":28.0,"enemies":"3 Sentries","floor":7.0,"turns":9.0},{"damage":11.0,"enemies":"Blue Slaver","floor":8.0,"turns":3.0},{"damage":6.0,"enemies":"3 Louse","floor":12.0,"turns":2.0},{"damage":16.0,"enemies":"Exordium Thugs","floor":13.0,"turns":4.0},{"damage":4.0,"enemies":"Blue Slaver","floor":14.0,"turns":4.0},{"damage":20,"enemies":"Slime Boss","floor":16,"turns":7},{"damage":26,"enemies":"Shell Parasite","floor":18,"turns":7},{"damage":15,"enemies":"2 Thieves","floor":20,"turns":3},{"damage":39,"enemies":"Centurion and Healer","floor":22,"turns":5},{"damage":17,"enemies":"Gremlin Leader","floor":23,"turns":6},{"damage":36,"enemies":"Shelled Parasite and Fungi","floor":25,"turns":4},{"damage":17,"enemies":"Cultist and Chosen","floor":28,"turns":8},{"damage":27,"enemies":"3 Cultists","floor":30,"turns":4}],"seed_played":"-569137216761385735","potions_obtained":[{"floor":5.0,"key":"LiquidMemories"},{"floor":13.0,"key":"Regen Potion"},{"floor":14.0,"key":"LiquidMemories"},{"floor":20,"key":"LiquidBronze"}],"is_trial":false,"path_per_floor":["M","?","M","?","M","R","E","M","T","?","$","M","M","M","R","B",null,"M","?","M","$","M","E","R","M","T","R","M","?","M"],"character_chosen":"MKU","items_purchased":["Lee\u0027s Waffle","MokouMod:DanceofFlames","MokouMod:HouraiForge","MokouMod:SacredFire"],"campfire_rested":0,"item_purchase_floors":[11,11,21,21],"current_hp_per_floor":[75,68,68,50,50,50,22,13,13,13,82,76,62,60,60,57,88,62,62,49,49,12,22,22,13,13,13,22,22,0,0,0],"gold":205,"neow_bonus":"THREE_ENEMY_KILL","is_daily":false,"chose_seed":false,"campfire_upgraded":4,"win_rate":0.0,"timestamp":1614407385,"path_taken":["M","?","M","?","M","R","E","M","T","?","$","M","?","M","R","BOSS","M","?","M","$","M","E","R","M","T","R","M","?","M"],"items_purchased_type":["Relic","Card","Card","Card"],"build_version":"2020-12-22","purchased_purges":0,"victory":false,"max_hp_per_floor":[75,75,75,75,75,75,75,75,75,75,82,82,82,82,82,82,88,88,88,88,88,88,88,88,88,88,88,88,88,88,88,88],"card_choices":[{"not_picked":["MokouMod:UncontrollableSolarReaction","MokouMod:Stoke"],"picked":"MokouMod:IndiscriminateIgnition","floor":1.0},{"not_picked":["MokouMod:HeatTransfer","MokouMod:IcarusDive"],"picked":"MokouMod:Overheat","floor":3.0},{"not_picked":["MokouMod:FlickeringFlame","MokouMod:FlareStarter"],"picked":"MokouMod:TemporalFireSeal","floor":5.0},{"not_picked":["MokouMod:InfernalWave","MokouMod:TemporalFireSeal"],"picked":"MokouMod:Scorch","floor":7.0},{"not_picked":["MokouMod:Burn","MokouMod:Stoke"],"picked":"MokouMod:IgnitionBarrier","floor":8.0},{"not_picked":["MokouMod:TemporalFireSeal","MokouMod:Firecracker"],"picked":"MokouMod:IgneousBlow","floor":12.0},{"not_picked":["MokouMod:Burn","MokouMod:IndiscriminateIgnition"],"picked":"MokouMod:ResoluteFlare","floor":13.0},{"not_picked":["MokouMod:EternalBurstReactor","MokouMod:Overheat","MokouMod:FlareStarter"],"picked":"SKIP","floor":14.0},{"not_picked":["MokouMod:Ventilation","MokouMod:EnchantingBambooForest"],"picked":"MokouMod:SearingBlow","floor":16},{"not_picked":["MokouMod:Stoke","MokouMod:TemporalFireSeal+1","MokouMod:UncontrollableSolarReaction+1"],"picked":"SKIP","floor":18},{"not_picked":["MokouMod:TemporalFireSeal","MokouMod:ScorchingColumn"],"picked":"MokouMod:ImperishableFlame","floor":20},{"not_picked":["MokouMod:SearingShot","MokouMod:FlareStarter"],"picked":"MokouMod:IllusoryBattlefield","floor":22},{"not_picked":["MokouMod:Singe","MokouMod:InfernalWave","MokouMod:Burn"],"picked":"SKIP","floor":23},{"not_picked":["MokouMod:EnchantingBambooForest","MokouMod:Stoke"],"picked":"MokouMod:PhoenixFeathers","floor":25},{"not_picked":["MokouMod:Stoke","MokouMod:FujiyamaVolcano"],"picked":"MokouMod:SearingShot+1","floor":28}],"player_experience":557849,"relics_obtained":[{"floor":7.0,"key":"Blood Vial"},{"floor":9.0,"key":"Darkstone Periapt"},{"floor":17,"key":"Bag of Marbles"},{"floor":17,"key":"Shuriken"},{"floor":17,"key":"Girya"},{"floor":23,"key":"Ice Cream"},{"floor":26,"key":"InkBottle"}],"event_choices":[{"cards_removed":["MokouMod:Defend"],"damage_healed":0.0,"max_hp_gain":0.0,"max_hp_loss":0.0,"gold_gain":0.0,"event_name":"Golden Wing","player_choice":"Card Removal","floor":2.0,"gold_loss":0.0,"damage_taken":7.0},{"damage_healed":0.0,"max_hp_gain":0.0,"max_hp_loss":0.0,"gold_gain":0.0,"event_name":"Golden Idol","player_choice":"Take Damage","floor":4.0,"gold_loss":0.0,"damage_taken":18.0,"relics_obtained":["Golden Idol"]},{"cards_removed":["MokouMod:Strike"],"damage_healed":0.0,"max_hp_gain":0.0,"max_hp_loss":0.0,"gold_gain":0.0,"event_name":"Purifier","player_choice":"Purged","floor":10.0,"gold_loss":0.0,"damage_taken":0.0},{"cards_removed":["MokouMod:Strike"],"damage_healed":0,"gold_gain":0,"player_choice":"Elegance","damage_taken":0,"max_hp_gain":0,"max_hp_loss":0,"event_name":"Back to Basics","floor":19,"gold_loss":0},{"damage_healed":0,"gold_gain":0,"player_choice":"Ignored","damage_taken":0,"max_hp_gain":0,"max_hp_loss":0,"event_name":"Cursed Tome","floor":29,"gold_loss":0}],"is_beta":false,"boss_relics":[{"not_picked":["Runic Pyramid","Velvet Choker"],"picked":"Calling Bell"}],"items_purged_floors":[],"is_endless":false,"potions_floor_spawned":[5,13,14,20],"killed_by":"3 Cultists","ascension_level":0}}