{"host":"xltl1aroowo69o4n","time":1614446576,"event":{"mods":["BaseMod","Colored Map","Colored Powertips","Downfall","Koishi","Marisa????????","Minty Spire (QoL Compilation)","Replay The Spire","StSLib","The Cursed","The Hierophant","The Mystic","The Necromancer","The Servant 0.9.4"],"gold_per_floor":[363,363,438,454,479,494,494,494,494,17,17,30,44,60,60,189,189,210,14,30,8,8,8],"floor_reached":22,"language":"ENG","playtime":935,"items_purged":["TheCursedMod:Dregs","ReplayTheSpireMod:Restless Dread"],"score":221,"play_id":"33c758ee-5aa8-44b6-95de-d248ced104bb","local_time":"20210227122256","is_ascension_mode":true,"campfire_choices":[{"floor":7,"key":"REST"},{"floor":11,"key":"RECALL"},{"floor":15,"key":"REST"}],"circlet_count":0,"master_deck":["Koishi:BasicStrike","Koishi:BasicStrike","Koishi:BasicStrike","Koishi:BasicStrike","Koishi:BasicDefend","Koishi:BasicDefend","Koishi:BasicDefend","Koishi:BasicDefend","Koishi:Provoke","Koishi:HauntingSlash","Koishi:UnansweredLove","Koishi:StingingMind","Koishi:EmbryosDream","Koishi:MindNumbingTerror","Koishi:Catatonia","ReplayTheSpireMod:Brewmster","Koishi:UnansweredLove","Koishi:Untouchable","Koishi:SubconsciousSweep","Koishi:UnseenTerror","Koishi:GrowingPain","Koishi:BloodcurdlingScream","ReplayTheSpireMod:IOU","Koishi:EmbersOfLove","Koishi:EmbersOfLove","Koishi:DreadfulBlow","Koishi:EmbryosDream","ReplayTheSpireMod:IOU"],"relics":["Koishi:ImaginaryFriend","Golden Idol","Replay:Bottled Steam","Replay:Wax Seal","ReplayTheSpireMod:CursedCoin","Kunai","SacredBark","Membership Card","Pear"],"acts_visited":["Exordium","TheCity"],"potions_floor_usage":[13,16,16,16,20,22,22,22],"damage_taken":[{"damage":9,"enemies":"2 Louse","floor":1,"turns":4},{"damage":11,"enemies":"Small Slimes","floor":4,"turns":5},{"damage":2,"enemies":"Cultist","floor":5,"turns":5},{"damage":4,"enemies":"Looter","floor":6,"turns":5},{"damage":3,"enemies":"Blue Slaver","floor":12,"turns":4},{"damage":27,"enemies":"Exordium Thugs","floor":13,"turns":7},{"damage":4,"enemies":"2 Fungi Beasts","floor":14,"turns":3},{"damage":20,"enemies":"The Guardian","floor":16,"turns":14},{"damage":24,"enemies":"Spheric Guardian","floor":18,"turns":6},{"damage":21,"enemies":"Shell Parasite","floor":20,"turns":8},{"damage":38,"enemies":"Shelled Parasite and Fungi","floor":22,"turns":6}],"seed_played":"8007561281974214149","potions_obtained":[{"floor":6,"key":"Ancient Potion"},{"floor":12,"key":"Flashbang"},{"floor":14,"key":"Fire Potion"}],"is_trial":false,"path_per_floor":["M","?","?","M","M","M","R","?","T","$","R","M","M","M","R","B",null,"M","$","M","$","M"],"character_chosen":"KOISHI","items_purchased":["Replay:Wax Seal","ReplayTheSpireMod:CursedCoin","Kunai","Koishi:Catatonia","ReplayTheSpireMod:Brewmster","Koishi:UnansweredLove","Membership Card","Koishi:EmbersOfLove","Koishi:DreadfulBlow","Pear"],"campfire_rested":2,"item_purchase_floors":[10,10,10,10,10,10,19,19,19,21],"current_hp_per_floor":[52,37,26,16,20,20,38,26,26,26,26,28,11,8,26,15,60,38,38,24,34,0,0],"gold":8,"neow_bonus":"TWO_FIFTY_GOLD","is_daily":false,"chose_seed":false,"campfire_upgraded":0,"win_rate":0.0,"timestamp":1614446576,"path_taken":["M","?","?","M","M","M","R","?","T","?","R","M","M","M","R","BOSS","M","$","M","?","M"],"items_purchased_type":["Relic","Relic","Relic","Card","Card","Card","Relic","Card","Card","Relic"],"build_version":"2020-12-13","purchased_purges":2,"victory":false,"max_hp_per_floor":[60,60,60,60,60,60,60,60,60,60,60,60,60,60,60,60,60,60,60,60,70,70,70],"card_choices":[{"not_picked":["Koishi:SubterraneanRose","Koishi:ReflexRadar"],"picked":"Koishi:UnansweredLove","floor":1},{"not_picked":["Koishi:ParalyzingFear","Koishi:TraumaticStroke"],"picked":"Koishi:StingingMind","floor":4},{"not_picked":["Koishi:HeartfeltFancy","Koishi:Bloodlust"],"picked":"Koishi:EmbryosDream","floor":5},{"not_picked":["Koishi:StingingMind","Koishi:Jaunt"],"picked":"Koishi:MindNumbingTerror","floor":6},{"not_picked":["Koishi:EmbryosDream","Koishi:VengefulSpirit"],"picked":"Koishi:Untouchable","floor":12},{"not_picked":["Koishi:LastRemote","Koishi:GeneticsOfTheUnconscious"],"picked":"Koishi:SubconsciousSweep","floor":13},{"not_picked":["Koishi:Prune","Koishi:Catatonia"],"picked":"Koishi:UnseenTerror","floor":14},{"not_picked":["Koishi:ConfinedInnocent","Koishi:FormlessExistence"],"picked":"Koishi:GrowingPain","floor":16},{"not_picked":["Koishi:SprinkleStarAndHeart","Koishi:FleetingPhantom"],"picked":"Koishi:BloodcurdlingScream","floor":18},{"not_picked":["Koishi:Prune","Koishi:UnansweredLove+1"],"picked":"Koishi:EmbryosDream","floor":20}],"player_experience":291052,"relics_obtained":[],"event_choices":[{"damage_healed":0,"gold_gain":0,"player_choice":"Take Damage","damage_taken":15,"relics_obtained":["Golden Idol"],"max_hp_gain":0,"max_hp_loss":0,"event_name":"Golden Idol","floor":2,"gold_loss":0},{"damage_healed":0,"gold_gain":75,"player_choice":"Gather Gold","damage_taken":11,"max_hp_gain":0,"max_hp_loss":0,"event_name":"World of Goop","floor":3,"gold_loss":0},{"damage_healed":0,"gold_gain":0,"player_choice":"Success","damage_taken":12,"relics_obtained":["Replay:Bottled Steam"],"max_hp_gain":0,"max_hp_loss":0,"event_name":"Scrap Ooze","floor":8,"gold_loss":0}],"is_beta":false,"boss_relics":[{"not_picked":["Runic Dome","Painkiller Herb"],"picked":"SacredBark"}],"items_purged_floors":[10,19],"is_endless":false,"potions_floor_spawned":[6,12,14],"killed_by":"Shelled Parasite and Fungi","ascension_level":2}}