{"host":"wshey5htrz8rni6u","time":1614388416,"event":{"mods":["2.2 Compatiblity","BaseMod","Block Reminder","Colored Map","Colored Powertips","Current Relic Mod","Curses Come First","Dark Map","Key Reminder","Keyboard Shortcuts","Minty Spire (QoL Compilation)","Potion Indicator Mod","Quick Restart","Random Character Button","Relic Sorter","Relic Stats","StSLib","SuperFastMode","Unceasing Turn Reminder","UnlockEverythingMod","Weighted Paths"],"gold_per_floor":[115,115,126,1,1,1,26,55,91,253,265,265],"floor_reached":11,"language":"ENG","playtime":224,"items_purged":["Strike_G"],"score":187,"play_id":"3cc727d5-d64e-4815-b0d4-c1f8ea02db21","local_time":"20210226171336","is_ascension_mode":true,"campfire_choices":[{"data":"Neutralize","floor":6,"key":"SMITH"}],"circlet_count":0,"master_deck":["AscendersBane","Strike_G","Strike_G","Defend_G","Defend_G","Defend_G","Defend_G","Defend_G","Survivor","Neutralize+1","Skewer","Riddle With Holes","Quick Slash","Backflip","Backflip","Slice","Doubt"],"relics":["Ring of the Snake","keyreminder:keyreminder","NeowsBlessing","MawBank","Happy Flower"],"acts_visited":["Exordium"],"potions_floor_usage":[],"damage_taken":[{"damage":0,"enemies":"Jaw Worm","floor":1,"turns":1},{"damage":0,"enemies":"Cultist","floor":3,"turns":1},{"damage":0,"enemies":"3 Sentries","floor":7,"turns":1},{"damage":2,"enemies":"Small Slimes","floor":8,"turns":5},{"damage":45,"enemies":"Lagavulin","floor":11,"turns":11}],"seed_played":"-4812375167079079236","potions_obtained":[],"is_trial":false,"path_per_floor":["M","?","M","$","?","R","E","M","T","?","E"],"character_chosen":"THE_SILENT","items_purchased":["Quick Slash"],"campfire_rested":0,"item_purchase_floors":[4],"current_hp_per_floor":[59,59,59,59,59,59,59,57,57,57,12,12],"gold":265,"neow_bonus":"THREE_ENEMY_KILL","is_daily":false,"chose_seed":false,"campfire_upgraded":1,"win_rate":0.0,"timestamp":1614388416,"path_taken":["M","?","?","$","?","R","E","M","T","?","E"],"items_purchased_type":["Card"],"build_version":"2020-12-13","purchased_purges":1,"victory":false,"max_hp_per_floor":[66,66,66,66,66,66,66,66,66,66,66,66],"relic_stats":{"Happy Flower":[3],"counters":[5,19],"MawBank":48,"obtain_stats":[{"keyreminder:keyreminder":7,"NeowsBlessing":0,"Happy Flower":9,"MawBank":7,"Ring of the Snake":0},{"keyreminder:keyreminder":3,"NeowsBlessing":0,"Happy Flower":4,"MawBank":3,"Ring of the Snake":0},{"keyreminder:keyreminder":3,"NeowsBlessing":0,"Happy Flower":8,"MawBank":3,"Ring of the Snake":0}],"Ring of the Snake":[10]},"card_choices":[{"not_picked":["Underhanded Strike","Backflip"],"picked":"Skewer","floor":1},{"not_picked":["Distraction","Poisoned Stab"],"picked":"Riddle With Holes","floor":3},{"not_picked":["Concentrate","Outmaneuver"],"picked":"Backflip","floor":7},{"not_picked":["Underhanded Strike","Quick Slash"],"picked":"Slice","floor":8}],"player_experience":228453,"relics_obtained":[{"floor":7,"key":"MawBank"},{"floor":9,"key":"Happy Flower"}],"event_choices":[{"cards_removed":["Strike_G"],"damage_healed":0,"gold_gain":0,"player_choice":"Offered Basic","damage_taken":0,"max_hp_gain":0,"max_hp_loss":0,"event_name":"Bonfire Elementals","floor":2,"gold_loss":0},{"damage_healed":0,"gold_gain":0,"cards_transformed":["Strike_G"],"player_choice":"Change","damage_taken":0,"max_hp_gain":0,"max_hp_loss":0,"event_name":"Living Wall","floor":5,"gold_loss":0,"cards_obtained":["Backflip"]},{"damage_healed":0,"gold_gain":150,"player_choice":"AGREE","damage_taken":0,"max_hp_gain":0,"max_hp_loss":0,"event_name":"Liars Game","floor":10,"gold_loss":0,"cards_obtained":["Doubt"]}],"is_beta":false,"boss_relics":[],"items_purged_floors":[4],"is_endless":false,"potions_floor_spawned":[],"killed_by":"Lagavulin","ascension_level":19}}