{"host":"xkc7tfemhzdc5j5t","time":1614421295,"event":{"mods":["AchievementEnabler","Act Like it!","BaseMod","BetterRewards","Colored Map","Colored Powertips","Downfall","Gensokyo","Hallownest","Hermit","Highlight Path","Infinite Spire","Marisa£®ÏF”Í°°ƒß¿Ì…≥£©","Minty Spire (QoL Compilation)","Prisma Mod","Quick Restart","Reimu£®≤©¿ˆ¡È√Œ£©","Replay The Spire","Shop Mod","StSLib","SuperFastMode","The Bug Knight","The Construct","The Cursed","The Disciple","The Hierophant","The Jungle","The Necromancer","The Runesmith","The Servant 0.9.4","Youmu£®ªÍ∆«—˝√Œ£©"],"gold_per_floor":[111,122,140,140,152,152,152,152,152,152,152,172,172,172,183,183,183,261,261,280,4,4,18,18,18,18,37,60,74,74,74,74,84,84,159,159,171,181,206,46,63,63,63,63,63,76,101,101,119,119,119,119],"floor_reached":53,"language":"ZHS","playtime":3061,"items_purged":["Defend_B","Strike_B"],"score":1019,"play_id":"0d66eab3-32d9-4f0d-814c-2ffc1fce342e","local_time":"20210227182135","is_ascension_mode":true,"campfire_choices":[{"data":"Zap","floor":6.0,"key":"SMITH"},{"data":"Gash","floor":8.0,"key":"SMITH"},{"data":"Hologram","floor":13.0,"key":"SMITH"},{"data":"Hologram","floor":17.0,"key":"SMITH"},{"data":"infinitespire:Collect","floor":25.0,"key":"SMITH"},{"data":"Dualcast","floor":32.0,"key":"SMITH"},{"data":"Crystallizer","floor":34.0,"key":"SMITH"},{"data":"Turbo","floor":42.0,"key":"SMITH"},{"data":"Loop","floor":44.0,"key":"SMITH"},{"data":"Fission","floor":48.0,"key":"SMITH"},{"data":"Seek","floor":51.0,"key":"SMITH"}],"circlet_count":0,"master_deck":["AscendersBane","Strike_B","Defend_B","Zap+1","Dualcast+1","Sweeping Beam","Genetic Algorithm+1","White Noise","Gash+1","Auto Shields+1","Hologram+1","Hologram+1","Reboot","Crystallizer+1","Darkness+1","infinitespire:Collect+1","Panic Button","Seek+1","Turbo+1","Loop+1","ReplayTheSpireMod:Calculation Training","Redo+1","Fission+1","Defragment"],"relics":["ChewingGum","Cables","Replay:Drink Me","Kunai","TentaclePot:ReiMu","Tiny Chest","Nloth\u0027s Gift","infinitespire:Cupcake","Unceasing Top","Letter Opener","Runesmith:Locket"],"acts_visited":["Exordium","TheCity","TheBeyond"],"potions_floor_usage":[],"damage_taken":[{"damage":14.0,"enemies":"Small Slimes","floor":1.0,"turns":5.0},{"damage":0.0,"enemies":"2 Louse","floor":2.0,"turns":2.0},{"damage":2.0,"enemies":"Jaw Worm","floor":3.0,"turns":3.0},{"damage":13.0,"enemies":"Blue Slaver","floor":5.0,"turns":3.0},{"damage":3.0,"enemies":"Red Slaver","floor":12.0,"turns":4.0},{"damage":0.0,"enemies":"Exordium Wildlife","floor":15.0,"turns":6.0},{"damage":41.0,"enemies":"Fading Forest","floor":18.0,"turns":11.0},{"damage":3.0,"enemies":"Chosen","floor":20.0,"turns":5.0},{"damage":2.0,"enemies":"Spheric Guardian","floor":23.0,"turns":5.0},{"damage":2.0,"enemies":"Centurion and Healer","floor":27.0,"turns":4.0},{"damage":2.0,"enemies":"Shelled Parasite and Fungi","floor":29.0,"turns":3.0},{"damage":0.0,"enemies":"3 Cultists","floor":33.0,"turns":3.0},{"damage":29.0,"enemies":"Collector","floor":35.0,"turns":11.0},{"damage":1.0,"enemies":"3 Shapes","floor":37.0,"turns":2.0},{"damage":0.0,"enemies":"Orb Walker","floor":38.0,"turns":2.0},{"damage":0.0,"enemies":"Mind Bloom Boss Battle","floor":39.0,"turns":2.0},{"damage":0.0,"enemies":"Maw","floor":41.0,"turns":4.0},{"damage":0.0,"enemies":"Writhing Mass","floor":46.0,"turns":4.0},{"damage":0.0,"enemies":"Reptomancer","floor":47.0,"turns":4.0},{"damage":0.0,"enemies":"Spire Growth","floor":49.0,"turns":3.0},{"damage":18,"enemies":"Replay:Hell Engine","floor":52,"turns":7}],"seed_played":"2098117021692808328","potions_obtained":[{"floor":1.0,"key":"SteroidPotion"},{"floor":12.0,"key":"Adrenaline Potion"},{"floor":35.0,"key":"Adrenaline Potion"},{"floor":39.0,"key":"ZuzhouPotion:ReiMu"},{"floor":47.0,"key":"DuplicationPotion"}],"is_trial":false,"path_per_floor":["M","M","M","?","M","R","?","R","PTL","PTL","T","M","R","?","M","T","R","B",null,"M","$","?","M","AVR","R","?","M","T","M","?","?","R","M","R","B",null,"M","M","?","$","M","R","T","R","T","M","E","R","M","?","R","B",null],"character_chosen":"DEFECT","items_purchased":["Kunai","Loop"],"campfire_rested":0,"item_purchase_floors":[21,40],"current_hp_per_floor":[50,50,48,48,35,35,35,35,35,35,35,32,32,32,32,32,32,15,44,41,41,41,39,39,39,39,37,37,35,35,35,35,35,35,6,42,41,41,41,41,41,41,41,41,41,41,41,41,41,41,41,23],"gold":119,"neow_bonus":"BOSS_RELIC","is_daily":false,"chose_seed":false,"campfire_upgraded":11,"win_rate":0.0,"timestamp":1614421295,"path_taken":["M","M","M","?","M","R","?","R","PTL","PTL","T","?","R","?","?","?","R","BOSS","M","$","?","M","AVR","R","?","M","T","M","?","?","R","M","R","BOSS","M","M","?","$","M","R","?","R","T","M","E","R","?","?","R","BOSS"],"items_purchased_type":["Relic","Card"],"build_version":"2020-12-22","purchased_purges":2,"victory":true,"max_hp_per_floor":[71,71,71,71,71,71,71,71,71,71,71,71,71,71,71,71,71,71,54,54,54,54,54,54,54,54,54,54,54,54,54,54,54,54,54,54,54,54,54,54,54,54,54,54,54,54,54,54,54,54,54,54],"card_choices":[{"not_picked":["Beam Cell","Time Bomb"],"picked":"Sweeping Beam","floor":1.0},{"not_picked":["Blizzard","Stack"],"picked":"Genetic Algorithm","floor":2.0},{"not_picked":["Loop","Chaos"],"picked":"White Noise","floor":3.0},{"not_picked":["Melter","FTL"],"picked":"Gash","floor":5.0},{"not_picked":["Leap","Self Repair"],"picked":"Hologram","floor":12.0},{"not_picked":["Auto Shields","Recycle"],"picked":"Hologram","floor":15.0},{"not_picked":["Thunder Strike","Rainbow"],"picked":"Reboot","floor":18.0},{"not_picked":["Panic Button","Doom and Gloom"],"picked":"Crystallizer","floor":20.0},{"not_picked":["Hologram","BasicCrystalCard"],"picked":"Darkness+1","floor":23.0},{"not_picked":["Static Discharge","Skim","BasicCrystalCard"],"picked":"SKIP","floor":27.0},{"not_picked":["Heatsinks","BasicCrystalCard+1","Stack"],"picked":"SKIP","floor":29.0},{"not_picked":["Barrage","Streamline"],"picked":"Panic Button","floor":33.0},{"not_picked":["Creative AI","Meteor Strike"],"picked":"Seek","floor":35.0},{"not_picked":["Stack+1","Hello World","Beam Cell"],"picked":"SKIP","floor":37.0},{"not_picked":["Reboot","Beam Cell"],"picked":"Turbo","floor":38.0},{"not_picked":["Gash","Barrage+1"],"picked":"ReplayTheSpireMod:Calculation Training","floor":41.0},{"not_picked":["Chaos","Hello World+1"],"picked":"Redo+1","floor":46.0},{"not_picked":["Amplify","Seek"],"picked":"Fission","floor":47.0},{"not_picked":["Crystallizer","Streamline"],"picked":"Defragment","floor":49.0}],"player_experience":808207,"relics_obtained":[{"floor":11.0,"key":"HollowMod:StagPassRelic"},{"floor":16.0,"key":"Cables"},{"floor":28.0,"key":"Tiny Chest"},{"floor":39.0,"key":"Unceasing Top"},{"floor":45.0,"key":"Letter Opener"},{"floor":47.0,"key":"Runesmith:Locket"}],"event_choices":[{"damage_healed":0.0,"max_hp_gain":0.0,"max_hp_loss":0.0,"gold_gain":0.0,"event_name":"Scrap Ooze","player_choice":"Fled","floor":4.0,"gold_loss":0.0,"damage_taken":0.0},{"damage_healed":0.0,"max_hp_gain":0.0,"max_hp_loss":0.0,"gold_gain":0.0,"event_name":"Upgrade Shrine","player_choice":"Upgraded","floor":14.0,"gold_loss":0.0,"damage_taken":0.0,"cards_upgraded":["Genetic Algorithm"]},{"damage_healed":0.0,"max_hp_gain":0.0,"max_hp_loss":0.0,"gold_gain":0.0,"event_name":"Vampires","player_choice":"Ignored","floor":22.0,"gold_loss":0.0,"damage_taken":0.0},{"damage_healed":0.0,"max_hp_gain":0.0,"max_hp_loss":0.0,"gold_gain":0.0,"event_name":"Ghosts","player_choice":"Ignored","floor":26.0,"gold_loss":0.0,"damage_taken":0.0},{"damage_healed":0.0,"max_hp_gain":0.0,"max_hp_loss":0.0,"gold_gain":0.0,"event_name":"N\u0027loth","player_choice":"Traded Relic","floor":31.0,"relics_lost":["HollowMod:StagPassRelic"],"gold_loss":0.0,"damage_taken":0.0,"relics_obtained":["Nloth\u0027s Gift"]},{"damage_healed":0.0,"max_hp_gain":0.0,"max_hp_loss":0.0,"gold_gain":0.0,"event_name":"MindBloom","player_choice":"Fight","floor":39.0,"gold_loss":0.0,"damage_taken":0.0},{"damage_healed":0.0,"max_hp_gain":0.0,"max_hp_loss":0.0,"gold_gain":0.0,"event_name":"Tomb of Lord Red Mask","player_choice":"Ignored","floor":50.0,"gold_loss":0.0,"damage_taken":0.0}],"is_beta":false,"boss_relics":[{"not_picked":["Busted Crown","Replay:Fungal Core"],"picked":"Replay:Drink Me"},{"not_picked":["SacredBark","Fusion Hammer"],"picked":"infinitespire:Cupcake"}],"items_purged_floors":[24,40],"is_endless":false,"potions_floor_spawned":[1,12,35,39,41,47],"ascension_level":16}}