{"host":"sav7uxregyirlf69","time":1614436178,"event":{"mods":["AchievementEnabler","BaseMod","Colored Map","DeckTracker","Keyboard Shortcuts","Minty Spire (QoL Compilation)","READ ME - Guardian Mod","StSLib","SuperFastMode"],"gold_per_floor":[112,112,125,125,143,143,173,173,173,208,208,208,208,222,222,300,300,311,55,55,68,68,113,113,142,189,189,189,189],"floor_reached":28,"language":"KOR","playtime":488,"items_purged":[],"score":524,"play_id":"7457b700-e2d9-4fed-bda1-8c8c6bdc7c77","local_time":"20210227232938","is_ascension_mode":true,"campfire_choices":[{"data":"Noxious Fumes","floor":6,"key":"SMITH"},{"data":"Neutralize","floor":8,"key":"SMITH"},{"floor":11,"key":"REST"},{"data":"Deadly Poison","floor":15,"key":"SMITH"},{"floor":24,"key":"REST"}],"circlet_count":0,"master_deck":["AscendersBane","Strike_G","Strike_G","Strike_G","Strike_G","Strike_G","Defend_G","Defend_G","Defend_G","Defend_G","Survivor","Neutralize+1","Jack Of All Trades","Dagger Spray","Noxious Fumes+1","Blade Dance","Cloak And Dagger","Escape Plan","Deadly Poison+1","Adrenaline","Accuracy","Adrenaline","Calculated Gamble"],"relics":["Ring of the Snake","Ninja Scroll","InkBottle","Dream Catcher","Black Star","TheAbacus","Juzu Bracelet","Kunai","Pantograph","Ancient Tea Set","MealTicket"],"acts_visited":["Exordium","TheCity"],"potions_floor_usage":[7,11,23,28],"damage_taken":[{"damage":6,"enemies":"Cultist","floor":1,"turns":4},{"damage":4,"enemies":"Small Slimes","floor":3,"turns":3},{"damage":0,"enemies":"2 Louse","floor":5,"turns":3},{"damage":16,"enemies":"3 Sentries","floor":7,"turns":5},{"damage":31,"enemies":"Lagavulin","floor":10,"turns":6},{"damage":0,"enemies":"2 Fungi Beasts","floor":14,"turns":2},{"damage":7,"enemies":"The Guardian","floor":16,"turns":9},{"damage":10,"enemies":"2 Thieves","floor":18,"turns":4},{"damage":1,"enemies":"Spheric Guardian","floor":21,"turns":3},{"damage":28,"enemies":"Slavers","floor":23,"turns":4},{"damage":3,"enemies":"Book of Stabbing","floor":25,"turns":5},{"damage":45,"enemies":"Slavers","floor":28,"turns":6}],"seed_played":"-3885781525507097828","potions_obtained":[{"floor":3,"key":"CultistPotion"},{"floor":7,"key":"Fruit Juice"},{"floor":14,"key":"SmokeBomb"},{"floor":16,"key":"DistilledChaos"},{"floor":18,"key":"GamblersBrew"},{"floor":25,"key":"DuplicationPotion"}],"is_trial":false,"path_per_floor":["M","?","M","?","M","R","E","R","T","E","R","?","?","M","R","B",null,"M","$","?","M","?","E","R","E","T","?","E"],"character_chosen":"THE_SILENT","items_purchased":["TheAbacus","Accuracy"],"campfire_rested":2,"item_purchase_floors":[19,19],"current_hp_per_floor":[53,53,49,49,49,49,33,33,33,2,28,28,51,51,51,44,64,54,54,54,53,53,25,46,43,43,43,0,0],"gold":189,"neow_bonus":"RANDOM_COLORLESS","is_daily":false,"chose_seed":false,"campfire_upgraded":3,"win_rate":0.0,"timestamp":1614436178,"path_taken":["M","?","?","?","?","R","E","R","T","E","R","?","?","M","R","BOSS","M","$","?","?","?","E","R","E","T","?","E"],"items_purchased_type":["Relic","Card"],"build_version":"2020-12-22","purchased_purges":0,"victory":false,"max_hp_per_floor":[66,66,66,66,66,66,66,66,66,66,71,71,71,71,71,71,71,71,71,71,71,71,71,71,71,71,71,71,71],"card_choices":[{"not_picked":["Purity","Mind Blast"],"picked":"Jack Of All Trades","floor":0},{"not_picked":["Prepared","Calculated Gamble"],"picked":"Dagger Spray","floor":1},{"not_picked":["Sucker Punch","Deflect"],"picked":"Blade Dance","floor":3},{"not_picked":["Prepared","Noxious Fumes"],"picked":"Escape Plan","floor":5},{"not_picked":["Quick Slash","Storm of Steel","Expertise"],"picked":"SKIP","floor":7},{"not_picked":["Riddle With Holes","Endless Agony","PiercingWail"],"picked":"SKIP","floor":10},{"not_picked":["Cloak And Dagger","Dagger Throw"],"picked":"Deadly Poison","floor":14},{"not_picked":["Envenom","Burst"],"picked":"Adrenaline","floor":16},{"not_picked":["Eviscerate","Heel Hook","Cloak And Dagger+1"],"picked":"SKIP","floor":18},{"not_picked":["Dash","Masterful Stab"],"picked":"Calculated Gamble","floor":21},{"not_picked":["Leg Sweep","Tools of the Trade","Flying Knee"],"picked":"SKIP","floor":23},{"not_picked":["Slice","All Out Attack","Bane"],"picked":"SKIP","floor":25}],"player_experience":1720445,"relics_obtained":[{"floor":7,"key":"Ninja Scroll"},{"floor":9,"key":"InkBottle"},{"floor":10,"key":"Dream Catcher"},{"floor":23,"key":"Juzu Bracelet"},{"floor":23,"key":"Kunai"},{"floor":25,"key":"Pantograph"},{"floor":25,"key":"Ancient Tea Set"},{"floor":26,"key":"MealTicket"}],"event_choices":[{"damage_healed":0,"gold_gain":0,"cards_transformed":["Defend_G"],"player_choice":"Transformed","damage_taken":0,"max_hp_gain":0,"max_hp_loss":0,"event_name":"Transmorgrifier","floor":2,"gold_loss":0,"cards_obtained":["Noxious Fumes"]},{"damage_healed":0,"gold_gain":0,"player_choice":"1 cards matched","damage_taken":0,"max_hp_gain":0,"max_hp_loss":0,"event_name":"Match and Keep!","floor":4,"gold_loss":0,"cards_obtained":["Cloak And Dagger"]},{"damage_healed":0,"gold_gain":0,"player_choice":"Ignored","damage_taken":0,"max_hp_gain":0,"max_hp_loss":0,"event_name":"Shining Light","floor":12,"gold_loss":0},{"damage_healed":23,"gold_gain":0,"player_choice":"Banana","damage_taken":0,"max_hp_gain":0,"max_hp_loss":0,"event_name":"Big Fish","floor":13,"gold_loss":0},{"damage_healed":0,"gold_gain":0,"player_choice":"Copied","damage_taken":0,"max_hp_gain":0,"max_hp_loss":0,"event_name":"Duplicator","floor":20,"gold_loss":0,"cards_obtained":["Adrenaline"]},{"damage_healed":0,"gold_gain":0,"player_choice":"Ignored","damage_taken":0,"max_hp_gain":0,"max_hp_loss":0,"event_name":"Ghosts","floor":27,"gold_loss":0}],"is_beta":false,"boss_relics":[{"not_picked":["Coffee Dripper","Snecko Eye"],"picked":"Black Star"}],"items_purged_floors":[],"is_endless":false,"potions_floor_spawned":[3,7,14,16,18,25],"killed_by":"Slavers","ascension_level":20}}