{"host":"vgpo801u53seft82","time":1614412417,"event":{"mods":["BaseMod","Better Match","Better Skull","Better Third Choice","Colored Powertips","Curses Come First","Downfall","Jorbs\u0027s Wanderer Trilogy","Minty Spire (QoL Compilation)","Quick Restart","StSLib","The Cursed","everything is the same but u backflip on backflip"],"gold_per_floor":[99,99,9,9,25,25,50,162,500,512,551,574,586,616,646,754,766,778,808,839,145,145,165,188,188,188,199,199,211,211,17,35,137,137,137,157,175,175,37,48,48,98,98,56,76,76,76,76,89,89],"floor_reached":51,"language":"ENG","playtime":4065,"items_purged":["Pain"],"score":780,"play_id":"d384a8ad-a7bc-4677-bc94-2eecc0c0d8dc","local_time":"20210227025337","is_ascension_mode":false,"campfire_choices":[{"data":"Guardian:CurlUp","floor":1.0,"key":"SMITH"},{"data":"Guardian:SentryBeam","floor":6.0,"key":"SMITH"},{"data":"Guardian:TwinSlam","floor":10.0,"key":"SMITH"},{"floor":13.0,"key":"REST"},{"data":"Guardian:DonusPower","floor":18.0,"key":"SMITH"},{"data":"Slimebound:CheckThePlaybook","floor":26,"key":"SMITH"},{"data":"Guardian:FloatingOrbs","floor":28,"key":"SMITH"},{"floor":30,"key":"REST"},{"data":"Guardian:TimeSifter","floor":35,"key":"SMITH"},{"data":"expansioncontent:StudyTheSpire","floor":47,"key":"SMITH"}],"circlet_count":0,"master_deck":["Guardian:Strike_Guardian","Guardian:Strike_Guardian","Guardian:Strike_Guardian","Guardian:Strike_Guardian","Guardian:Defend_Guardian","Guardian:Defend_Guardian","Guardian:Defend_Guardian","Guardian:Defend_Guardian","Guardian:CurlUp+1","Guardian:TwinSlam+1","Guardian:SentryBeam+1","Guardian:TimeBomb","Guardian:RollAttack","Guardian:DonusPower+1","Guardian:AncientConstruct","Guardian:Suspension","Guardian:StasisField","Guardian:EvasiveProtocol","Guardian:RefractedBeam","Guardian:DecasProtection","expansioncontent:QuickStudy","Guardian:FloatingOrbs+1","Guardian:GuardianWhirl","RitualDagger+1","Guardian:ShieldCharger","Slimebound:CheckThePlaybook+1","downfall:Icky","Guardian:TemporalStrike","Guardian:TimeSifter+1","Guardian:Planning","Guardian:Reroute","Guardian:CrystalBeam+1","Guardian:Harden+1","Guardian:ArmoredProtocol","Guardian:VentSteam","Guardian:ChargeCore+1","Guardian:TemporalShield+1","expansioncontent:StudyTheSpire+1","Guardian:StasisStrike","Guardian:WalkerClaw","Guardian:ShieldSpikes","Guardian:BronzeOrb+1"],"relics":["Guardian:ModeShifterPlus","WarpedTongs","Blue Candle","MawBank","Old Coin","Ancient Tea Set","SlaversCollar","Gremlin Horn","Juzu Bracelet","Strawberry","Question Card","Calipers","The Courier"],"acts_visited":["Exordium","TheCity","TheBeyond"],"potions_floor_usage":[23,31,31,33,50,50],"damage_taken":[{"damage":6.0,"enemies":"downfall:FleeingMerchant","floor":3.0,"turns":4.0},{"damage":2.0,"enemies":"Jaw Worm","floor":5.0,"turns":4.0},{"damage":11.0,"enemies":"Gremlin Nob","floor":9.0,"turns":4.0},{"damage":12.0,"enemies":"3 Sentries","floor":11.0,"turns":4.0},{"damage":4.0,"enemies":"Cultist","floor":12.0,"turns":3.0},{"damage":0.0,"enemies":"2 Louse","floor":14.0,"turns":2.0},{"damage":3.0,"enemies":"2 Fungi Beasts","floor":15.0,"turns":4.0},{"damage":13.0,"enemies":"SI_SHIV_ARCHETYPE","floor":16.0,"turns":8.0},{"damage":7.0,"enemies":"Spheric Guardian","floor":19.0,"turns":4.0},{"damage":7.0,"enemies":"Chosen","floor":20.0,"turns":6.0},{"damage":2.0,"enemies":"downfall:FleeingMerchant","floor":21.0,"turns":4.0},{"damage":7,"enemies":"Sentry and Sphere","floor":23,"turns":4},{"damage":20,"enemies":"Shelled Parasite and Fungi","floor":27,"turns":4},{"damage":7,"enemies":"Snake Plant","floor":29,"turns":3},{"damage":0,"enemies":"downfall:FleeingMerchant","floor":31,"turns":4},{"damage":20,"enemies":"Centurion and Healer","floor":32,"turns":4},{"damage":38,"enemies":"IC_MUSHROOM_ARCHETYPE","floor":33,"turns":6},{"damage":9,"enemies":"3 Shapes","floor":36,"turns":4},{"damage":0,"enemies":"3 Darklings","floor":37,"turns":3},{"damage":0,"enemies":"downfall:FleeingMerchant","floor":39,"turns":4},{"damage":0,"enemies":"Spire Growth","floor":40,"turns":7},{"damage":1,"enemies":"Spire Growth","floor":42,"turns":6},{"damage":0,"enemies":"downfall:FleeingMerchant","floor":44,"turns":2},{"damage":7,"enemies":"Maw","floor":45,"turns":7},{"damage":1,"enemies":"Sphere and 2 Shapes","floor":49,"turns":4},{"damage":31,"enemies":"WA_ARCHETYPE_DIVINITY","floor":50,"turns":16}],"seed_played":"-3675056295596738059","potions_obtained":[{"floor":9.0,"key":"Swift Potion"},{"floor":11.0,"key":"Explosive Potion"},{"floor":12.0,"key":"SteroidPotion"},{"floor":14.0,"key":"Swift Potion"},{"floor":22.0,"key":"CultistPotion"},{"floor":27,"key":"GamblersBrew"},{"floor":29,"key":"Fire Potion"},{"floor":32,"key":"Strength Potion"},{"floor":33,"key":"Guardian:AcceleratePotion"},{"floor":36,"key":"Guardian:DefensiveModePotion"}],"is_trial":false,"path_per_floor":["R","?","$","T","M","R","T","?","E","R","E","M","R","M","M","B",null,"R","M","M","$","?","M","T","?","R","M","R","M","R","$","M","B",null,"R","M","M","?","$","M","T","?","?","$","M","?","R","?","M","B",null],"character_chosen":"GUARDIAN","items_purchased":["expansioncontent:QuickStudy","Guardian:FloatingOrbs","Guardian:Gem_Red","Guardian:Gem_White","Gremlin Horn","Guardian:GuardianWhirl","Guardian:Planning","Strawberry","Guardian:BodySlam","Guardian:VentSteam","expansioncontent:StudyTheSpire","Guardian:Gem_Fragmented","Guardian:StasisStrike","Guardian:WalkerClaw"],"campfire_rested":2,"item_purchase_floors":[21,21,21,21,21,21,31,31,39,39,44,44,44,44],"current_hp_per_floor":[88,88,82,82,80,80,80,80,69,69,57,53,79,79,76,63,88,88,81,74,72,72,65,65,65,65,45,45,38,64,71,51,13,95,95,86,86,86,86,86,86,85,85,85,78,78,78,78,77,46],"gold":89,"neow_bonus":"TEN_PERCENT_HP_BONUS","is_daily":false,"chose_seed":false,"campfire_upgraded":8,"win_rate":0.0,"timestamp":1614412417,"path_taken":["R","?","$","?","M","R","T","?","E","R","E","M","R","M","M","BOSS","R","M","M","$","?","M","T","?","R","M","R","M","R","$","M","BOSS","R","M","M","?","$","M","T","?","?","?","M","?","R","?","M","BOSS"],"items_purchased_type":["Card","Card","Card","Card","Relic","Card","Card","Relic","Card","Card","Card","Card","Card","Card"],"build_version":"2020-12-22","purchased_purges":1,"victory":true,"max_hp_per_floor":[88,88,88,88,88,88,88,88,88,88,88,88,88,88,88,88,88,88,88,88,88,88,88,88,88,88,88,88,88,88,95,95,95,95,95,95,95,95,95,95,95,95,95,95,95,95,95,95,95,95],"card_choices":[{"not_picked":["Guardian:VentSteam","Guardian:GuardianWhirl"],"picked":"Guardian:SentryBeam","floor":3.0},{"not_picked":["Guardian:EvasiveProtocol","Guardian:PrismaticBeam"],"picked":"Guardian:TimeBomb","floor":5.0},{"not_picked":["Guardian:VentSteam","Guardian:Clone"],"picked":"Guardian:RollAttack","floor":9.0},{"not_picked":["Guardian:Harden","Guardian:Gem_Cyan"],"picked":"Guardian:DonusPower","floor":11.0},{"not_picked":["Guardian:DecasProtection","Guardian:VentSteam"],"picked":"Guardian:AncientConstruct","floor":12.0},{"not_picked":["Guardian:PolyBeam","Guardian:Gem_Green"],"picked":"Guardian:Suspension","floor":14.0},{"not_picked":["Guardian:DecasProtection","Guardian:Gem_Red"],"picked":"Guardian:Gem_Purple","floor":15.0},{"not_picked":["Guardian:SphericShield","Guardian:AncientConstruct"],"picked":"Guardian:StasisField","floor":16.0},{"not_picked":["Guardian:PrismaticBarrier","Guardian:TemporalStrike"],"picked":"Guardian:EvasiveProtocol","floor":19.0},{"not_picked":["Guardian:Planning+1","Guardian:VentSteam+1"],"picked":"Guardian:RefractedBeam","floor":20.0},{"not_picked":["Guardian:EvasiveProtocol+1","Guardian:PolyBeam"],"picked":"Guardian:DecasProtection","floor":21.0},{"not_picked":["Guardian:RollAttack","Guardian:TemporalShield+1"],"picked":"Guardian:ShieldCharger","floor":23},{"not_picked":["Guardian:DecasProtection","Guardian:Gem_Fragmented"],"picked":"Guardian:Gem_Cyan","floor":27},{"not_picked":["Guardian:ChargeCore","Guardian:CrystalBeam"],"picked":"Guardian:TemporalStrike","floor":29},{"not_picked":["Guardian:Gem_Green","Guardian:Planning"],"picked":"Guardian:TimeSifter","floor":31},{"not_picked":["Guardian:PrismaticBeam","Guardian:VentSteam+1"],"picked":"Guardian:Reroute","floor":32},{"not_picked":["Guardian:StasisField","Guardian:HyperBeam_Guardian"],"picked":"Guardian:Gem_Synthetic","floor":33},{"not_picked":["Guardian:MultiBeam","Guardian:SentryBeam"],"picked":"Guardian:CrystalBeam+1","floor":36},{"not_picked":["Guardian:Gem_Lightblue","Guardian:ShieldCharger+1"],"picked":"Guardian:Harden+1","floor":37},{"not_picked":["Guardian:Incinerate+1","Guardian:Planning+1"],"picked":"Guardian:ArmoredProtocol","floor":39},{"not_picked":["Guardian:Incinerate","Guardian:Gem_Green"],"picked":"Guardian:ChargeCore+1","floor":40},{"not_picked":["Guardian:Gem_Synthetic","Guardian:Suspension","Guardian:PiercingHide"],"picked":"Guardian:TemporalShield+1","floor":42},{"not_picked":["Guardian:FloatingOrbs","Guardian:CrystalBeam+1","Guardian:Gem_Purple"],"picked":"Guardian:Gem_Lightblue","floor":44},{"not_picked":["Guardian:Suspension","Guardian:Planning","Guardian:MultiBeam"],"picked":"Guardian:ShieldSpikes","floor":45},{"not_picked":["Guardian:Incinerate+1","Guardian:ChargeCore+1","Guardian:Suspension+1"],"picked":"Guardian:BronzeOrb+1","floor":49}],"player_experience":171385,"relics_obtained":[{"floor":4.0,"key":"Blue Candle"},{"floor":7.0,"key":"MawBank"},{"floor":9.0,"key":"Old Coin"},{"floor":11.0,"key":"Ancient Tea Set"},{"floor":24,"key":"Juzu Bracelet"},{"floor":41,"key":"Question Card"},{"floor":42,"key":"Calipers"},{"floor":48,"key":"The Courier"}],"event_choices":[{"damage_healed":0,"gold_gain":0,"player_choice":"Ignored","damage_taken":0,"max_hp_gain":0,"max_hp_loss":0,"event_name":"NoteForYourself","floor":38,"gold_loss":0},{"cards_removed":["Guardian:BodySlam"],"damage_healed":0,"gold_gain":0,"player_choice":"Removed Attack","damage_taken":0,"max_hp_gain":0,"max_hp_loss":0,"event_name":"Falling","floor":43,"gold_loss":0}],"is_beta":false,"boss_relics":[{"not_picked":["Velvet Choker","Runic Dome"],"picked":"SlaversCollar"},{"not_picked":["Fusion Hammer","Busted Crown"],"picked":"Guardian:ModeShifterPlus"}],"items_purged_floors":[3],"is_endless":false,"potions_floor_spawned":[9,11,12,14,27,29,32,33,36,37,49],"ascension_level":0}}