{"host":"7k2a2omxz3voj5ax","time":1614440392,"event":{"mods":["BaseMod","Marisa£¨ìFÓê¡¡Ä§ÀíÉ³£©","Minty Spire (QoL Compilation)","Quick Restart","Spicy Shops","StSLib","Starting Relic: Pandora\u0027s Box","Yakumo Yukari mod","¡¾ÒÅÎï¿¨ÅÆ¡¿REMEMod","óô»ðÖ¸ÄÏ"],"gold_per_floor":[118,135,146,161,161,10,48,71,105,455,469,515,515,515,284,308,308,327,342,377,400,400,530,530,554,593,593,617,667,667,710,368,9,30,54,77,77,121,136,171,189,225,29,432,495,579,699,204,304,2692,3025,3059,3318,1419,1742,1742,1742,1149,956,1516,1340,2065,2065,2015,2461,2461,2411,2244,2276,2276],"floor_reached":71,"language":"ZHS","playtime":3062,"items_purged":["MasterSpark","IllusionStar","UpSweep","ShootTheMoon","ShootingEcho+1","ChargingUp+1","GalacticHalo+1","IllusionStar+1","WitchLeyline+1","Robbery+1","Acceleration+1","GalacticHalo+1"],"score":2099,"play_id":"7a30880d-98f8-432e-b0c6-9b493fdcdfae","local_time":"20210228003952","is_ascension_mode":true,"campfire_choices":[{"data":"Burning Pact","floor":14.0,"key":"SMITH"},{"data":"MachineGunSpark","floor":22.0,"key":"SMITH"},{"data":"PowerUp","floor":37.0,"key":"SMITH"},{"floor":63,"key":"RECALL"}],"circlet_count":2,"master_deck":["EarthLightRay+1","EnergyFlow+1","Burning Pact+1","PowerUp+1","SuperPerseids+1","MachineGunSpark+1","SatelliteIllusion+1","Singularity+1","MilkyWay+1","GalacticHalo+1","SatelliteIllusion+1","Burning Pact+1","UltimateShortwave+1","Parasite","Acceleration+1","EarthLightRay+1","GasGiant+1","Skim+1","DragonMeteor","REME_FirmDetermination+1"],"relics":["MiniHakkero","REME_ComplimentaryCards","NeowsBlessing","Membership Card","Incense Burner","BigShroomBag","BigShroomBag","Odd Mushroom","BigShroomBag","Odd Mushroom","Odd Mushroom","BigShroomBag","Odd Mushroom","Odd Mushroom","Odd Mushroom","Matryoshka","Orrery","REME_HandOfSuture","REME_LimitBreaker","Calling Bell","Nunchaku","Frozen Egg 2","Ginger","Red Mask","Art of War","Smiling Mask","HandmadeGrimoire","Toxic Egg 2","BreadOfAWashokuLover","SimpleLauncher","TheAbacus","PreservedInsect","Potion Belt","Akabeko","The Courier","Mummified Hand","Whetstone","Medical Kit","Lantern","Tiny House","Juzu Bracelet","Sundial","AmplifyWand","DollysMirror","SproutingBranch","White Beast Statue","Unceasing Top","Centennial Puzzle","Orichalcum","Boot","Ornamental Fan","Bag of Marbles","HornCleat","Mercury Hourglass","Strawberry","InkBottle","War Paint","Oddly Smooth Stone","Blue Candle","CaptainsWheel","Bag of Preparation","Toy Ornithopter","Du-Vu Doll","Pantograph","Turnip","Gremlin Horn","Torii","Happy Flower","FossilizedHelix","MagicBroom","Ice Cream","Calipers","OrangePellets","Pocketwatch","Mango","Lizard Tail","PrismaticShard","REME_CardOfGreed","Circlet"],"acts_visited":["Exordium","TheCity","TheBeyond","TheEnding"],"potions_floor_usage":[70,70],"damage_taken":[{"damage":0.0,"enemies":"Cultist","floor":1.0,"turns":1.0},{"damage":0.0,"enemies":"Jaw Worm","floor":2.0,"turns":1.0},{"damage":0.0,"enemies":"2 Louse","floor":3.0,"turns":1.0},{"damage":11.0,"enemies":"Looter","floor":4.0,"turns":2.0},{"damage":18.0,"enemies":"Gremlin Nob","floor":7.0,"turns":3.0},{"damage":11.0,"enemies":"Exordium Thugs","floor":8.0,"turns":2.0},{"damage":7.0,"enemies":"3 Sentries","floor":9.0,"turns":2.0},{"damage":6.0,"enemies":"The Mushroom Lair","floor":10.0,"turns":2.0},{"damage":9.0,"enemies":"Blue Slaver","floor":11.0,"turns":2.0},{"damage":18.0,"enemies":"Large Slime","floor":16.0,"turns":2.0},{"damage":0.0,"enemies":"Looter","floor":18.0,"turns":1.0},{"damage":0.0,"enemies":"Lots of Slimes","floor":19.0,"turns":1.0},{"damage":0.0,"enemies":"Lagavulin","floor":20.0,"turns":3.0},{"damage":2.0,"enemies":"Blue Slaver","floor":21.0,"turns":2.0},{"damage":15.0,"enemies":"The Guardian","floor":23.0,"turns":3.0},{"damage":0.0,"enemies":"Shell Parasite","floor":25.0,"turns":1.0},{"damage":11.0,"enemies":"Masked Bandits","floor":26.0,"turns":3.0},{"damage":15.0,"enemies":"3 Byrds","floor":28.0,"turns":4.0},{"damage":50.0,"enemies":"Slavers","floor":31.0,"turns":5.0},{"damage":0.0,"enemies":"3 Cultists","floor":34.0,"turns":3.0},{"damage":0.0,"enemies":"Cultist and Chosen","floor":36.0,"turns":2.0},{"damage":0.0,"enemies":"Book of Stabbing","floor":38.0,"turns":1.0},{"damage":0.0,"enemies":"Centurion and Healer","floor":39.0,"turns":2.0},{"damage":16.0,"enemies":"Slavers","floor":40.0,"turns":2.0},{"damage":0.0,"enemies":"Snake Plant","floor":41.0,"turns":1.0},{"damage":0.0,"enemies":"REME_1_Revenger","floor":42.0,"turns":1.0},{"damage":0.0,"enemies":"Automaton","floor":44.0,"turns":2.0},{"damage":13.0,"enemies":"3 Shapes","floor":46.0,"turns":5.0},{"damage":0.0,"enemies":"3 Darklings","floor":47.0,"turns":2.0},{"damage":0.0,"enemies":"3 Darklings","floor":50.0,"turns":2.0},{"damage":2.0,"enemies":"Sphere and 2 Shapes","floor":52.0,"turns":2.0},{"damage":10.0,"enemies":"Nemesis","floor":53.0,"turns":3.0},{"damage":0.0,"enemies":"Reptomancer","floor":55.0,"turns":2.0},{"damage":0.0,"enemies":"Maw","floor":60.0,"turns":1.0},{"damage":0,"enemies":"Giant Head","floor":62,"turns":2},{"damage":0,"enemies":"Donu and Deca","floor":65,"turns":1},{"damage":0,"enemies":"Shield and Spear","floor":69,"turns":1},{"damage":2,"enemies":"The Heart","floor":70,"turns":3}],"seed_played":"1231235997122679218","potions_obtained":[{"floor":3.0,"key":"SpeedPotion"},{"floor":7.0,"key":"EssenceOfSteel"},{"floor":10.0,"key":"SpeedPotion"},{"floor":19.0,"key":"LiquidMemories"},{"floor":23.0,"key":"FearPotion"},{"floor":26.0,"key":"Fruit Juice"},{"floor":34.0,"key":"SmokeBomb"},{"floor":38.0,"key":"Ancient Potion"},{"floor":41.0,"key":"Dexterity Potion"},{"floor":44.0,"key":"Energy Potion"},{"floor":45.0,"key":"SteroidPotion"},{"floor":62,"key":"Swift Potion"}],"is_trial":false,"path_per_floor":["M","M","M","M","?","$","E","M","E","?","M","T","T","R","$","M","?","M","M","E","M","R","B",null,"M","?","?","M","T","?","E","R","$","M","T","M","R","E","M","E","M","E","R","B",null,"M","M","$","?","?","?","M","E","R","E","T","?","R","$","M","R","E","R","R","B",null,"R","$","E","B",null],"character_chosen":"MARISA","items_purchased":["Membership Card","MachineGunSpark","Orrery","Singularity+1","Toxic Egg 2","MilkyWay+1","BreadOfAWashokuLover","SimpleLauncher","TheAbacus","PreservedInsect","GalacticHalo+1","Medical Kit","Lantern","Robbery","Juzu Bracelet","Sundial","AmplifyWand","DollysMirror","SproutingBranch","Unceasing Top","Centennial Puzzle","Orichalcum","Boot","Ornamental Fan","Bag of Marbles","HornCleat","Mercury Hourglass","Strawberry","InkBottle","UltimateShortwave+1","War Paint","Oddly Smooth Stone","Blue Candle","CaptainsWheel","Bag of Preparation","Toy Ornithopter","Du-Vu Doll","Pantograph","Turnip","Gremlin Horn","Torii","Happy Flower","Ice Cream","Calipers","OrangePellets","Pocketwatch","Mango","Lizard Tail","PrismaticShard","REME_CardOfGreed","GalacticHalo+1","Acceleration+1","EarthLightRay+1","GalacticHalo+1","IllusionStar+1","GasGiant+1","DragonMeteor","REME_FirmDetermination+1"],"campfire_rested":0,"item_purchase_floors":[6,15,15,32,32,32,32,33,33,33,33,43,43,43,48,48,48,48,48,54,54,54,54,54,54,54,54,54,54,54,54,54,54,54,54,54,54,54,54,54,54,54,58,58,58,58,58,58,59,59,59,61,61,61,61,61,68,68],"current_hp_per_floor":[75,75,75,64,64,64,50,47,48,67,69,69,69,69,69,58,58,65,69,69,67,67,54,69,69,69,69,63,63,63,26,26,26,44,44,60,60,72,74,78,81,87,87,87,92,79,92,92,92,83,83,81,73,80,90,90,85,99,99,99,99,99,99,99,99,99,99,99,99,99],"gold":2276,"neow_bonus":"THREE_ENEMY_KILL","is_daily":false,"chose_seed":false,"campfire_upgraded":3,"win_rate":0.0,"timestamp":1614440392,"path_taken":["M","M","?","M","?","$","E","M","E","?","M","T","T","R","$","M","?","M","M","E","M","R","BOSS","M","?","?","M","?","?","E","R","?","M","T","M","R","E","M","E","M","E","R","BOSS","M","M","$","?","?","?","M","E","R","E","T","?","R","$","M","R","E","R","R","BOSS","R","$","E","BOSS"],"items_purchased_type":["Relic","Card","Relic","Card","Relic","Card","Relic","Relic","Relic","Relic","Card","Relic","Relic","Card","Relic","Relic","Relic","Relic","Relic","Relic","Relic","Relic","Relic","Relic","Relic","Relic","Relic","Relic","Relic","Card","Relic","Relic","Relic","Relic","Relic","Relic","Relic","Relic","Relic","Relic","Relic","Relic","Relic","Relic","Relic","Relic","Relic","Relic","Relic","Relic","Card","Card","Card","Card","Card","Card","Card","Card"],"build_version":"2020-12-22","purchased_purges":12,"victory":true,"max_hp_per_floor":[75,75,75,75,69,69,69,69,69,69,69,69,69,69,69,69,69,69,69,69,69,69,69,69,69,74,74,74,74,74,74,74,74,74,74,74,74,74,74,87,87,87,87,87,92,92,92,92,92,83,83,83,83,90,90,90,85,99,99,99,99,99,99,99,99,99,99,99,99,99],"card_choices":[{"not_picked":["AsteroidBelt","GrandCross"],"picked":"ShootTheMoon","floor":1.0},{"not_picked":["GrandCross","SporeBomb","DoubleSpark"],"picked":"SKIP","floor":2.0},{"not_picked":["CasketOfStar","UnstableBomb"],"picked":"PowerUp","floor":3.0},{"not_picked":["WitchOfGreed","EnergyFlow","ShootingEcho"],"picked":"SKIP","floor":4.0},{"not_picked":["EnergyRecoil","DoubleSpark"],"picked":"SuperPerseids","floor":7.0},{"not_picked":["SporeBomb","EventHorizon","AsteroidBelt"],"picked":"SKIP","floor":8.0},{"not_picked":["EnergyRecoil","MachineGunSpark","Acceleration"],"picked":"SKIP","floor":9.0},{"not_picked":["MysteriousBeam","AbsoluteMagnitude","AsteroidBelt"],"picked":"SKIP","floor":11.0},{"not_picked":["Occultation","NonDirectionalLaser"],"picked":"SatelliteIllusion","floor":15.0},{"not_picked":["GravityBeat","6A","FairyDestructionRay"],"picked":"SKIP","floor":16.0},{"not_picked":["StarlightTyphoon","Acceleration","DoubleSpark"],"picked":"SKIP","floor":18.0},{"not_picked":["DoubleSpark","MysteriousBeam","AlicesGift"],"picked":"SKIP","floor":19.0},{"not_picked":["GravityBeat","Acceleration","MysteriousBeam"],"picked":"SKIP","floor":20.0},{"not_picked":["PowerUp","GravityBeat","StarDustReverie"],"picked":"SKIP","floor":21.0},{"not_picked":["OneTimeOff","PowerUp","WitchOfGreed+1"],"picked":"SKIP","floor":25.0},{"not_picked":["ShootingEcho","DarkSpark","GalacticHalo"],"picked":"SKIP","floor":28.0},{"not_picked":["WitchLeyline","FinalSpark","MagicChant"],"picked":"SKIP","floor":31.0},{"not_picked":["MilkyWay+1","ChargingUp+1","OpenUniverse+1"],"picked":"SKIP","floor":34.0},{"not_picked":["MagicAbsorber+1","PowerUp+1","AlicesGift+1"],"picked":"SKIP","floor":36.0},{"not_picked":["MillisecondPulsars+1","DoubleSpark","PowerUp+1"],"picked":"SKIP","floor":38.0},{"not_picked":["UnstableBomb","WitchLeyline","WitchOfGreed+1"],"picked":"SKIP","floor":39.0},{"not_picked":["EnergyRecoil+1","DragonMeteor","RefractionSpark+1"],"picked":"SKIP","floor":40.0},{"not_picked":["UnstableBomb","Acceleration+1","SporeBomb+1"],"picked":"SKIP","floor":41.0},{"not_picked":["WitchOfGreed+1","PowerUp+1","NonDirectionalLaser+1"],"picked":"SKIP","floor":42.0},{"not_picked":["FinalSpark","TreasureHunter"],"picked":"SatelliteIllusion+1","floor":44.0},{"not_picked":["6A","EventHorizon+1","SuperPerseids+1"],"picked":"SKIP","floor":46.0},{"not_picked":["NonDirectionalLaser+1","DoubleSpark+1","DC"],"picked":"SKIP","floor":47.0},{"not_picked":["Acceleration+1","GrandCross+1","NonDirectionalLaser"],"picked":"SKIP","floor":52.0},{"not_picked":["PropBag+1","ManaConvection+1","GravityBeat"],"picked":"SKIP","floor":53.0},{"not_picked":["DarkMatter+1","TreasureHunter","ChargingUp+1"],"picked":"SKIP","floor":55.0},{"not_picked":["FearNoEvil+1","Barrage","Evaluate+1"],"picked":"SKIP","floor":60.0},{"not_picked":["Self Repair+1","Setup+1"],"picked":"Skim+1","floor":62},{"not_picked":["ThirdEye+1","Infernal Blade+1","Stack+1"],"picked":"SKIP","floor":69}],"player_experience":276712,"relics_obtained":[{"floor":7.0,"key":"ShroomBag"},{"floor":9.0,"key":"Incense Burner"},{"floor":10.0,"key":"BigShroomBag"},{"floor":10.0,"key":"BigShroomBag"},{"floor":10.0,"key":"Odd Mushroom"},{"floor":10.0,"key":"BigShroomBag"},{"floor":10.0,"key":"Odd Mushroom"},{"floor":10.0,"key":"Odd Mushroom"},{"floor":10.0,"key":"BigShroomBag"},{"floor":10.0,"key":"Odd Mushroom"},{"floor":10.0,"key":"Odd Mushroom"},{"floor":10.0,"key":"Odd Mushroom"},{"floor":13.0,"key":"Matryoshka"},{"floor":20.0,"key":"REME_LimitBreaker"},{"floor":24.0,"key":"Nunchaku"},{"floor":24.0,"key":"Frozen Egg 2"},{"floor":24.0,"key":"Ginger"},{"floor":26.0,"key":"Red Mask"},{"floor":29.0,"key":"Art of War"},{"floor":29.0,"key":"Smiling Mask"},{"floor":31.0,"key":"HandmadeGrimoire"},{"floor":35.0,"key":"Potion Belt"},{"floor":35.0,"key":"Akabeko"},{"floor":38.0,"key":"The Courier"},{"floor":40.0,"key":"Mummified Hand"},{"floor":42.0,"key":"Whetstone"},{"floor":53.0,"key":"White Beast Statue"},{"floor":55.0,"key":"FossilizedHelix"},{"floor":56.0,"key":"MagicBroom"},{"floor":62,"key":"Circlet"},{"floor":69,"key":"Circlet"}],"event_choices":[{"damage_healed":0.0,"max_hp_gain":0.0,"max_hp_loss":6.0,"gold_gain":0.0,"event_name":"Golden Idol","player_choice":"Lose Max HP","floor":5.0,"gold_loss":0.0,"damage_taken":0.0,"relics_obtained":["Golden Idol"]},{"damage_healed":0.0,"max_hp_gain":0.0,"max_hp_loss":0.0,"gold_gain":0.0,"event_name":"Mushrooms_MRS","player_choice":"Fought Mushrooms","floor":10.0,"gold_loss":0.0,"damage_taken":0.0},{"damage_healed":0.0,"max_hp_gain":0.0,"max_hp_loss":0.0,"gold_gain":0.0,"event_name":"Mushrooms_MRS","player_choice":"Fought Mushrooms","floor":10.0,"gold_loss":0.0,"damage_taken":0.0},{"damage_healed":0.0,"max_hp_gain":0.0,"max_hp_loss":0.0,"gold_gain":0.0,"event_name":"Mushrooms_MRS","player_choice":"Fought Mushrooms","floor":10.0,"gold_loss":0.0,"damage_taken":0.0},{"damage_healed":0.0,"max_hp_gain":0.0,"max_hp_loss":0.0,"gold_gain":0.0,"event_name":"Mushrooms_MRS","player_choice":"Fought Mushrooms","floor":10.0,"gold_loss":0.0,"damage_taken":0.0},{"damage_healed":17.0,"max_hp_gain":0.0,"max_hp_loss":0.0,"gold_gain":0.0,"event_name":"Mushrooms_MRS","player_choice":"Healed and dodged fight","floor":10.0,"gold_loss":0.0,"damage_taken":0.0,"cards_obtained":["Parasite"]},{"damage_healed":0.0,"max_hp_gain":0.0,"max_hp_loss":0.0,"gold_gain":0.0,"event_name":"WeMeetAgain","player_choice":"Gave Potion","floor":17.0,"gold_loss":0.0,"damage_taken":0.0,"relics_obtained":["REME_HandOfSuture"]},{"damage_healed":0.0,"max_hp_gain":0.0,"max_hp_loss":0.0,"gold_gain":0.0,"event_name":"Masked Bandits","player_choice":"Fought Bandits","floor":26.0,"gold_loss":0.0,"damage_taken":0.0},{"cards_removed":["MysteriousBeam"],"damage_healed":0.0,"max_hp_gain":0.0,"max_hp_loss":0.0,"gold_gain":0.0,"event_name":"Back to Basics","player_choice":"Elegance","floor":27.0,"gold_loss":0.0,"damage_taken":0.0},{"damage_healed":0.0,"max_hp_gain":0.0,"max_hp_loss":0.0,"gold_gain":0.0,"event_name":"Vampires","player_choice":"Ignored","floor":30.0,"gold_loss":0.0,"damage_taken":0.0},{"damage_healed":0.0,"max_hp_gain":0.0,"max_hp_loss":0.0,"gold_gain":100.0,"event_name":"Golden Shrine","player_choice":"Pray","floor":49.0,"gold_loss":0.0,"damage_taken":0.0},{"damage_healed":0.0,"max_hp_gain":0.0,"max_hp_loss":0.0,"gold_gain":333.0,"event_name":"The Moai Head","player_choice":"Gave Idol","floor":51.0,"relics_lost":["Golden Idol"],"gold_loss":0.0,"damage_taken":0.0},{"damage_healed":0.0,"max_hp_gain":0.0,"max_hp_loss":5.0,"gold_gain":0.0,"event_name":"Winding Halls","player_choice":"Max HP","floor":57.0,"gold_loss":0.0,"damage_taken":0.0}],"is_beta":false,"boss_relics":[{"not_picked":["Pandora\u0027s Box","Runic Dome"],"picked":"Calling Bell"},{"not_picked":["Cursed Key","Fusion Hammer"],"picked":"Tiny House"}],"items_purged_floors":[15,32,33,43,48,54,59,61,64,67,68,68],"is_endless":false,"potions_floor_spawned":[3,7,10,10,11,19,20,23,26,34,38,41,44,52,55,60,62,69],"ascension_level":4}}