{"host":"dr8zw64a6ikw4f73","time":1614437694,"event":{"mods":["AchievementEnabler","BaseMod","Colored Map","DeckTracker","Minty Spire (QoL Compilation)","StSLib","SuperFastMode"],"gold_per_floor":[119,44,44,56,93,136,164,176,188,225,257,369,409,433,445,554,566,594,282,300,6,24,24,24],"floor_reached":23,"language":"KOR","playtime":1511,"items_purged":["Strike_R"],"score":374,"play_id":"1fb541f4-3dd0-4a45-a50a-f37cc86a85ec","local_time":"20210227235454","is_ascension_mode":true,"campfire_choices":[{"data":"Dark Embrace","floor":8.0,"key":"SMITH"},{"floor":15,"key":"REST"}],"circlet_count":0,"master_deck":["AscendersBane","Strike_R","Strike_R","Strike_R","Strike_R","Defend_R","Defend_R","Defend_R","Defend_R","Bash","Dark Embrace+1","Power Through","Rupture","Shockwave","Armaments","Warcry","Thunderclap","Barricade","Apotheosis","Sever Soul+1","Sword Boomerang"],"relics":["Burning Blood","NeowsBlessing","MawBank","Nunchaku","Mercury Hourglass","Eternal Feather","Darkstone Periapt","Incense Burner","Philosopher\u0027s Stone","Chemical X","Bird Faced Urn"],"acts_visited":["Exordium","TheCity"],"potions_floor_usage":[10,13,16,18,23],"damage_taken":[{"damage":0.0,"enemies":"Cultist","floor":1.0,"turns":1.0},{"damage":0.0,"enemies":"Gremlin Nob","floor":6.0,"turns":1.0},{"damage":0.0,"enemies":"Jaw Worm","floor":7.0,"turns":1.0},{"damage":56,"enemies":"Lagavulin","floor":10,"turns":8},{"damage":4,"enemies":"2 Louse","floor":11,"turns":3},{"damage":15,"enemies":"3 Sentries","floor":13,"turns":3},{"damage":1,"enemies":"Looter","floor":14,"turns":4},{"damage":34,"enemies":"The Guardian","floor":16,"turns":21},{"damage":41,"enemies":"3 Byrds","floor":18,"turns":6},{"damage":1,"enemies":"Chosen","floor":20,"turns":6},{"damage":36,"enemies":"Centurion and Healer","floor":22,"turns":7},{"damage":19,"enemies":"Gremlin Leader","floor":23,"turns":7}],"seed_played":"-8698567868176388101","potions_obtained":[{"floor":1.0,"key":"ColorlessPotion"},{"floor":11,"key":"ColorlessPotion"},{"floor":13,"key":"SpeedPotion"},{"floor":16,"key":"Weak Potion"},{"floor":22,"key":"Swift Potion"}],"is_trial":false,"path_per_floor":["M","$","?","?","T","E","M","R","T","E","M","?","E","M","R","B",null,"M","$","M","$","M","E"],"character_chosen":"IRONCLAD","items_purchased":["Apotheosis","Chemical X","Bird Faced Urn"],"campfire_rested":1,"item_purchase_floors":[19,19,21],"current_hp_per_floor":[78,78,78,71,71,77,80,80,80,30,32,32,23,28,61,33,68,33,33,38,38,12,0,0],"gold":24,"neow_bonus":"THREE_ENEMY_KILL","is_daily":false,"chose_seed":false,"campfire_upgraded":1,"win_rate":0.0,"timestamp":1614437694,"path_taken":["M","?","?","?","?","E","M","R","T","E","M","?","E","?","R","BOSS","M","$","M","$","M","E"],"items_purchased_type":["Card","Relic","Relic"],"build_version":"2020-12-22","purchased_purges":1,"victory":false,"max_hp_per_floor":[80,80,80,80,80,80,80,80,80,80,80,80,80,80,80,80,80,80,80,80,80,80,80,80],"card_choices":[{"not_picked":["Dual Wield","Shrug It Off"],"picked":"Dark Embrace","floor":1.0},{"not_picked":["Wild Strike","Rupture"],"picked":"Power Through","floor":6.0},{"not_picked":["Shrug It Off","Flex"],"picked":"Rupture","floor":7.0},{"not_picked":["True Grit","Second Wind"],"picked":"Shockwave","floor":10},{"not_picked":["Combust","Hemokinesis"],"picked":"Armaments","floor":11},{"not_picked":["Anger","Armaments"],"picked":"Warcry","floor":13},{"not_picked":["Sever Soul","Perfected Strike"],"picked":"Thunderclap","floor":14},{"not_picked":["Bludgeon","Immolate"],"picked":"Barricade","floor":16},{"not_picked":["Twin Strike","Disarm","Havoc"],"picked":"SKIP","floor":18},{"not_picked":["Thunderclap+1","Flex"],"picked":"Sever Soul+1","floor":20},{"not_picked":["Havoc","Perfected Strike+1"],"picked":"Sword Boomerang","floor":22}],"player_experience":136698,"relics_obtained":[{"floor":5.0,"key":"Nunchaku"},{"floor":6.0,"key":"Mercury Hourglass"},{"floor":9.0,"key":"Eternal Feather"},{"floor":10,"key":"Darkstone Periapt"},{"floor":13,"key":"Incense Burner"}],"event_choices":[{"damage_healed":0.0,"max_hp_gain":0.0,"max_hp_loss":0.0,"gold_gain":0.0,"event_name":"Big Fish","player_choice":"Box","floor":3.0,"gold_loss":0.0,"damage_taken":0.0,"relics_obtained":["MawBank"],"cards_obtained":["Regret"]},{"cards_removed":["Regret"],"damage_healed":0.0,"max_hp_gain":0.0,"max_hp_loss":0.0,"gold_gain":0.0,"event_name":"Golden Wing","player_choice":"Card Removal","floor":4.0,"gold_loss":0.0,"damage_taken":7.0},{"damage_healed":0,"gold_gain":100,"player_choice":"Gold","damage_taken":0,"max_hp_gain":0,"max_hp_loss":0,"event_name":"Wheel of Change","floor":12,"gold_loss":0}],"is_beta":false,"boss_relics":[{"not_picked":["Coffee Dripper","SacredBark"],"picked":"Philosopher\u0027s Stone"}],"items_purged_floors":[2],"is_endless":false,"potions_floor_spawned":[1,11,13,16,22],"killed_by":"Gremlin Leader","ascension_level":12}}