{"host":"puhn14s7bdwcyqz6","time":1614420906,"event":{"mods":["Aya Shameimaru","BaseMod","CapriCore","Koishi","Marisa（霧雨　魔理沙）","Minty Spire (QoL Compilation)","Reimu（博丽灵梦）","Remilia（蕾米莉亚）","StSLib","The Administrix","The Immortal","The Senshi","The Servant 0.9.4","Yakumo Yukari mod","Yuyuko"],"gold_per_floor":[209,227,43,57,68,93,20,20,20,31,31,44,57,57,57,156,156,175,219,219,232,232,232],"floor_reached":22,"language":"ENG","playtime":2362,"items_purged":[],"score":190,"play_id":"8b2d571e-efac-410e-907b-d636bfc2c04b","local_time":"20210227051506","is_ascension_mode":false,"campfire_choices":[{"floor":8,"key":"REST"},{"floor":11,"key":"REST"},{"floor":15,"key":"REST"}],"circlet_count":0,"master_deck":["Strike_MRS","Strike_MRS","Strike_MRS","Strike_MRS","Defend_MRS","Defend_MRS","Defend_MRS","Defend_MRS","MasterSpark","UpSweep","GravityBeat","EventHorizon","Singularity","IllusionStar","AsteroidBelt","DC","MillisecondPulsars","DoubleSpark","RefractionSpark","MysteriousBeam","6A","StarlightTyphoon","GalacticHalo","MilkyWay","Panacea","BinaryStars","BlazingStar","WitchOfGreed+1","AlicesGift+1","WitchLeyline"],"relics":["MiniHakkero","Bottled Flame","theSenshi:FeatherClipsRelic","Black Star"],"acts_visited":["Exordium","TheCity"],"potions_floor_usage":[6,10,13,21,21,21],"damage_taken":[{"damage":6,"enemies":"Cultist","floor":1,"turns":3},{"damage":0,"enemies":"2 Louse","floor":2,"turns":3},{"damage":0,"enemies":"Small Slimes","floor":4,"turns":3},{"damage":12,"enemies":"Exordium Thugs","floor":5,"turns":4},{"damage":20,"enemies":"3 Sentries","floor":6,"turns":6},{"damage":16,"enemies":"Large Slime","floor":10,"turns":3},{"damage":46,"enemies":"Gremlin Gang","floor":12,"turns":5},{"damage":9,"enemies":"Exordium Wildlife","floor":13,"turns":3},{"damage":32,"enemies":"Hexaghost","floor":16,"turns":7},{"damage":28,"enemies":"Chosen","floor":18,"turns":5},{"damage":39,"enemies":"Shell Parasite","floor":19,"turns":7},{"damage":9,"enemies":"Snake Plant","floor":21,"turns":2},{"damage":23,"enemies":"Masked Bandits","floor":22,"turns":2}],"seed_played":"4125090688984495402","potions_obtained":[{"floor":2,"key":"LiquidBronze"},{"floor":4,"key":"SpeedPotion"},{"floor":12,"key":"Regen Potion"},{"floor":18,"key":"LiquidMemories"},{"floor":19,"key":"Explosive Potion"},{"floor":19,"key":"GamblersBrew"}],"is_trial":false,"path_per_floor":["M","M","$","M","M","E","$","R","T","M","R","M","M","?","R","B",null,"M","M","$","M","?"],"character_chosen":"MARISA","items_purchased":["Singularity","IllusionStar","AsteroidBelt","DC","MysteriousBeam","6A"],"campfire_rested":3,"item_purchase_floors":[3,3,3,3,7,7],"current_hp_per_floor":[69,69,69,69,57,37,37,59,59,49,71,31,37,37,59,33,75,53,20,20,17,0,0],"gold":232,"neow_bonus":"HUNDRED_GOLD","is_daily":false,"chose_seed":false,"campfire_upgraded":0,"win_rate":0.0,"timestamp":1614420906,"path_taken":["M","M","$","M","M","E","$","R","T","M","R","M","M","?","R","BOSS","M","M","$","?","?"],"items_purchased_type":["Card","Card","Card","Card","Card","Card"],"build_version":"2020-12-22","purchased_purges":0,"victory":false,"max_hp_per_floor":[75,75,75,75,75,75,75,75,75,75,75,75,75,75,75,75,75,75,75,75,75,75,75],"card_choices":[{"not_picked":["SporeBomb","DC"],"picked":"GravityBeat","floor":1},{"not_picked":["DoubleSpark","StarlightTyphoon"],"picked":"EventHorizon","floor":2},{"not_picked":["AsteroidBelt","NonDirectionalLaser"],"picked":"MillisecondPulsars","floor":4},{"not_picked":["GasGiant","DarkMatter"],"picked":"DoubleSpark","floor":5},{"not_picked":["UnstableBomb","LuminesStrike"],"picked":"RefractionSpark","floor":6},{"not_picked":["EventHorizon","OpenUniverse"],"picked":"StarlightTyphoon","floor":10},{"not_picked":["OneTimeOff","6A"],"picked":"GalacticHalo","floor":12},{"not_picked":["GrandCross","ShootTheMoon"],"picked":"MilkyWay","floor":13},{"not_picked":["AbsoluteMagnitude","JA"],"picked":"BlazingStar","floor":16},{"not_picked":["SporeBomb","SprinkleStarSeal"],"picked":"WitchOfGreed+1","floor":18},{"not_picked":["ChargingUp","Singularity"],"picked":"AlicesGift+1","floor":19},{"not_picked":["PulseMagic","DC"],"picked":"WitchLeyline","floor":21}],"player_experience":121081,"relics_obtained":[{"floor":6,"key":"Bottled Flame"},{"floor":9,"key":"theSenshi:FeatherClipsRelic"}],"event_choices":[{"damage_healed":0,"gold_gain":0,"player_choice":"2 cards matched","damage_taken":0,"max_hp_gain":0,"max_hp_loss":0,"event_name":"Match and Keep!","floor":14,"gold_loss":0,"cards_obtained":["Panacea","BinaryStars"]},{"damage_healed":0,"gold_gain":0,"player_choice":"Fought Bandits","damage_taken":0,"max_hp_gain":0,"max_hp_loss":0,"event_name":"Masked Bandits","floor":22,"gold_loss":0}],"is_beta":false,"boss_relics":[{"not_picked":["SacredBark","Philosopher\u0027s Stone"],"picked":"Black Star"}],"items_purged_floors":[],"is_endless":false,"potions_floor_spawned":[2,4,12,18,19],"killed_by":"Masked Bandits","ascension_level":0}}