{"host":"nonrudiqgwgca70t","time":1614400932,"event":{"mods":["BaseMod","Hermit","MarisaÅiñ∂âJÅ@ñÇóùçπÅj","Minty Spire (QoL Compilation)","StSLib","The Bug Knight","The Cursed","The Hierophant","The Runesmith"],"gold_per_floor":[111,127,127,127,152,152,190,204,204,228,268,268,291,14,14,137,137,152,152,173,173,208,208,249,298,321,368,368,200,230,80,80,80,80],"floor_reached":33,"language":"ENG","playtime":19946,"items_purged":["Defend_MRS","Writhe"],"score":293,"play_id":"a17441ce-be78-4d94-bbe9-c22dd97a89a4","local_time":"20210226214212","is_ascension_mode":true,"campfire_choices":[{"data":"MagicChant","floor":6.0,"key":"SMITH"},{"data":"PowerUp","floor":15.0,"key":"SMITH"},{"data":"SporeBomb","floor":23.0,"key":"SMITH"},{"data":"UpSweep","floor":28,"key":"SMITH"},{"data":"AsteroidBelt","floor":32,"key":"SMITH"}],"circlet_count":0,"master_deck":["Strike_MRS","Strike_MRS","Strike_MRS","Strike_MRS","Defend_MRS+1","Defend_MRS","Defend_MRS+1","MasterSpark+1","UpSweep+1","ShootingEcho","WitchLeyline","MagicChant+1","PowerUp+1","FairyDestructionRay","SuperPerseids","SporeBomb+1","DC","GalacticHalo+1","MaximisePower","6A","6A","Robbery","WitchOfGreed","DeepEcoloBomb+1","AsteroidBelt+1"],"relics":["MiniHakkero","Golden Idol","Art of War","War Paint","HollowMod:StagPassRelic","HandmadeGrimoire","Bronze Scales","ExperimentalFamiliar","Anchor","Oddly Smooth Stone","Nunchaku","HandDrill"],"acts_visited":["Exordium","TheCity"],"potions_floor_usage":[25,27,33,33],"damage_taken":[{"damage":3.0,"enemies":"Jaw Worm","floor":1.0,"turns":3.0},{"damage":0.0,"enemies":"2 Louse","floor":2.0,"turns":1.0},{"damage":1.0,"enemies":"Cultist","floor":5.0,"turns":3.0},{"damage":14.0,"enemies":"Gremlin Nob","floor":7.0,"turns":3.0},{"damage":0.0,"enemies":"Blue Slaver","floor":8.0,"turns":2.0},{"damage":0.0,"enemies":"3 Louse","floor":10.0,"turns":1.0},{"damage":10.0,"enemies":"Lagavulin","floor":11.0,"turns":4.0},{"damage":0.0,"enemies":"Lots of Slimes","floor":13.0,"turns":2.0},{"damage":20.0,"enemies":"Hexaghost","floor":16.0,"turns":6.0},{"damage":0.0,"enemies":"Shell Parasite","floor":18.0,"turns":2.0},{"damage":0.0,"enemies":"3 Byrds","floor":20.0,"turns":3.0},{"damage":3.0,"enemies":"Snake Plant","floor":22.0,"turns":2.0},{"damage":18.0,"enemies":"Book of Stabbing","floor":24.0,"turns":3.0},{"damage":0,"enemies":"Chosen and Byrds","floor":25,"turns":4},{"damage":0,"enemies":"Cultist and Chosen","floor":27,"turns":3},{"damage":0,"enemies":"Centurion and Healer","floor":30,"turns":4},{"damage":63,"enemies":"Automaton","floor":33,"turns":8}],"seed_played":"5822243027259585308","potions_obtained":[{"floor":2.0,"key":"Strength Potion"},{"floor":7.0,"key":"Explosive Potion"},{"floor":8.0,"key":"Weak Potion"},{"floor":13.0,"key":"PowerPotion"},{"floor":18.0,"key":"Energy Potion"},{"floor":22.0,"key":"Regen Potion"},{"floor":25,"key":"LiquidBronze"},{"floor":27,"key":"SteroidPotion"},{"floor":30,"key":"Strength Potion"}],"is_trial":false,"path_per_floor":["M","M","?","?","M","R","E","M","T","M","E","T","M","$","R","B",null,"M","?","M","?","M","R","E","M","T","M","R","$","M","$","R","B"],"character_chosen":"MARISA","items_purchased":["GalacticHalo","Bronze Scales","DeepEcoloBomb","HandDrill"],"campfire_rested":0,"item_purchase_floors":[14,14,29,31],"current_hp_per_floor":[72,72,72,54,53,53,39,39,39,39,29,29,29,29,29,9,75,75,75,75,75,72,72,54,54,54,63,63,63,63,63,63,0,0],"gold":80,"neow_bonus":"THREE_CARDS","is_daily":false,"chose_seed":false,"campfire_upgraded":5,"win_rate":0.0,"timestamp":1614400932,"path_taken":["M","M","?","?","M","R","E","M","T","M","E","?","M","$","R","BOSS","M","?","M","?","M","R","E","M","T","M","R","$","M","$","R","BOSS"],"items_purchased_type":["Card","Relic","Card","Relic"],"build_version":"2020-12-22","purchased_purges":2,"victory":false,"max_hp_per_floor":[75,75,75,75,75,75,75,75,75,75,75,75,75,75,75,75,75,75,75,75,75,75,75,75,75,75,75,75,75,75,75,75,75,75],"card_choices":[{"not_picked":["GravityBeat","UnstableBomb"],"picked":"ShootingEcho","floor":0.0},{"not_picked":["6A","WitchOfGreed"],"picked":"WitchLeyline","floor":1.0},{"not_picked":["UnstableBomb","BlazeAway","PowerUp"],"picked":"SKIP","floor":2.0},{"not_picked":["DarkSpark","GrandCross"],"picked":"MagicChant","floor":5.0},{"not_picked":["Acceleration","BlazeAway"],"picked":"PowerUp","floor":7.0},{"not_picked":["ShootingEcho","LuminesStrike"],"picked":"FairyDestructionRay","floor":8.0},{"not_picked":["GrandCross","WitchLeyline"],"picked":"SuperPerseids","floor":10.0},{"not_picked":["StarlightTyphoon","AlicesGift"],"picked":"SporeBomb","floor":11.0},{"not_picked":["GasGiant","DeepEcoloBomb"],"picked":"DC","floor":13.0},{"not_picked":["JA","EscapeVelocity"],"picked":"MaximisePower","floor":16.0},{"not_picked":["SuperPerseids","DarkMatter"],"picked":"6A","floor":18.0},{"not_picked":["Acceleration","GalacticHalo+1"],"picked":"6A","floor":20.0},{"not_picked":["IllusionStar","BlazeAway","DC"],"picked":"SKIP","floor":22.0},{"not_picked":["TreasureHunter","OpenUniverse"],"picked":"WitchOfGreed","floor":24.0},{"not_picked":["RefractionSpark","LuminesStrike","GravityBeat"],"picked":"SKIP","floor":25},{"not_picked":["EarthLightRay","WitchLeyline","OneTimeOff"],"picked":"SKIP","floor":27},{"not_picked":["LuminesStrike","SporeBomb"],"picked":"AsteroidBelt","floor":30}],"player_experience":196281,"relics_obtained":[{"floor":7.0,"key":"Art of War"},{"floor":9.0,"key":"War Paint"},{"floor":11.0,"key":"HollowMod:StagPassRelic"},{"floor":12.0,"key":"HandmadeGrimoire"},{"floor":24.0,"key":"Oddly Smooth Stone"},{"floor":26,"key":"Nunchaku"}],"event_choices":[{"damage_healed":0.0,"max_hp_gain":0.0,"max_hp_loss":0.0,"gold_gain":0.0,"event_name":"Living Wall","player_choice":"Grow","floor":3.0,"gold_loss":0.0,"damage_taken":0.0,"cards_upgraded":["MasterSpark"]},{"damage_healed":0.0,"max_hp_gain":0.0,"max_hp_loss":0.0,"gold_gain":0.0,"event_name":"Golden Idol","player_choice":"Take Damage","floor":4.0,"gold_loss":0.0,"damage_taken":18.0,"relics_obtained":["Golden Idol"]},{"damage_healed":0.0,"max_hp_gain":0.0,"max_hp_loss":0.0,"gold_gain":0.0,"event_name":"The Mausoleum","player_choice":"Opened","floor":19.0,"gold_loss":0.0,"damage_taken":0.0,"relics_obtained":["Anchor"],"cards_obtained":["Writhe"]},{"damage_healed":0.0,"max_hp_gain":0.0,"max_hp_loss":0.0,"gold_gain":0.0,"event_name":"The Library","player_choice":"Read","floor":21.0,"gold_loss":0.0,"damage_taken":0.0,"cards_obtained":["Robbery"]}],"is_beta":false,"boss_relics":[{"not_picked":["Black Star","Runesmith:UraniumAnvil"],"picked":"ExperimentalFamiliar"}],"items_purged_floors":[14,29],"is_endless":false,"potions_floor_spawned":[2,7,8,13,18,22,25,30],"killed_by":"Automaton","ascension_level":1}}