{"host":"Rich","time":1614395198,"event":{"mods":["AchievementEnabler","BaseMod","Highlight Path","Minty Spire (QoL Compilation)","Relic Stats"],"gold_per_floor":[111,127,145,145,21,21,21],"floor_reached":6,"language":"ENG","playtime":275,"items_purged":[],"score":72,"play_id":"8e05767e-b4e2-4b1a-b7c7-ce520e017895","local_time":"20210226220638","is_ascension_mode":true,"campfire_choices":[],"circlet_count":0,"master_deck":["AscendersBane","Strike_G","Strike_G","Strike_G","Strike_G","Defend_G","Defend_G","Defend_G","Defend_G","Defend_G","Survivor","Neutralize","Flying Knee","Leg Sweep","Quick Slash"],"relics":["Ring of the Snake","Snake Skull","Mummified Hand"],"acts_visited":["Exordium"],"potions_floor_usage":[6],"damage_taken":[{"damage":1,"enemies":"Small Slimes","floor":1,"turns":4},{"damage":4,"enemies":"2 Louse","floor":2,"turns":3},{"damage":0,"enemies":"Cultist","floor":3,"turns":5},{"damage":45,"enemies":"3 Sentries","floor":6,"turns":14}],"seed_played":"8234355728599678604","potions_obtained":[{"floor":3,"key":"LiquidMemories"}],"is_trial":false,"path_per_floor":["M","M","M","?","?","E"],"character_chosen":"THE_SILENT","items_purchased":[],"campfire_rested":0,"item_purchase_floors":[],"current_hp_per_floor":[58,54,54,47,47,2,2],"gold":21,"neow_bonus":"RANDOM_COMMON_RELIC","is_daily":false,"chose_seed":false,"campfire_upgraded":0,"win_rate":0.0,"timestamp":1614395198,"path_taken":["M","M","M","?","?","E"],"items_purchased_type":[],"build_version":"2020-12-18","purchased_purges":0,"victory":false,"max_hp_per_floor":[66,66,66,66,66,66,66],"relic_stats":{"counters":[4,26],"Mummified Hand":[0],"Snake Skull":[0],"obtain_stats":[{"Mummified Hand":5,"Snake Skull":0,"Ring of the Snake":0},{"Mummified Hand":3,"Snake Skull":0,"Ring of the Snake":0},{"Mummified Hand":12,"Snake Skull":0,"Ring of the Snake":0}],"Ring of the Snake":[8]},"card_choices":[{"not_picked":["Slice","Quick Slash"],"picked":"Flying Knee","floor":1},{"not_picked":["Escape Plan","All Out Attack"],"picked":"Leg Sweep","floor":2},{"not_picked":["Prepared","Setup"],"picked":"Quick Slash","floor":3}],"player_experience":2033776,"relics_obtained":[],"event_choices":[{"cards_removed":["Strike_G"],"damage_healed":0,"gold_gain":0,"player_choice":"Card Removal","damage_taken":7,"max_hp_gain":0,"max_hp_loss":0,"event_name":"Golden Wing","floor":4,"gold_loss":0},{"damage_healed":0,"gold_gain":0,"player_choice":"Paid Gold","damage_taken":0,"relics_obtained":["Mummified Hand"],"max_hp_gain":0,"max_hp_loss":0,"event_name":"WeMeetAgain","floor":5,"gold_loss":124}],"is_beta":true,"boss_relics":[],"items_purged_floors":[],"is_endless":false,"potions_floor_spawned":[3],"killed_by":"3 Sentries","ascension_level":20}}