{"host":"yunadyb0795wtij7","time":1614440986,"event":{"mods":["BaseMod","Downfall","Minty Spire (QoL Compilation)","StSLib","[IsaacMod]ÒÔÈö¼âËþ"],"gold_per_floor":[99,99,274,274,374,386,386,35,35,47,65,99,99,131,146,241,241,241,257,257,277,291,291,362,362,362,362,362],"floor_reached":26,"language":"ZHS","playtime":788,"items_purged":["Slimebound:Strike_Slimebound"],"score":277,"play_id":"a7d15e97-4047-4185-9d85-377278073133","local_time":"20210227234946","is_ascension_mode":true,"campfire_choices":[{"data":"Slimebound:Split","floor":1.0,"key":"SMITH"},{"data":"Slimebound:ProtectTheBoss","floor":9.0,"key":"SMITH"},{"data":"Slimebound:MinionMaster","floor":13.0,"key":"SMITH"},{"data":"Slimebound:DuplicatedForm","floor":18,"key":"SMITH"},{"data":"Slimebound:OneTwoCombo","floor":23,"key":"SMITH"}],"circlet_count":0,"master_deck":["Slimebound:Strike_Slimebound","Slimebound:Tackle","Slimebound:Defend_Slimebound","Slimebound:Defend_Slimebound","Slimebound:Defend_Slimebound","Slimebound:Defend_Slimebound","Slimebound:Split+1","Slimebound:CorrosiveSpit","BloodyBrimstone","Slimebound:SplitMire","Slimebound:LeadByExample+1","Slimebound:SplitLeeching","Slimebound:LeadByExample","Slimebound:ProtectTheBoss+1","Slimebound:FormOfPuddle","Slimebound:ForwardTackle","Slimebound:MinionMaster+1","Slimebound:ProtectTheBoss","Slimebound:SelfFormingGoo","Slimebound:SlimeTap","Slimebound:DuplicatedForm+1","Slimebound:OneTwoCombo+1","Slimebound:SlimeBarrage","Slimebound:FormOfPuddle+1","Slimebound:SlimeBrawl","Slimebound:SlimeBrawl","Slimebound:ComboTackle"],"relics":["Slimebound:AbsorbEndCombat","HushsDoor","downfall:HeartsMalice","Question Card","Leech","Bag of Preparation","Strawberry","BookOfRevelations","bronze:MakeshiftBattery","GuppysTail","PillsDrop","Slimebound:AggressiveSlimeRelic"],"acts_visited":["Exordium","TheCity"],"potions_floor_usage":[16,16,16,22],"damage_taken":[{"damage":0.0,"enemies":"Jaw Worm","floor":2.0,"turns":1.0},{"damage":0.0,"enemies":"2 Louse","floor":4.0,"turns":1.0},{"damage":0.0,"enemies":"downfall:Heads","floor":5.0,"turns":1.0},{"damage":3.0,"enemies":"Cultist","floor":6.0,"turns":3.0},{"damage":5.0,"enemies":"downfall:FleeingMerchant","floor":8.0,"turns":4.0},{"damage":0.0,"enemies":"Blue Slaver","floor":10.0,"turns":1.0},{"damage":2.0,"enemies":"Red Slaver","floor":11.0,"turns":3.0},{"damage":0.0,"enemies":"Gremlin Nob","floor":12.0,"turns":2.0},{"damage":3.0,"enemies":"Lagavulin","floor":14.0,"turns":3.0},{"damage":16.0,"enemies":"Large Slime","floor":15.0,"turns":5.0},{"damage":4,"enemies":"SI_SHIV_ARCHETYPE","floor":16,"turns":4},{"damage":0,"enemies":"Spheric Guardian","floor":19,"turns":2},{"damage":15,"enemies":"Shell Parasite","floor":21,"turns":4},{"damage":27,"enemies":"Centurion and Healer","floor":22,"turns":3},{"damage":20,"enemies":"Cultist and Chosen","floor":26,"turns":1}],"seed_played":"-69827914971506402","potions_obtained":[{"floor":10.0,"key":"Fire Potion"},{"floor":11.0,"key":"Fire Potion"},{"floor":12.0,"key":"Fire Potion"},{"floor":14.0,"key":"champ:CounterPotion"},{"floor":15.0,"key":"champ:CounterPotion"},{"floor":21,"key":"Strength Potion"}],"is_trial":false,"path_per_floor":["R","M","?","M","?","M","T","$","R","M","M","E","R","E","M","B",null,"R","M","?","M","M","R","T","?","M"],"character_chosen":"SLIMEBOUND","items_purchased":["Slimebound:ProtectTheBoss","Slimebound:FormOfPuddle","Bag of Preparation","GuppysTail","Slimebound:SlimeTap","Slimebound:DuplicatedForm","Slimebound:OneTwoCombo","Slimebound:SlimeBarrage"],"campfire_rested":0,"item_purchase_floors":[8,8,8,17,17,17,17,17],"current_hp_per_floor":[65,65,65,65,65,64,64,61,61,62,61,66,66,63,54,54,37,37,37,37,37,32,32,32,17,0,0,0],"gold":362,"neow_bonus":"THREE_ENEMY_KILL","is_daily":false,"chose_seed":false,"campfire_upgraded":5,"win_rate":0.0,"timestamp":1614440986,"path_taken":["R","M","?","M","?","M","T","$","R","M","?","E","R","E","M","BOSS","R","M","?","?","M","R","T","?","?"],"items_purchased_type":["Card","Card","Relic","Relic","Card","Card","Card","Card"],"build_version":"2020-12-22","purchased_purges":1,"victory":false,"max_hp_per_floor":[65,65,65,65,65,65,65,62,62,62,62,66,66,63,63,60,37,37,37,37,37,37,37,37,37,37,37,37],"card_choices":[{"not_picked":[],"picked":"BloodyBrimstone","floor":0.0},{"not_picked":["Slimebound:Grow","Slimebound:RejuvenatingLick"],"picked":"Slimebound:SplitMire","floor":2.0},{"not_picked":["Slimebound:LeechingTouch","Slimebound:Replication"],"picked":"Bomb","floor":4.0},{"not_picked":["Slimebound:ForwardTackle","Slimebound:LeechingTouch"],"picked":"Bomb","floor":5.0},{"not_picked":["Slimebound:FlameTackle","Slimebound:LivingWall"],"picked":"Slimebound:SplitLeeching","floor":6.0},{"not_picked":["Slimebound:GoopSpray","Slimebound:SamplingLick","Slimebound:SplitMire"],"picked":"Slimebound:LeadByExample","floor":8.0},{"not_picked":["Slimebound:LivingWall","Slimebound:SplitBruiser","Slimebound:FinishingTackle"],"picked":"Slimebound:ForwardTackle","floor":10.0},{"not_picked":["Slimebound:RainOfGoop","Slimebound:PrepareCrush","Slimebound:RollThrough","Slimebound:TongueLash"],"picked":"SKIP","floor":11.0},{"not_picked":["Slimebound:Grow","Slimebound:LeechEnergy","Slimebound:Prepare"],"picked":"Slimebound:MinionMaster","floor":12.0},{"not_picked":["Slimebound:SlimeSpikes","Slimebound:Prepare","Slimebound:PressTheAttack"],"picked":"Bomb","floor":14.0},{"not_picked":["Slimebound:LeechEnergy","Slimebound:DisruptingSlam","Slimebound:Replication"],"picked":"Slimebound:ProtectTheBoss","floor":15.0},{"not_picked":["Slimebound:SlimeSlap","Slimebound:Recycling","Slimebound:DouseInSlime"],"picked":"Slimebound:SelfFormingGoo","floor":16},{"not_picked":["Slimebound:LeechingTouch+1","Slimebound:FlameTackle","Slimebound:ProtectTheBoss"],"picked":"Slimebound:FormOfPuddle+1","floor":19},{"not_picked":["Slimebound:PressTheAttack+1","Slimebound:LeechEnergy","Slimebound:FormOfPuddle"],"picked":"Slimebound:SlimeBrawl","floor":21},{"not_picked":["Slimebound:SpikyOuterGoop","Slimebound:ProtectTheBoss","Slimebound:LeechingTouch"],"picked":"Slimebound:ComboTackle","floor":22}],"player_experience":16284,"relics_obtained":[{"floor":7.0,"key":"Question Card"},{"floor":12.0,"key":"Strawberry"},{"floor":14.0,"key":"BookOfRevelations"},{"floor":24,"key":"PillsDrop"}],"event_choices":[{"damage_healed":0,"gold_gain":0,"player_choice":"Read","damage_taken":0,"max_hp_gain":0,"max_hp_loss":0,"event_name":"The Library","floor":20,"gold_loss":0,"cards_obtained":["Slimebound:SlimeBrawl"]}],"is_beta":false,"boss_relics":[{"not_picked":["Slimebound:AbsorbEndCombatUpgraded","SlaversCollar"],"picked":"bronze:MakeshiftBattery"},{"not_picked":[]}],"items_purged_floors":[8],"is_endless":false,"potions_floor_spawned":[10,11,12,14,15,21],"killed_by":"Cultist and Chosen","ascension_level":1}}