{"host":"5tir6155jnoxijqh","time":1614445936,"event":{"mods":["Act Like it!","Arknights","BaseMod","Downfall","Hermit","Library of Ruina","Library of Ruina Extra","Minty Spire (QoL Compilation)","MostiFishMod","Shop Mod","Spicy Shops","StSLib","WarShipGirlsR/’ΩΩ¢…Ÿ≈ÆR mod"],"gold_per_floor":[114,114,134,154,169,169,187,221,221,233,47,59,90,110,110,189,189,204,248,34,51,91,91,107,142,142,142,12,46,95,130,130,238,238,258,258,207,223,223,251,211,238,320,320,320,366,386,386,386,386,386,386,386,386,414,415],"floor_reached":57,"language":"ZHS","playtime":3595,"items_purged":["LightAttack","Dodge","LightAttack","LightDefense","LightDefense"],"score":2822,"play_id":"c4f87e83-0d4e-41ef-91a0-bb1e034febc1","local_time":"20210228011216","is_ascension_mode":true,"campfire_choices":[{"data":"BalefulBrand","floor":6.0,"key":"SMITH"},{"data":"GroundSmash","floor":15.0,"key":"SMITH"},{"floor":23.0,"key":"RECALL"},{"data":"TheWillOfTheCity","floor":27.0,"key":"SMITH"},{"data":"SwordOfVolition","floor":32.0,"key":"SMITH"},{"data":"UnforgettableMelody","floor":45.0,"key":"SMITH"},{"data":"Deep Breath","floor":49,"key":"SMITH"},{"data":"Violence","floor":53,"key":"SMITH"}],"circlet_count":57,"master_deck":["AscendersBane","LightDefense+1","LightDefense+1","ChargeAndCover","FocusedStrikes","MostiFishMod:ButterFly+1","RulesOfTheBackstreets","BoundaryOfDeath","BalefulBrand+1","Lock","GroundSmash+1","QuickSuppression","MindWhip","MirageStorm","GutHarvesting","Suppress","SwordOfVolition+1","Quickness+1","TheWillOfTheCity+1","EmotionalTurbulence+1","MindPrepared+1","ViolentFlame","RagingStormLove+1","GatherIntel","UnforgettableMelody+1","Deep Breath+1","Violence+1","SuanNi+1","Rewind+1","SwordOfVolition+1","GoinFirst+1","Flash of Steel+1","Finesse+1","MostiFishMod:KingOfFree+1","Master of Strategy+1","ExtractFuel+1","Jack Of All Trades+1","FervidEmotions+1"],"relics":["PageOfLibrarian","DaveBox","JellyFishMachine","SynthV:TestCard","The Courier","MostiFishMod:AdaptiveDefenses","PageOfThreeBirds","GreenFoldingFan","Mummified Hand","Molten Egg 2","Unceasing Top","Omamori","Dream Catcher","PageOfSingingMachine","SlaversCollar","DiscerningMonocle","PageOfScarecrow","Matryoshka","PageOfLittleHelper","Blue Candle","Toy Ornithopter","Bird Faced Urn","Bag of Preparation","Pantograph","StoneCalendar","PreservedInsect","SynthV:C4","Vajra","Orichalcum","DianPoetry","Singing Bowl","Toxic Egg 2","PageOfAspirationHeart","Bottled Lightning","PageOfQueenBee","Blood Vial","PageOfLaetitia","PageOfTodaysShyLook","WingedGreaves","PageOfForsakenMurderer","PageOfAlriune","Pen Nib","Eternal Feather","PageOfMercenary","Strawberry","White Beast Statue","Juzu Bracelet","Lantern","PageOfBloodbath","PageOfPinocchio","War Paint","Bag of Marbles","Oddly Smooth Stone","MealTicket","PageOfHappyTeddyBear","Boot","PageOfOzma","PageOfSpiderBud","Bronze Scales","PageOfGalaxyChild","Art of War","Du-Vu Doll","Akabeko","FossilizedHelix","Shuriken","Meat on the Bone","Ancient Tea Set","Nunchaku","Mango","PageOfFreischutz","InkBottle","Potion Belt","Regal Pillow","PageOfPorccubus","Bottled Flame","PageOfGreed","PageOfBigBird","PageOfWizard","Kunai","PageOfJudgementBird","PageOfScorchedGirl","PageOfNosferatu","Ornamental Fan","Pear","PageOfUniverseFragment","Letter Opener","Darkstone Periapt","ArrowTower","PageOfWrath","Question Card","ThornShield","PageOfTheQueenOfHatred","Mercury Hourglass","ImprovedEquipment","PageOfNothingThere","PageOfApocalypseBird","HornCleat","PageOfWayBackHome","PageOfRedShoes","OriginationStaff","BionicSphere","Incense Burner","Girya","TungstenRod","CaptainsWheel","PageOfPunishingBird","PageOfTheKnightOfDespair","Sundial","Calipers","Ice Cream","Torii","CombinedTypeHook","Shovel","PageOfFairyFestival","HollowDreamFlower","Lizard Tail","Prayer Wheel","DianDianMeat","Pocketwatch","DaCapo","Turnip","Thread and Needle","PageOfTheSilentOrchestra","Circlet","PageOfSnowWhitesApple","PageOfMountain","PageOfNihil","Sling","Strange Spoon"],"acts_visited":["Exordium","TheCity","TheBeyond","TheEnding"],"potions_floor_usage":[50,56,56,56,56,56,56,56],"damage_taken":[{"damage":5.0,"enemies":"Small Slimes","floor":1.0,"turns":2.0},{"damage":6.0,"enemies":"2 Louse","floor":3.0,"turns":2.0},{"damage":0.0,"enemies":"Jaw Worm","floor":4.0,"turns":2.0},{"damage":0.0,"enemies":"Blue Slaver","floor":5.0,"turns":1.0},{"damage":9.0,"enemies":"Lots of Slimes","floor":7.0,"turns":6.0},{"damage":4.0,"enemies":"Lagavulin","floor":8.0,"turns":4.0},{"damage":0.0,"enemies":"3 Louse","floor":10.0,"turns":3.0},{"damage":0.0,"enemies":"Large Slime","floor":12.0,"turns":3.0},{"damage":0.0,"enemies":"3 Sentries","floor":13.0,"turns":1.0},{"damage":4.0,"enemies":"Exordium Thugs","floor":14.0,"turns":1.0},{"damage":0.0,"enemies":"Slime Boss","floor":16.0,"turns":2.0},{"damage":6.0,"enemies":"Chosen","floor":18.0,"turns":2.0},{"damage":6.0,"enemies":"Spheric Guardian","floor":19.0,"turns":2.0},{"damage":4.0,"enemies":"3 Cultists","floor":21.0,"turns":1.0},{"damage":28.0,"enemies":"Centurion and Healer","floor":22.0,"turns":6.0},{"damage":14.0,"enemies":"Snake Plant","floor":24.0,"turns":1.0},{"damage":11.0,"enemies":"Slavers","floor":25.0,"turns":2.0},{"damage":14.0,"enemies":"Gremlin Leader","floor":29.0,"turns":2.0},{"damage":10.0,"enemies":"3 Cultists","floor":30.0,"turns":2.0},{"damage":31.0,"enemies":"Book of Stabbing","floor":31.0,"turns":3.0},{"damage":57.0,"enemies":"Collector","floor":33.0,"turns":4.0},{"damage":6.0,"enemies":"Orb Walker","floor":35.0,"turns":3.0},{"damage":0.0,"enemies":"3 Shapes","floor":38.0,"turns":1.0},{"damage":0.0,"enemies":"Nemesis","floor":40.0,"turns":1.0},{"damage":0.0,"enemies":"Giant Head","floor":42.0,"turns":1.0},{"damage":0.0,"enemies":"2 Orb Walkers","floor":46.0,"turns":1.0},{"damage":0.0,"enemies":"3 Darklings","floor":47.0,"turns":1.0},{"damage":0,"enemies":"Awakened One","floor":50,"turns":2},{"damage":0,"enemies":"Awakened One","floor":51,"turns":2},{"damage":0,"enemies":"Shield and Spear","floor":55,"turns":1},{"damage":0,"enemies":"The Heart","floor":56,"turns":2}],"seed_played":"5304355571764081820","potions_obtained":[{"floor":3.0,"key":"GamblersBrew"},{"floor":8.0,"key":"Block Potion"},{"floor":14.0,"key":"Strength Potion"},{"floor":18.0,"key":"Regen Potion"},{"floor":24.0,"key":"Energy Potion"},{"floor":30.0,"key":"Weak Potion"},{"floor":33.0,"key":"Block Potion"},{"floor":40.0,"key":"CultistPotion"},{"floor":42.0,"key":"EntropicBrew"},{"floor":47.0,"key":"PowerPotion"},{"floor":48,"key":"Fruit Juice"}],"is_trial":false,"path_per_floor":["M","?","M","M","M","R","M","E","T","M","$","M","E","M","R","B",null,"M","M","$","M","M","R","M","E","T","R","$","E","M","E","R","B",null,"M","?","$","M","?","E","?","E","T","?","R","?","M","?","R","B",null,null,"R","$","E","B",null],"character_chosen":"Librarian","items_purchased":["MostiFishMod:AdaptiveDefenses","Mummified Hand","Omamori","DiscerningMonocle","PageOfScarecrow","Matryoshka","PageOfLittleHelper","UnforgettableMelody","Blue Candle","Toy Ornithopter","Bird Faced Urn","Bag of Preparation","Pantograph","StoneCalendar","PreservedInsect","Deep Breath","Violence","SynthV:C4","Vajra","Orichalcum","DianPoetry","Singing Bowl","Toxic Egg 2","PageOfAspirationHeart","Bottled Lightning","PageOfQueenBee","Blood Vial","PageOfLaetitia","PageOfTodaysShyLook","WingedGreaves","PageOfForsakenMurderer","PageOfAlriune","Pen Nib","Eternal Feather","PageOfMercenary","Strawberry","White Beast Statue","Juzu Bracelet","Lantern","PageOfBloodbath","PageOfPinocchio","War Paint","Bag of Marbles","Oddly Smooth Stone","MealTicket","PageOfHappyTeddyBear","Boot","PageOfOzma","PageOfSpiderBud","Bronze Scales","PageOfGalaxyChild","Art of War","Du-Vu Doll","Akabeko","FossilizedHelix","Shuriken","Meat on the Bone","Ancient Tea Set","Nunchaku","Mango","PageOfFreischutz","InkBottle","Potion Belt","LiquidMemories","DuplicationPotion","Regal Pillow","PageOfPorccubus","Bottled Flame","PageOfGreed","PageOfBigBird","PageOfWizard","Kunai","PageOfJudgementBird","PageOfScorchedGirl","PageOfNosferatu","Ornamental Fan","Pear","PageOfUniverseFragment","Letter Opener","Darkstone Periapt","ArrowTower","PageOfWrath","Question Card","ThornShield","PageOfTheQueenOfHatred","Mercury Hourglass","ImprovedEquipment","PageOfNothingThere","PageOfApocalypseBird","HornCleat","PageOfWayBackHome","PageOfRedShoes","OriginationStaff","BionicSphere","Incense Burner","Girya","TungstenRod","CaptainsWheel","PageOfPunishingBird","PageOfTheKnightOfDespair","Sundial","Calipers","Ice Cream","Torii","CombinedTypeHook","Shovel","PageOfFairyFestival","HollowDreamFlower","Lizard Tail","Prayer Wheel","DianDianMeat","Pocketwatch","DaCapo","Turnip","Thread and Needle","PageOfTheSilentOrchestra","Circlet","Circlet","PageOfSnowWhitesApple","PageOfMountain","Circlet","Circlet","Circlet","Circlet","Circlet","Circlet","Circlet","Circlet","Circlet","Circlet","Circlet","Circlet","Circlet","Circlet","Circlet","Circlet","Circlet","Circlet","Circlet","Circlet","Circlet","Circlet","Circlet","Circlet","Circlet","Circlet","Circlet","Circlet","Circlet","Circlet","Circlet","Circlet","Circlet","Circlet","Circlet","Circlet","Circlet","Circlet","Circlet","Circlet","Circlet","Circlet","Circlet","Circlet","Circlet","Circlet","Circlet","Circlet","Circlet","Sling","Strange Spoon","Flash of Steel+1","Finesse+1","MostiFishMod:KingOfFree+1","Master of Strategy+1","ExtractFuel+1","EntropicBrew","Jack Of All Trades+1"],"campfire_rested":0,"item_purchase_floors":[11,20,28,37,37,37,37,37,37,37,37,37,37,37,37,37,37,37,37,37,37,37,37,37,37,37,37,37,37,37,37,37,37,37,37,37,37,37,37,37,37,37,37,37,37,37,37,37,37,37,37,37,37,37,37,37,37,37,37,37,37,37,37,37,37,37,37,37,37,37,37,37,37,37,37,37,37,37,37,37,37,37,37,37,37,37,37,37,37,37,37,37,37,37,37,37,37,37,37,37,37,37,37,37,37,37,37,37,37,37,37,37,37,37,37,37,37,37,37,37,37,37,37,37,37,37,37,37,37,37,37,37,37,37,37,37,37,37,37,37,37,37,37,37,37,37,37,37,37,37,37,37,37,37,37,37,37,37,37,37,37,37,37,37,37,37,37,37,37,54,54,54,54,54,54,54,54,54],"current_hp_per_floor":[60,60,62,63,70,70,63,70,70,74,74,78,84,80,80,84,84,84,84,84,87,78,78,87,87,87,87,87,83,87,74,74,48,77,81,81,33,125,128,168,178,223,223,223,241,245,251,251,251,256,256,256,256,301,312,312],"gold":415,"neow_bonus":"RANDOM_COLORLESS","is_daily":false,"chose_seed":false,"campfire_upgraded":7,"win_rate":0.0,"timestamp":1614445936,"path_taken":["M","?","M","M","M","R","M","E","T","M","$","M","E","M","R","BOSS","M","M","$","M","M","R","M","E","T","R","$","E","M","E","R","BOSS","M","?","?","M","?","E","?","E","T","?","R","?","M","?","R","BOSS","R","$","E","BOSS"],"items_purchased_type":["Relic","Relic","Relic","Relic","Relic","Relic","Relic","Card","Relic","Relic","Relic","Relic","Relic","Relic","Relic","Card","Card","Relic","Relic","Relic","Relic","Relic","Relic","Relic","Relic","Relic","Relic","Relic","Relic","Relic","Relic","Relic","Relic","Relic","Relic","Relic","Relic","Relic","Relic","Relic","Relic","Relic","Relic","Relic","Relic","Relic","Relic","Relic","Relic","Relic","Relic","Relic","Relic","Relic","Relic","Relic","Relic","Relic","Relic","Relic","Relic","Relic","Relic","Potion","Potion","Relic","Relic","Relic","Relic","Relic","Relic","Relic","Relic","Relic","Relic","Relic","Relic","Relic","Relic","Relic","Relic","Relic","Relic","Relic","Relic","Relic","Relic","Relic","Relic","Relic","Relic","Relic","Relic","Relic","Relic","Relic","Relic","Relic","Relic","Relic","Relic","Relic","Relic","Relic","Relic","Relic","Relic","Relic","Relic","Relic","Relic","Relic","Relic","Relic","Relic","Relic","Undefined","Undefined","Relic","Relic","Undefined","Undefined","Undefined","Undefined","Undefined","Undefined","Undefined","Undefined","Undefined","Undefined","Undefined","Undefined","Undefined","Undefined","Undefined","Undefined","Undefined","Undefined","Undefined","Undefined","Undefined","Undefined","Undefined","Undefined","Undefined","Undefined","Undefined","Undefined","Undefined","Undefined","Undefined","Undefined","Undefined","Undefined","Undefined","Undefined","Undefined","Undefined","Undefined","Undefined","Undefined","Undefined","Undefined","Undefined","Undefined","Undefined","Undefined","Undefined","Undefined","Relic","Relic","Card","Card","Card","Card","Card","Potion","Card"],"build_version":"2020-12-22","purchased_purges":5,"victory":true,"max_hp_per_floor":[67,67,63,70,70,70,70,84,84,84,84,84,84,84,84,84,84,84,87,87,87,87,87,87,87,87,87,87,87,87,87,87,87,87,87,87,223,226,229,231,241,243,243,243,243,245,251,251,251,256,256,256,256,301,312,312],"card_choices":[{"not_picked":["Trip","Good Instincts"],"picked":"MostiFishMod:ButterFly","floor":0.0},{"not_picked":["Reload","TrimTheIngredients","DevastatingThrash","ShockingBlow","Wallop_lor","Standoff","GuidanceOfTheGears","Parry"],"picked":"Punishment","floor":1.0},{"not_picked":["VenomousFangs","SummaryJudgment","YouOnlyLiveOnce","MindPrepared","UncannyStrike","Quickness","GrazeTheGrass","Thrust","Multislash","SparkingSpear"],"picked":"RulesOfTheBackstreets","floor":3.0},{"not_picked":["UncannyStrike","StrongStrike","FeelinGood","OpportunitySpotted","GreatSerpentsImpact","Standoff","DestructiveImpact","Parry","FlowOfTheSword","PuppetBlockade"],"picked":"BoundaryOfDeath","floor":4.0},{"not_picked":["ProselytesBlade","IronWall","UpbeatPerformance","WillOfThePrescript","EnergyShield","Parry2","Faith","Tailoring","Thrust","HighSpeedStabbing"],"picked":"BalefulBrand","floor":5.0},{"not_picked":["Multislash","UncannyStrike","EnergyStrike","LossOfSenses","HandleRequest","GrazeTheGrass","ToOvercomeCrisis","DefenseOrder","StrikeDown","FervidEmotions"],"picked":"Lock","floor":7.0},{"not_picked":["SharpSwipe","UnavoidableGaze","ToOvercomeCrisis","BlindFaith","Slice_lor","InhaleSmoke","Reload","FlashOfSunup","StayCalm","Rewind"],"picked":"GroundSmash","floor":8.0},{"not_picked":["Pound","MindWhip","EnergyStrike","NightInTheBackstreets","Wallop_lor","Unlock1","Castigation","BlindFaith","DefenseOrder","HighKick"],"picked":"QuickSuppression","floor":10.0},{"not_picked":["Outburst","InhaleSmoke","Marionette","InkOver","CutIn","DesperateStruggle","Execute_lor","Wallop_lor","BindingChains","Slice_lor"],"picked":"MindWhip","floor":12.0},{"not_picked":["Execute_lor","GuardingStance","DestructiveImpact","Diversion","TheArtOfRapidSteps","GrazeTheGrass","AlloutWar","DirtyBlow","EnergyConversion","Gamble"],"picked":"MirageStorm","floor":13.0},{"not_picked":["SharpenedBlade","SearingSword","Unlock1","YoureAHindrance","TrimTheIngredients","Disposal","InnerArdor","BiAn","HardRehearsal","Diversion","Parry"],"picked":"SKIP","floor":14.0},{"not_picked":["MirageStorm","FlamingDragonFist","Lock","Tttonst"],"picked":"GutHarvesting","floor":16.0},{"not_picked":["SuppressingShot","ViolentFlame","BiXi","SnakesPrey","HiddenBlade","GuidanceOfTheGears","BayonetCombat","JiaoTu","StrikeDown","GuardingStance"],"picked":"Suppress","floor":18.0},{"not_picked":["FleetEdge","Lock","ForTheFamily","UnavoidableGaze+1","EnergyShield+1","CircusKnives","Pound","TraceOfFumes","HighSpeedStabbing","SunsetBlade"],"picked":"SwordOfVolition","floor":19.0},{"not_picked":["Rewind","FleetFootsteps","Parry2","StrongStrike","BiteOff","TheArtOfRapidSteps","Retaliate","FocusFire","FlowOfTheSword","Wallop_lor"],"picked":"Quickness+1","floor":21.0},{"not_picked":["InkOver","StructuralAnalysis","MultiBlock","StrikeDown","Multislash","Crush","Slice_lor","Wallop_lor","KeepItFresh","Standoff+1","PinpointShot+1"],"picked":"SKIP","floor":22.0},{"not_picked":["AutomatedMovement+1","SuppressingShot+1","WillOfThePrescript","SpearedSweep","RulesOfTheBackstreets","BurningFlash","TendonChords","UpbeatPerformance","GrazeTheGrass","FlyingSword"],"picked":"TheWillOfTheCity","floor":24.0},{"not_picked":["EndlessBattle+1","Parry2","FaintMemories+1","FlashingStrike+1","DesperateStruggle+1","DeepDrag+1","MultiHit+1","MultiBlock","Struggle+1","RushDown+1"],"picked":"EmotionalTurbulence+1","floor":25.0},{"not_picked":["Leap_lor+1","Standoff+1","QuickAttack+1","MultiHit+1","TrimTheIngredients+1","PinpointShot+1","ConcentratedFire+1","Eradication+1","Unlock1+1","FleetFootsteps","Eject+1"],"picked":"SKIP","floor":29.0},{"not_picked":["SnakesPrey","BlindFaith","NightInTheBackstreets+1","ReadyUp","Parry+1","InhaleSmoke","MultiBlock+1","BiAn","EndlessBattle+1","FocusFire+1"],"picked":"MindPrepared+1","floor":30.0},{"not_picked":["Zzzzzap","DaringDecision+1","AGoldenOpportunity","CircusKnives+1","Endure","BulkyImpact+1","InhaleSmoke","NightInTheBackstreets+1","Pound+1","SharpSwipe+1"],"picked":"ViolentFlame","floor":31.0},{"not_picked":["Lock","EnergyBeam+1","Observe","GutHarvesting+1"],"picked":"RagingStormLove+1","floor":33.0},{"not_picked":["WillOfThePrescript+1","PinpointShot+1","Rewind","Pound+1","SerpentSwordTechnique","Unlock1+1","DefenseOrder","Parry+1","SharpSwipe+1","ScatteringSlash+1","Faith"],"picked":"SKIP","floor":35.0},{"not_picked":["GuardingStance+1","WaitUp+1","Eliminate+1","Concentration+1","TendonChords+1","DefenseOrder+1","ChopItOff+1","SmokingPipe+1","InnerArdor+1","FleetFootsteps+1","Endure+1"],"picked":"SuanNi+1","floor":38.0},{"not_picked":["Marionette+1","CoordinatedAssault+1","Preparation+1","SilentMist+1","InhaleSmoke+1","GuidanceOfTheGears+1","ExtremeEdge+1","IdentifyWeakpoint+1","DimensionalRift+1","FleetEdge+1","Parry+1"],"picked":"Rewind+1","floor":38.0},{"not_picked":["MindWhip+1","Parry+1","Crush+1","GutHarvesting+1","BackstreetsDash+1","Eject+1","StayCalm+1","Thrust+1","CookingPrep+1","TrimTheIngredients+1","QuickSuppression+1","NonstopAssault+1"],"picked":"Singing Bowl","floor":40.0},{"not_picked":["SturdyDefense"],"picked":"Singing Bowl","floor":41.0},{"not_picked":["Faith"],"picked":"Singing Bowl","floor":41.0},{"not_picked":["FleetEdge"],"picked":"Singing Bowl","floor":41.0},{"not_picked":["KeepItFresh"],"picked":"Singing Bowl","floor":41.0},{"not_picked":["GroundSmash"],"picked":"Singing Bowl","floor":41.0},{"not_picked":["IdentifyWeakpoint+1","Rewind+1","CoordinatedAssault+1","PreemptiveStrike+1","AsThePrescriptOrders+1","GutHarvesting+1","Thirst+1","HeavyPeaks+1","MindPrepared+1","WillOfThePrescript+1","TendonChords+1","StrikeDown+1"],"picked":"Singing Bowl","floor":42.0},{"not_picked":["StructuralAnalysis+1","Decapitation+1","AsThePrescriptOrders+1","Thrust+1","BiAn+1","NightInTheBackstreets+1","SmokingPipe+1","SuppressingShot+1","SinglePointStab+1","Rewind+1","Parry2+1","BackAttack+1"],"picked":"Singing Bowl","floor":46.0},{"not_picked":["Struggle+1","OminousPower","Outburst+1","Rewind+1","Execute_lor+1","Fence+1","Diversion+1","SerpentSwordTechnique+1","PreemptiveStrike+1","FierceOnslaught+1","SmokingPipe+1"],"picked":"GoinFirst+1","floor":47.0},{"not_picked":["Pound+1","NightInTheBackstreets+1","SnakesPrey","ButterflySlash+1","QuickSuppression+1","ClassAndRespect+1","UndertakePrescript+1","Faith+1","LawAndOrder+1","CoordinatedAssault+1","PreparedMind+1","UpbeatPerformance+1"],"picked":"Singing Bowl","floor":47.0},{"not_picked":["LoosenUp+1","SharpNails+1","Standoff+1","UnavoidableGaze+1","FleshFillet+1","WillBeTasty+1","BackAttack+1","Guardian_lor+1","DarkCloud","WillOfThePrescript+1","Tttonst+1"],"picked":"FervidEmotions+1","floor":55}],"player_experience":451303,"relics_obtained":[{"floor":1.0,"key":"SynthV:TestCard"},{"floor":8.0,"key":"The Courier"},{"floor":13.0,"key":"PageOfThreeBirds"},{"floor":25.0,"key":"Molten Egg 2"},{"floor":26.0,"key":"Unceasing Top"},{"floor":29.0,"key":"Dream Catcher"},{"floor":31.0,"key":"PageOfSingingMachine"},{"floor":38.0,"key":"PageOfNihil"},{"floor":40.0,"key":"Circlet"},{"floor":42.0,"key":"Circlet"},{"floor":43.0,"key":"Circlet"},{"floor":43.0,"key":"Circlet"},{"floor":46.0,"key":"Circlet"},{"floor":55,"key":"Circlet"}],"event_choices":[{"damage_healed":0.0,"max_hp_gain":0.0,"max_hp_loss":0.0,"gold_gain":0.0,"event_name":"Living Wall","player_choice":"Grow","floor":2.0,"gold_loss":0.0,"damage_taken":0.0,"cards_upgraded":["MostiFishMod:ButterFly"]},{"damage_healed":0.0,"max_hp_gain":0.0,"max_hp_loss":0.0,"gold_gain":0.0,"cards_transformed":["LightAttack"],"event_name":"Transmorgrifier","player_choice":"Transformed","floor":36.0,"gold_loss":0.0,"damage_taken":0.0,"cards_obtained":["GatherIntel"]},{"damage_healed":0.0,"max_hp_gain":0.0,"max_hp_loss":0.0,"gold_gain":0.0,"event_name":"Duplicator","player_choice":"Copied","floor":39.0,"gold_loss":0.0,"damage_taken":0.0,"cards_obtained":["SwordOfVolition"]},{"cards_removed":["Punishment"],"damage_healed":0.0,"max_hp_gain":0.0,"max_hp_loss":0.0,"gold_gain":0.0,"event_name":"Falling","player_choice":"Removed Attack","floor":44.0,"gold_loss":0.0,"damage_taken":0.0},{"damage_healed":0.0,"max_hp_gain":0.0,"max_hp_loss":0.0,"gold_gain":0.0,"event_name":"Mysterious Sphere","player_choice":"Fight","floor":46.0,"gold_loss":0.0,"damage_taken":0.0},{"damage_healed":0,"gold_gain":0,"player_choice":"Got Potions","damage_taken":0,"max_hp_gain":0,"max_hp_loss":0,"event_name":"Lab","floor":48,"gold_loss":0}],"is_beta":false,"boss_relics":[{"not_picked":["Fusion Hammer","Philosopher\u0027s Stone"],"picked":"GreenFoldingFan"},{"not_picked":["Astrolabe","Runic Pyramid"],"picked":"SlaversCollar"}],"items_purged_floors":[11,37,37,54,54],"is_endless":false,"potions_floor_spawned":[3,8,14,18,24,30,33,35,38,40,42,46,47,51,55],"ascension_level":17}}