{"host":"bplbr8uekuotory4","time":1614422871,"event":{"mods":["Act Like it!","BaseMod","GungeonMod","Hermit","KinomotoSakuraMod(木之本樱)","Marisa（F雨　魔理沙）","Minty Spire (QoL Compilation)","Prisma Mod","Quick Restart","Reimu（博丽灵梦）","SOS（斯巴达之子）","Spicy Shops","StSLib","TestMod","The Blackbeard","The Cursed","The Mystic","The Saiyan","The Senshi","The Servant 0.9.4","Yuri Mod","[IsaacMod]以撒尖塔"],"gold_per_floor":[114,114,188,587,603,603,613,642,690,527,559,559,586,586,586,586,586],"floor_reached":16,"language":"ZHS","playtime":283,"items_purged":["Defend_Lin:ReiMu"],"score":224,"play_id":"6dea3657-cc7f-4548-908d-404a499cbcb8","local_time":"20210227184751","is_ascension_mode":true,"campfire_choices":[{"data":"TightArray:ReiMu","floor":6,"key":"SMITH"},{"floor":12,"key":"RECALL"},{"data":"SealNeedle:ReiMu","floor":15,"key":"SMITH"}],"circlet_count":0,"master_deck":["AscendersBane","Strike_Lin:ReiMu","Strike_Lin:ReiMu","Strike_Lin:ReiMu","Defend_Lin:ReiMu","Defend_Lin:ReiMu","Defend_Lin:ReiMu","NB:ReiMu","Stagnation:ReiMu","TightArray:ReiMu+1","SealNeedle:ReiMu+1"],"relics":["FlyPower:ReiMu","testmod-TestBox","HushsDoor","SteamSale","testmod-Charity","NeowsBlessing","MoneyPower","HowToJump","RuthlessExorcism:ReiMu","Unceasing Top","Bow_fan:ReiMu","DemoMod:GlassGuonStoneRelic","DemoMod:LamentConfigurum"],"acts_visited":["Exordium"],"potions_floor_usage":[8,16],"damage_taken":[{"damage":0,"enemies":"Small Slimes","floor":1,"turns":2},{"damage":0,"enemies":"2 Louse","floor":5,"turns":1},{"damage":0,"enemies":"Jaw Worm","floor":7,"turns":1},{"damage":15,"enemies":"Gremlin Nob","floor":8,"turns":4},{"damage":20,"enemies":"3 Sentries","floor":11,"turns":7},{"damage":15,"enemies":"Lagavulin","floor":13,"turns":4},{"damage":0,"enemies":"Slime Boss","floor":16,"turns":4}],"seed_played":"-1046213140211181058","potions_obtained":[{"floor":1,"key":"testmod-TestPotion"},{"floor":13,"key":"Strength Potion"}],"is_trial":false,"path_per_floor":["M","?","?","?","M","R","M","E","T","$","E","R","E","?","R","B"],"character_chosen":"REIMU","items_purchased":["RuthlessExorcism:ReiMu","Unceasing Top"],"campfire_rested":0,"item_purchase_floors":[10,10],"current_hp_per_floor":[60,126,116,117,118,118,119,105,106,106,87,87,73,66,66,66,66],"gold":586,"neow_bonus":"THREE_ENEMY_KILL","is_daily":false,"chose_seed":false,"campfire_upgraded":2,"win_rate":0.0,"timestamp":1614422871,"path_taken":["M","?","?","?","M","R","?","E","T","$","E","R","E","?","R","BOSS"],"items_purchased_type":["Relic","Relic"],"build_version":"2020-12-22","purchased_purges":1,"victory":false,"max_hp_per_floor":[66,132,133,134,135,135,136,137,138,138,139,139,140,140,140,140,140],"card_choices":[{"not_picked":[],"picked":"ChaosCard","floor":0},{"not_picked":["Intuition:ReiMu","BarrageOfMoneybags:ReiMu"],"picked":"TightArray:ReiMu","floor":1},{"not_picked":["SpringWay:ReiMu","PhosphorusFlame:ReiMu","WonderfulDomain:ReiMu"],"picked":"SKIP","floor":5},{"not_picked":["WonderfulDomain:ReiMu","CollectionFlower2:ReiMu","CareerPray:ReiMu"],"picked":"SKIP","floor":7},{"not_picked":["TightArray:ReiMu","Enchanting:ReiMu","Crusade:ReiMu"],"picked":"SKIP","floor":8},{"not_picked":["SubcavityInstant:ReiMu","SubAcupoint:ReiMu"],"picked":"Bomb","floor":11},{"not_picked":["OrbThrow:ReiMu","DoubleButterfly:ReiMu"],"picked":"SealNeedle:ReiMu","floor":13}],"player_experience":1204617,"relics_obtained":[{"floor":8,"key":"MoneyPower"},{"floor":9,"key":"HowToJump"},{"floor":11,"key":"Bow_fan:ReiMu"},{"floor":13,"key":"DemoMod:LamentConfigurum"}],"event_choices":[{"damage_healed":0,"gold_gain":0,"player_choice":"Swap Relic","damage_taken":0,"relics_obtained":["testmod-HarvestTotem"],"max_hp_gain":0,"max_hp_loss":0,"event_name":"给自己的盒子","floor":2,"relics_lost":["testmod-HarvestTotem"],"gold_loss":0},{"damage_healed":0,"gold_gain":75,"player_choice":"Gather Gold","damage_taken":11,"max_hp_gain":0,"max_hp_loss":0,"event_name":"World of Goop","floor":3,"gold_loss":0},{"damage_healed":0,"gold_gain":400,"player_choice":"Sell","damage_taken":0,"max_hp_gain":0,"max_hp_loss":0,"event_name":"恩洛斯的盘子","floor":4,"relics_lost":["DemoMod:GlassGuonStoneRelic"],"gold_loss":0},{"cards_removed":["Strike_Lin:ReiMu"],"damage_healed":0,"gold_gain":0,"player_choice":"Card Removal","damage_taken":7,"max_hp_gain":0,"max_hp_loss":0,"event_name":"Golden Wing","floor":14,"gold_loss":0}],"is_beta":false,"boss_relics":[],"items_purged_floors":[10],"is_endless":false,"potions_floor_spawned":[1,13],"killed_by":"Slime Boss","ascension_level":10}}