{"host":"rw1trt79hfpl7pom","time":1614432018,"event":{"mods":["BaseMod","Bestiary","Colored Map","Jorbs\u0027s Wanderer Trilogy","Minty Spire (QoL Compilation)","Relic Stats","StSLib","SuperFastMode"],"gold_per_floor":[118,118,135,60,60,60,60,60],"floor_reached":7,"language":"ENG","playtime":263,"items_purged":["stsjorbsmod:Defend_Wanderer"],"score":78,"play_id":"9f5ccdba-e2a2-4ac0-971f-c53261044208","local_time":"20210227052018","is_ascension_mode":true,"campfire_choices":[{"data":"stsjorbsmod:FreshAdventure","floor":6,"key":"SMITH"}],"circlet_count":0,"master_deck":["AscendersBane","stsjorbsmod:ForbiddenGrimoire+1","stsjorbsmod:Strike_Wanderer+1","stsjorbsmod:Strike_Wanderer","stsjorbsmod:Defend_Wanderer","stsjorbsmod:Defend_Wanderer","stsjorbsmod:FreshAdventure+1","stsjorbsmod:EyeOfTheStorm","stsjorbsmod:Materialize+1"],"relics":["Empty Cage"],"acts_visited":["Exordium"],"potions_floor_usage":[],"damage_taken":[{"damage":1,"enemies":"2 Louse","floor":1,"turns":4},{"damage":0,"enemies":"Small Slimes","floor":3,"turns":4},{"damage":33,"enemies":"3 Sentries","floor":7,"turns":8}],"seed_played":"6390445224267214895","potions_obtained":[],"is_trial":false,"path_per_floor":["M","?","M","$","?","R","E"],"character_chosen":"WANDERER","items_purchased":[],"campfire_rested":0,"item_purchase_floors":[],"current_hp_per_floor":[57,38,38,38,31,31,0,0],"gold":60,"neow_bonus":"BOSS_RELIC","is_daily":false,"chose_seed":false,"campfire_upgraded":1,"win_rate":0.0,"timestamp":1614432018,"path_taken":["M","?","M","$","?","R","E"],"items_purchased_type":[],"build_version":"2020-12-22","purchased_purges":1,"victory":false,"max_hp_per_floor":[64,64,64,64,64,64,64,64],"relic_stats":{"counters":[3,16],"obtain_stats":[{"stsjorbsmod:GrimoireRelic":0,"Empty Cage":0},{"stsjorbsmod:GrimoireRelic":0,"Empty Cage":0},{"stsjorbsmod:GrimoireRelic":0,"Empty Cage":0}]},"card_choices":[{"not_picked":["stsjorbsmod:Hurt","stsjorbsmod:TrueStrike"],"picked":"stsjorbsmod:Materialize","floor":1},{"not_picked":["stsjorbsmod:Prestidigitation","stsjorbsmod:Materialize","stsjorbsmod:UnseenServant"],"picked":"SKIP","floor":3}],"player_experience":2945718,"relics_obtained":[],"event_choices":[{"damage_healed":0,"gold_gain":0,"player_choice":"Entered Light","damage_taken":19,"max_hp_gain":0,"max_hp_loss":0,"event_name":"Shining Light","floor":2,"gold_loss":0,"cards_upgraded":["stsjorbsmod:Materialize","stsjorbsmod:Strike_Wanderer"]},{"cards_removed":["stsjorbsmod:Strike_Wanderer"],"damage_healed":0,"gold_gain":0,"player_choice":"Card Removal","damage_taken":7,"max_hp_gain":0,"max_hp_loss":0,"event_name":"Golden Wing","floor":5,"gold_loss":0}],"is_beta":false,"boss_relics":[],"items_purged_floors":[4],"is_endless":false,"potions_floor_spawned":[],"killed_by":"3 Sentries","ascension_level":20}}