{"host":"Slaske","time":1614384321,"event":{"mods":["AchievementEnabler","BaseMod","Colored Map","Colored Powertips","Minty Spire (QoL Compilation)","Random Character Button","Relic Stats","slay the spire mod where everything is the same but ironclad has a cowboy hat"],"gold_per_floor":[112,8,183,183,183,218,218,232,256,272,303,253,253,264,264,366,366,386,386,386,401,416,446,446,478,478,507,507,526,526,554,554,653,653,666,666,666,683,700,700,727,739,751,763,789,820,832,944,956,968,968],"floor_reached":50,"language":"ENG","playtime":23816,"items_purged":[],"score":770,"play_id":"88452793-3a29-4080-9c11-ca1719d998ac","local_time":"20210227010521","is_ascension_mode":true,"campfire_choices":[{"floor":7,"key":"REST"},{"data":"Cloak And Dagger","floor":13,"key":"SMITH"},{"data":"Cloak And Dagger","floor":15,"key":"SMITH"},{"data":"Accuracy","floor":24,"key":"SMITH"},{"floor":28,"key":"REST"},{"floor":30,"key":"REST"},{"floor":32,"key":"REST"},{"data":"Cloak And Dagger","floor":40,"key":"SMITH"},{"floor":42,"key":"REST"},{"floor":44,"key":"RECALL"},{"floor":49,"key":"REST"}],"circlet_count":0,"master_deck":["Defend_G","Defend_G","Defend_G","Defend_G","Defend_G","Survivor","Neutralize","Acrobatics","Dodge and Roll","Accuracy+1","Blade Dance","Blade Dance","Slice","Cloak And Dagger+1","Cloak And Dagger+1","Backflip","Doppelganger","Choke+1","Bullet Time+1","Masterful Stab+1","Cloak And Dagger+1","Bite","Bite","Bite","Bite","Finisher","Terror","Accuracy+1","PiercingWail","Accuracy","Blur","Deflect","Accuracy","Venomology","Slice+1","Accuracy+1","Infinite Blades+1","PiercingWail"],"relics":["Ring of the Snake","Bottled Tornado","Astrolabe","Nloth\u0027s Gift","Dream Catcher","Pear","Happy Flower","Red Mask","TungstenRod","WristBlade","MawBank"],"acts_visited":["Exordium","TheCity","TheBeyond"],"potions_floor_usage":[16,21,22,29,39,39,41,50,50,50],"damage_taken":[{"damage":4,"enemies":"Small Slimes","floor":1,"turns":5},{"damage":18,"enemies":"Lagavulin","floor":6,"turns":7},{"damage":1,"enemies":"2 Louse","floor":8,"turns":3},{"damage":0,"enemies":"Cultist","floor":10,"turns":2},{"damage":4,"enemies":"Gremlin Nob","floor":11,"turns":3},{"damage":0,"enemies":"3 Louse","floor":14,"turns":2},{"damage":12,"enemies":"Hexaghost","floor":16,"turns":8},{"damage":6,"enemies":"Chosen","floor":18,"turns":3},{"damage":0,"enemies":"3 Byrds","floor":21,"turns":3},{"damage":3,"enemies":"Cultist and Chosen","floor":22,"turns":6},{"damage":20,"enemies":"Book of Stabbing","floor":23,"turns":4},{"damage":35,"enemies":"Gremlin Leader","floor":25,"turns":5},{"damage":0,"enemies":"Masked Bandits","floor":27,"turns":2},{"damage":5,"enemies":"Centurion and Healer","floor":29,"turns":5},{"damage":29,"enemies":"Slavers","floor":31,"turns":6},{"damage":17,"enemies":"Champ","floor":33,"turns":7},{"damage":15,"enemies":"3 Darklings","floor":35,"turns":6},{"damage":0,"enemies":"Orb Walker","floor":38,"turns":3},{"damage":5,"enemies":"Jaw Worm Horde","floor":39,"turns":4},{"damage":40,"enemies":"Nemesis","floor":41,"turns":5},{"damage":11,"enemies":"Sphere and 2 Shapes","floor":45,"turns":4},{"damage":9,"enemies":"3 Darklings","floor":46,"turns":4},{"damage":81,"enemies":"Time Eater","floor":50,"turns":6}],"seed_played":"-2573495425905861351","potions_obtained":[{"floor":10,"key":"Block Potion"},{"floor":11,"key":"Block Potion"},{"floor":18,"key":"LiquidMemories"},{"floor":25,"key":"FairyPotion"},{"floor":27,"key":"PowerPotion"},{"floor":33,"key":"PowerPotion"},{"floor":35,"key":"FearPotion"},{"floor":39,"key":"Ancient Potion"}],"is_trial":false,"path_per_floor":["M","$","?","?","?","E","R","M","T","M","E","?","R","M","R","B",null,"M","?","?","M","M","E","R","E","T","?","R","M","R","E","R","B",null,"M","?","?","M","M","R","E","R","T","R","M","M","?","?","R","B"],"character_chosen":"THE_SILENT","items_purchased":["Accuracy","Blade Dance"],"campfire_rested":6,"item_purchase_floors":[2,2],"current_hp_per_floor":[59,59,59,52,52,34,52,51,51,53,51,51,51,53,53,43,58,54,54,54,54,57,45,45,22,22,28,49,48,69,44,65,54,68,59,59,59,61,60,60,26,46,46,46,39,34,34,34,54,0,0],"gold":968,"neow_bonus":"TRANSFORM_TWO_CARDS","is_daily":false,"chose_seed":false,"campfire_upgraded":4,"win_rate":0.0,"timestamp":1614384321,"path_taken":["M","$","?","?","?","E","R","M","T","?","E","?","R","M","R","BOSS","M","?","?","M","?","E","R","E","T","?","R","M","R","E","R","BOSS","M","?","?","M","?","R","E","R","T","R","M","M","?","?","R","BOSS"],"items_purchased_type":["Card","Card"],"build_version":"2020-12-18","purchased_purges":0,"victory":false,"max_hp_per_floor":[63,63,63,63,63,63,63,63,63,63,63,63,63,63,63,63,63,63,63,63,63,63,63,63,73,73,73,73,73,73,73,73,73,73,73,69,69,69,69,69,69,69,69,69,69,69,69,69,69,69,69],"relic_stats":{"Dream Catcher":5,"Happy Flower":[17],"counters":[23,103],"Astrolabe":["Choke","Bullet Time","Masterful Stab"],"Nloth\u0027s Gift":2,"MawBank":108,"obtain_stats":[{"Pear":25,"Happy Flower":26,"Astrolabe":17,"Juzu Bracelet":11,"Bottled Tornado":6,"MawBank":41,"Blood Vial":9,"Dream Catcher":23,"WristBlade":34,"Nloth\u0027s Gift":20,"Red Mask":27,"TungstenRod":31,"Ring of the Snake":0},{"Pear":12,"Happy Flower":12,"Astrolabe":7,"Juzu Bracelet":5,"Bottled Tornado":2,"MawBank":20,"Blood Vial":3,"Dream Catcher":11,"WristBlade":16,"Nloth\u0027s Gift":8,"Red Mask":13,"TungstenRod":15,"Ring of the Snake":0},{"Pear":51,"Happy Flower":51,"Astrolabe":30,"Juzu Bracelet":20,"Bottled Tornado":12,"MawBank":89,"Blood Vial":15,"Dream Catcher":46,"WristBlade":71,"Nloth\u0027s Gift":33,"Red Mask":53,"TungstenRod":64,"Ring of the Snake":0}],"TungstenRod":24,"Ring of the Snake":[46]},"card_choices":[{"not_picked":["Sucker Punch","Quick Slash"],"picked":"Dodge and Roll","floor":1},{"not_picked":["Malaise","Acrobatics"],"picked":"Blade Dance","floor":6},{"not_picked":["Setup","Dagger Spray"],"picked":"Slice","floor":8},{"not_picked":["Flying Knee","Acrobatics"],"picked":"Cloak And Dagger","floor":10},{"not_picked":["Choke","Envenom"],"picked":"Cloak And Dagger","floor":11},{"not_picked":["All Out Attack","Skewer"],"picked":"Backflip","floor":14},{"not_picked":["Bullet Time","Envenom"],"picked":"Doppelganger","floor":16},{"not_picked":["Reflex","Underhanded Strike"],"picked":"Cloak And Dagger","floor":18},{"not_picked":["All Out Attack","Underhanded Strike"],"picked":"Finisher","floor":21},{"not_picked":["Underhanded Strike","Cloak And Dagger"],"picked":"Terror","floor":22},{"not_picked":["Catalyst","Outmaneuver+1"],"picked":"Accuracy","floor":23},{"not_picked":["Backstab","Envenom"],"picked":"PiercingWail","floor":25},{"not_picked":["PiercingWail","Slice"],"picked":"Accuracy","floor":27},{"not_picked":["Choke","Well Laid Plans+1"],"picked":"Blur","floor":28},{"not_picked":["Deadly Poison","Dash"],"picked":"Deflect","floor":29},{"not_picked":["Leg Sweep","Dash","Endless Agony+1"],"picked":"SKIP","floor":31},{"not_picked":["Riddle With Holes","Deadly Poison"],"picked":"Accuracy","floor":32},{"not_picked":["Malaise","Bullet Time"],"picked":"Venomology","floor":33},{"not_picked":["Cloak And Dagger","Finisher+1","Underhanded Strike"],"picked":"SKIP","floor":35},{"not_picked":["Bouncing Flask+1","Deadly Poison"],"picked":"Slice+1","floor":38},{"not_picked":["Quick Slash+1","Expertise"],"picked":"Accuracy+1","floor":39},{"not_picked":["Well Laid Plans+1","Night Terror","Riddle With Holes"],"picked":"SKIP","floor":41},{"not_picked":["Escape Plan+1","Backstab+1","Grand Finale"],"picked":"SKIP","floor":45},{"not_picked":["Catalyst","Dodge and Roll"],"picked":"Infinite Blades+1","floor":46},{"not_picked":["Escape Plan","Slice"],"picked":"PiercingWail","floor":49}],"player_experience":573687,"relics_obtained":[{"floor":6,"key":"Bottled Tornado"},{"floor":9,"key":"Blood Vial"},{"floor":11,"key":"Juzu Bracelet"},{"floor":23,"key":"Dream Catcher"},{"floor":25,"key":"Pear"},{"floor":26,"key":"Happy Flower"},{"floor":27,"key":"Red Mask"},{"floor":31,"key":"TungstenRod"},{"floor":41,"key":"MawBank"}],"event_choices":[{"damage_healed":0,"gold_gain":175,"player_choice":"AGREE","damage_taken":0,"max_hp_gain":0,"max_hp_loss":0,"event_name":"Liars Game","floor":3,"gold_loss":0,"cards_obtained":["Doubt"]},{"cards_removed":["Doubt"],"damage_healed":0,"gold_gain":0,"player_choice":"Card Removal","damage_taken":7,"max_hp_gain":0,"max_hp_loss":0,"event_name":"Golden Wing","floor":4,"gold_loss":0},{"damage_healed":0,"gold_gain":0,"player_choice":"Forge","damage_taken":0,"max_hp_gain":0,"max_hp_loss":0,"event_name":"Accursed Blacksmith","floor":5,"gold_loss":0,"cards_upgraded":["Accuracy"]},{"cards_removed":["Heel Hook"],"damage_healed":0,"gold_gain":0,"player_choice":"Card Removal","damage_taken":0,"max_hp_gain":0,"max_hp_loss":0,"event_name":"The Cleric","floor":12,"gold_loss":50},{"damage_healed":0,"gold_gain":0,"player_choice":"Became a vampire (Vial)","damage_taken":0,"max_hp_gain":0,"max_hp_loss":0,"event_name":"Vampires","floor":19,"relics_lost":["Blood Vial"],"gold_loss":0,"cards_obtained":["Bite","Bite","Bite","Bite","Bite"]},{"damage_healed":0,"gold_gain":0,"player_choice":"Traded Relic","damage_taken":0,"relics_obtained":["Nloth\u0027s Gift"],"max_hp_gain":0,"max_hp_loss":0,"event_name":"N\u0027loth","floor":20,"relics_lost":["Juzu Bracelet"],"gold_loss":0},{"damage_healed":0,"gold_gain":0,"player_choice":"Fought Bandits","damage_taken":0,"max_hp_gain":0,"max_hp_loss":0,"event_name":"Masked Bandits","floor":27,"gold_loss":0},{"damage_healed":0,"gold_gain":0,"player_choice":"Max HP","damage_taken":0,"max_hp_gain":0,"max_hp_loss":4,"event_name":"Winding Halls","floor":36,"gold_loss":0},{"damage_healed":0,"gold_gain":0,"player_choice":"Ignored","damage_taken":0,"max_hp_gain":0,"max_hp_loss":0,"event_name":"SecretPortal","floor":37,"gold_loss":0},{"cards_removed":["Bite"],"damage_healed":0,"gold_gain":0,"player_choice":"Removed Attack","damage_taken":0,"max_hp_gain":0,"max_hp_loss":0,"event_name":"Falling","floor":47,"gold_loss":0},{"damage_healed":0,"gold_gain":100,"player_choice":"Pray","damage_taken":0,"max_hp_gain":0,"max_hp_loss":0,"event_name":"Golden Shrine","floor":48,"gold_loss":0}],"is_beta":true,"boss_relics":[{"not_picked":["Ring of the Serpent","Snecko Eye"],"picked":"Astrolabe"},{"not_picked":["Busted Crown","Cursed Key"],"picked":"WristBlade"}],"items_purged_floors":[],"is_endless":false,"potions_floor_spawned":[10,11,18,25,27,33,35,39],"killed_by":"Time Eater","ascension_level":5}}