{"host":"vrsxkkch9ccrec7k","time":1614399213,"event":{"mods":["Act Like it!","BaseMod","Bestiary","Better Altar","Better Match","Better Note","Better Sensory Stone","Better Skull","Better Third Choice","Better Vampires","Downfall","Minty Spire (QoL Compilation)","Permanent Neow","Relic Stats","Replay The Spire","Spicy Shops","StSLib"],"gold_per_floor":[99,114,128,128,145,195,220,235,235,235,246,279,279,279,279,3,13,85,85,85,104,121,140,90,90,116,16,30,30,47,61,61,96,110,181,181,181,195,208,224,9,27,52,72,91,91,103,123,13,33,47,47],"floor_reached":53,"language":"ENG","playtime":6855,"items_purged":["Guardian:Strike_Guardian","Decay","ReplayTheSpireMod:Restless Dread","Delirium"],"score":1222,"play_id":"0e3e3a2e-58c4-48c9-bd0e-1374af27cc95","local_time":"20210226231333","is_ascension_mode":true,"campfire_choices":[{"data":"Guardian:BodySlam","floor":20,"key":"SMITH"},{"data":"Guardian:FastForward","floor":27,"key":"SMITH"},{"floor":32,"key":"REST"},{"data":"Guardian:GemFire","floor":37,"key":"SMITH"},{"data":"Guardian:ExploitGems","floor":46,"key":"SMITH"}],"circlet_count":0,"master_deck":["AscendersBane","Guardian:Defend_Guardian","Guardian:Defend_Guardian+1","Guardian:Defend_Guardian+1","Guardian:Defend_Guardian","Guardian:CurlUp","Guardian:TwinSlam","Guardian:BodySlam+1","Guardian:ArmoredProtocol","Guardian:PiercingHide+1","Guardian:GemFinder+1","Guardian:Planning","Guardian:PrismaticBarrier","Guardian:FastForward+1","Guardian:TimeCapacitor","Guardian:ExploitGems+1","Guardian:MultiBeam","Guardian:AncientConstruct","CurseOfTheBell","Guardian:GuardianWhirl","Guardian:Planning+1","Guardian:ShieldCharger","Bite","Bite","Bite","Guardian:TemporalStrike","Guardian:ChargeUp","Guardian:Suspension","Guardian:ShieldCharger+1","Guardian:GemFire+1","Guardian:Gem_Red","Guardian:Reroute+1","Guardian:ShieldCharger","Guardian:Planning","Guardian:Gem_Green","Guardian:FloatingOrbs","Guardian:Planning","Guardian:BronzeArmor+1","Guardian:Gem_Red","Guardian:Gem_Red","Guardian:FuturePlans","Guardian:BodySlam+1","CommonCold","Guardian:EvasiveProtocol","Guardian:ShieldCharger","Guardian:EvasiveProtocol"],"relics":["Guardian:ModeShifter","Replay:Multitool","Ring of Greed","Membership Card","Replay:Wax Seal","Pet Ghost","Guardian:StasisUpgradeRelic","Calling Bell","Replay:Rubber Ducky","Mirror","Lizard Tail","MealTicket","downfall:HeartBlessingGreen","Ancient Tea Set","Empty Cage","Mummified Hand","Centennial Puzzle","Replay:Arrowhead","Kunai","Blue Doll"],"acts_visited":["Exordium","TheCity","TheBeyond"],"potions_floor_usage":[12,12,18,18,30,34,35,35,41,42,50,51,52,52,52],"damage_taken":[{"damage":1,"enemies":"Jaw Worm","floor":2,"turns":5},{"damage":8,"enemies":"2 Louse","floor":3,"turns":3},{"damage":0,"enemies":"Small Slimes","floor":5,"turns":5},{"damage":0,"enemies":"Blue Slaver","floor":8,"turns":3},{"damage":15,"enemies":"Large Slime","floor":11,"turns":7},{"damage":18,"enemies":"Gremlin Nob","floor":12,"turns":5},{"damage":0,"enemies":"downfall:FleeingMerchant","floor":16,"turns":4},{"damage":4,"enemies":"3 Louse","floor":17,"turns":4},{"damage":32,"enemies":"IC_STATUS_ARCHETYPE","floor":18,"turns":19},{"damage":6,"enemies":"Shell Parasite","floor":21,"turns":8},{"damage":15,"enemies":"Spheric Guardian","floor":22,"turns":5},{"damage":33,"enemies":"Centurion and Healer","floor":23,"turns":12},{"damage":6,"enemies":"Snake Plant","floor":28,"turns":6},{"damage":27,"enemies":"3 Cultists","floor":30,"turns":7},{"damage":21,"enemies":"Snecko","floor":31,"turns":8},{"damage":13,"enemies":"Gremlin Leader","floor":33,"turns":11},{"damage":2,"enemies":"Chosen and Byrds","floor":34,"turns":7},{"damage":54,"enemies":"SI_MIRROR_ARCHETYPE","floor":35,"turns":24},{"damage":13,"enemies":"3 Shapes","floor":38,"turns":9},{"damage":8,"enemies":"3 Darklings","floor":39,"turns":6},{"damage":8,"enemies":"4 Shapes","floor":40,"turns":10},{"damage":0,"enemies":"downfall:FleeingMerchant","floor":41,"turns":4},{"damage":15,"enemies":"Jaw Worm Horde","floor":42,"turns":6},{"damage":0,"enemies":"Sphere and 2 Shapes","floor":44,"turns":10},{"damage":19,"enemies":"4 Shapes","floor":45,"turns":7},{"damage":33,"enemies":"3 Darklings","floor":47,"turns":13},{"damage":0,"enemies":"Writhing Mass","floor":48,"turns":3},{"damage":0,"enemies":"downfall:FleeingMerchant","floor":49,"turns":4},{"damage":0,"enemies":"Spire Growth","floor":50,"turns":4},{"damage":1,"enemies":"3 Darklings","floor":51,"turns":7},{"damage":17,"enemies":"DF_ARCHETYPE_ORBS","floor":52,"turns":16}],"seed_played":"3496306518460560137","potions_obtained":[{"floor":1,"key":"Block Potion"},{"floor":1,"key":"champ:CounterPotion"},{"floor":17,"key":"Strength Potion"},{"floor":21,"key":"Fire Potion"},{"floor":31,"key":"Weak Potion"},{"floor":33,"key":"AttackPotion"},{"floor":34,"key":"LiquidMemories"},{"floor":35,"key":"AttackPotion"},{"floor":38,"key":"Doom Potion"},{"floor":40,"key":"SkillPotion"},{"floor":42,"key":"Guardian:AcceleratePotion"},{"floor":45,"key":"EntropicBrew"},{"floor":50,"key":"SneckoOil"},{"floor":51,"key":"Weak Potion"}],"is_trial":false,"path_per_floor":["R","M","M","?","M","?","T","M","PTL","PTL","M","E","R","?","R","$","M","B",null,"R","M","M","M","?","?","T","R","M","?","M","M","R","E","M","B",null,"R","M","M","M","$","M","T","M","M","R","M","M","$","M","M","B",null],"character_chosen":"GUARDIAN","items_purchased":["Guardian:StasisUpgradeRelic","Guardian:TimeCapacitor","Guardian:ExploitGems","Dexterity Potion","Weak Potion","Mummified Hand","Guardian:FloatingOrbs","Block Potion","Guardian:Planning","Replay:Arrowhead","Kunai","Guardian:EvasiveProtocol","Blue Doll"],"campfire_rested":1,"item_purchase_floors":[16,16,16,16,16,41,41,41,41,49,49,49,49],"current_hp_per_floor":[65,64,56,56,56,56,56,58,58,58,45,29,48,48,65,65,61,31,57,57,53,40,9,42,42,42,42,38,38,19,4,23,21,23,44,60,60,57,53,54,65,56,56,65,52,52,41,41,58,65,65,60],"gold":47,"neow_bonus":"ONE_RARE_RELIC","is_daily":false,"chose_seed":false,"campfire_upgraded":4,"win_rate":0.0,"timestamp":1614399213,"path_taken":["R","M","M","?","M","?","T","M","PTL","PTL","M","E","R","?","R","?","M","BOSS","R","M","M","M","?","?","T","R","M","?","M","?","R","E","M","BOSS","R","M","M","M","$","M","T","M","M","R","M","M","$","M","M","BOSS"],"items_purchased_type":["Relic","Card","Card","Potion","Potion","Relic","Card","Potion","Card","Relic","Relic","Card","Relic"],"build_version":"2020-12-22","purchased_purges":4,"victory":true,"max_hp_per_floor":[65,65,65,65,65,65,65,65,65,65,65,65,65,65,65,65,65,65,65,65,65,65,65,65,65,65,65,65,65,65,65,65,65,65,65,65,65,65,65,65,65,65,65,65,65,65,65,65,65,65,65,65],"relic_stats":{"Lizard Tail":32,"Centennial Puzzle":[12],"counters":[31,242],"Mummified Hand":[44],"MealTicket":26,"Kunai":[11],"obtain_stats":[{"Guardian:ModeShifter":0,"downfall:HeartBlessingGreen":27,"Blue Doll":49,"Replay:Multitool":0,"Ring of Greed":6,"Ancient Tea Set":33,"Empty Cage":36,"Pet Ghost":12,"Replay:Arrowhead":49,"Replay:Rubber Ducky":19,"Blood Vial":7,"Calling Bell":19,"Guardian:StasisUpgradeRelic":16,"Lizard Tail":19,"Centennial Puzzle":43,"Mummified Hand":41,"MealTicket":26,"Membership Card":6,"Kunai":49,"Replay:Wax Seal":6,"Mirror":19},{"Guardian:ModeShifter":0,"downfall:HeartBlessingGreen":12,"Blue Doll":28,"Replay:Multitool":0,"Ring of Greed":3,"Ancient Tea Set":16,"Empty Cage":18,"Pet Ghost":6,"Replay:Arrowhead":28,"Replay:Rubber Ducky":9,"Blood Vial":3,"Calling Bell":9,"Guardian:StasisUpgradeRelic":7,"Lizard Tail":9,"Centennial Puzzle":23,"Mummified Hand":22,"MealTicket":12,"Membership Card":3,"Kunai":28,"Replay:Wax Seal":3,"Mirror":9},{"Guardian:ModeShifter":0,"downfall:HeartBlessingGreen":80,"Blue Doll":215,"Replay:Multitool":0,"Ring of Greed":13,"Ancient Tea Set":112,"Empty Cage":143,"Pet Ghost":28,"Replay:Arrowhead":215,"Replay:Rubber Ducky":55,"Blood Vial":13,"Calling Bell":55,"Guardian:StasisUpgradeRelic":32,"Lizard Tail":55,"Centennial Puzzle":178,"Mummified Hand":172,"MealTicket":80,"Membership Card":13,"Kunai":215,"Replay:Wax Seal":13,"Mirror":55}]},"card_choices":[{"not_picked":["Guardian:Recover","Guardian:Gem_Red"],"picked":"Guardian:BodySlam","floor":2},{"not_picked":["Guardian:TemporalStrike","Guardian:ChargeCore"],"picked":"Guardian:ArmoredProtocol","floor":3},{"not_picked":["Guardian:Gem_Cyan","Guardian:EvasiveProtocol"],"picked":"Guardian:PiercingHide","floor":5},{"not_picked":["Guardian:CrystalBeam","Guardian:Suspension"],"picked":"Guardian:GemFinder","floor":8},{"not_picked":["Guardian:Gem_Red","Guardian:Gem_Lightblue"],"picked":"Guardian:Gem_Green","floor":11},{"not_picked":["Guardian:Gem_Red","Guardian:Gem_Blue"],"picked":"Guardian:Planning","floor":11},{"not_picked":["Guardian:Gem_Red","Guardian:Gem_Cyan"],"picked":"Guardian:Gem_Lightblue","floor":12},{"not_picked":["Guardian:TemporalStrike","Guardian:EvasiveProtocol"],"picked":"Guardian:PrismaticBarrier","floor":12},{"not_picked":["Guardian:Gem_Red","Guardian:Gem_Cyan"],"picked":"Guardian:Gem_Green","floor":16},{"not_picked":["Guardian:Gem_Red","Guardian:Reroute"],"picked":"Guardian:FastForward","floor":16},{"not_picked":["Guardian:Gem_Red","Guardian:Gem_Cyan"],"picked":"Guardian:Gem_Green","floor":17},{"not_picked":["Guardian:EvasiveProtocol","Guardian:Harden"],"picked":"Guardian:MultiBeam","floor":17},{"not_picked":["Guardian:Gem_Lightblue","Guardian:Gem_Cyan"],"picked":"Guardian:Gem_Red","floor":18},{"not_picked":["Guardian:Gem_Synthetic","Guardian:GemFinder"],"picked":"Guardian:AncientConstruct","floor":18},{"not_picked":["Guardian:Gem_Lightblue","Guardian:Gem_Cyan"],"picked":"Guardian:Gem_Red","floor":21},{"not_picked":["Guardian:CrystalBeam","Guardian:Reroute"],"picked":"Guardian:GuardianWhirl","floor":21},{"not_picked":["Guardian:ShieldCharger","Guardian:Gem_Cyan"],"picked":"Guardian:Gem_Yellow","floor":22},{"not_picked":["Guardian:Gem_Cyan","Guardian:Gem_Red"],"picked":"Guardian:Gem_Green","floor":22},{"not_picked":["Guardian:Gem_Cyan","Guardian:GuardianWhirl"],"picked":"Guardian:Planning+1","floor":23},{"not_picked":["Guardian:Gem_Lightblue","Guardian:Gem_Red"],"picked":"Guardian:Gem_Green","floor":23},{"not_picked":["Guardian:ShieldSpikes","Guardian:CrystalBeam"],"picked":"Guardian:ShieldCharger","floor":28},{"not_picked":["Guardian:CrystalBeam","Guardian:PiercingHide"],"picked":"Guardian:TemporalStrike","floor":30},{"not_picked":["Guardian:Gem_Red","Guardian:Gem_Lightblue"],"picked":"Guardian:Gem_Green","floor":30},{"not_picked":["Guardian:Incinerate+1","Guardian:CrystalBeam"],"picked":"Guardian:ChargeUp","floor":31},{"not_picked":["Guardian:Gem_Cyan","Guardian:Gem_Red"],"picked":"Guardian:Gem_Green","floor":31},{"not_picked":["Guardian:GemFinder","Guardian:PrismaticBeam"],"picked":"Guardian:Suspension","floor":33},{"not_picked":["Guardian:Gem_Green","Guardian:Gem_Cyan"],"picked":"Guardian:Gem_Red","floor":33},{"not_picked":["Guardian:Suspension","Guardian:VentSteam"],"picked":"Guardian:ShieldCharger+1","floor":34},{"not_picked":["Guardian:CompilePackage","Guardian:BaubleBeam"],"picked":"Guardian:GemFire","floor":35},{"not_picked":["Guardian:Gem_Lightblue","Guardian:Gem_Cyan"],"picked":"Guardian:Gem_Red","floor":35},{"not_picked":["Guardian:Gem_Purple","Guardian:ChargeUp+1"],"picked":"Guardian:Reroute+1","floor":38},{"not_picked":["Guardian:PiercingHide","Guardian:FloatingOrbs"],"picked":"Guardian:ShieldCharger","floor":39},{"not_picked":["Guardian:Gem_Cyan","Guardian:Gem_Lightblue"],"picked":"Guardian:Gem_Green","floor":39},{"not_picked":["Guardian:CrystalBeam","Guardian:Gem_Lightblue"],"picked":"Guardian:Planning","floor":40},{"not_picked":["Guardian:Gem_Lightblue","Guardian:Gem_Cyan"],"picked":"Guardian:Gem_Green","floor":40},{"not_picked":["Guardian:Gem_Lightblue","Guardian:Gem_Cyan"],"picked":"Guardian:Gem_Green","floor":41},{"not_picked":["Guardian:TemporalStrike+1","Guardian:Gem_Yellow"],"picked":"Guardian:Gem_Orange","floor":41},{"not_picked":["Guardian:BronzeOrb","Guardian:Gem_Green"],"picked":"Guardian:BronzeArmor+1","floor":42},{"not_picked":["Guardian:Gem_Lightblue","Guardian:Gem_Cyan"],"picked":"Guardian:Gem_Red","floor":42},{"not_picked":["Guardian:Gem_Green","Guardian:Gem_Lightblue"],"picked":"Guardian:Gem_Red","floor":44},{"not_picked":["Guardian:Repulse+1","Guardian:Suspension"],"picked":"Guardian:FuturePlans","floor":44},{"not_picked":["Guardian:GuardianWhirl","Guardian:EvasiveProtocol"],"picked":"Guardian:BodySlam+1","floor":45},{"not_picked":["Guardian:CrystalBeam+1","Guardian:VentSteam","Guardian:Gem_Blue"],"picked":"SKIP","floor":47},{"not_picked":["Guardian:Gem_Blue","Guardian:PolyBeam+1"],"picked":"Guardian:EvasiveProtocol","floor":48},{"not_picked":["Guardian:Gem_Cyan","Guardian:CrystalBeam"],"picked":"Guardian:ShieldCharger","floor":49},{"not_picked":["Guardian:GuardianWhirl","Guardian:Suspension","Guardian:CrystalBeam"],"picked":"SKIP","floor":50},{"not_picked":["Guardian:Recover","Guardian:PrimingBeam+1","Guardian:TemporalStrike"],"picked":"SKIP","floor":51}],"player_experience":2050389,"relics_obtained":[{"floor":6,"key":"Ring of Greed"},{"floor":6,"key":"Membership Card"},{"floor":6,"key":"Replay:Wax Seal"},{"floor":7,"key":"Blood Vial"},{"floor":12,"key":"Pet Ghost"},{"floor":19,"key":"Replay:Rubber Ducky"},{"floor":19,"key":"Mirror"},{"floor":19,"key":"Lizard Tail"},{"floor":26,"key":"MealTicket"},{"floor":33,"key":"Ancient Tea Set"},{"floor":43,"key":"Centennial Puzzle"}],"event_choices":[{"damage_healed":0,"gold_gain":0,"player_choice":"Ignored","damage_taken":0,"max_hp_gain":0,"max_hp_loss":0,"event_name":"Ghosts","floor":25,"gold_loss":0},{"damage_healed":0,"gold_gain":0,"player_choice":"Became a vampire (Vial)","damage_taken":0,"max_hp_gain":0,"max_hp_loss":0,"event_name":"Vampires","floor":29,"relics_lost":["Blood Vial"],"gold_loss":0,"cards_obtained":["Bite","Bite","Bite"]}],"is_beta":false,"boss_relics":[{"not_picked":["Tiny House","ChewingGum"],"picked":"Calling Bell"},{"not_picked":["Velvet Choker","expansioncontent:StudyCardRelic"],"picked":"Empty Cage"}],"items_purged_floors":[16,41,49,49],"is_endless":false,"potions_floor_spawned":[3,8,17,21,31,33,34,35,38,40,42,45,50,51],"ascension_level":15}}