{"host":"rrm13bz831hil9p9","time":1614398038,"event":{"mods":["Act Like it!","BaseMod","Better Vampires","Colored Powertips","Decade(王小明)","Diviner","Downfall","Gensokyo","GungeonMod","Hallownest","Hermit","Highlight Path","Hunter 猎人","KinomotoSakuraMod(木之本樱)","Lobotomy","Luminous","Marked Mod","Minty Spire (QoL Compilation)","Quick Restart","Remilia（蕾米莉亚）","Replay The Spire","Shop Mod","Spicy Shops","StSLib","The Bladedancer","The Bug Knight","The Construct","The Cursed","The Gatherer","The Hierophant","The Poker Player","The Runesmith","The Saiyan","The Senshi","The Servant 0.9.4","TheHeartMod","Warlord Emblem","[GremlinLeader]The Maniac"],"gold_per_floor":[109,109,109,109,128,161,161,177,177,34,34,34,67,87,87,187,187,203,174,174,192,206,232,132,160,209,237,256,273,273,273,273,369,369,387,387,398,60,71,106,106,131,158,158,189,199,212,212,212,212],"floor_reached":51,"language":"ZHS","playtime":5334,"items_purged":["Pain","Pain","Injury"],"score":941,"play_id":"535791d8-8ced-4e4d-b520-3205155fa6fa","local_time":"20210227115358","is_ascension_mode":true,"campfire_choices":[{"data":"Decade_SpecialSkill","floor":7.0,"key":"SMITH"},{"data":"AttackRide","floor":12.0,"key":"SMITH"},{"data":"KamenRideKuuga","floor":15.0,"key":"SMITH"},{"floor":32.0,"key":"REST"},{"data":"UnarmedAttack3","floor":44,"key":"SMITH"}],"circlet_count":0,"master_deck":["Decade_Attack","Decade_Attack","Decade_Attack","KamenRide","Decade_SpecialSkill+1","Decade_Defend","Decade_Defend+1","Decade_Defend+1","Decade_Defend","UnarmedAttack7","KamenRideKuuga+1","AttackRide+1","AttackRide","UnarmedAttack5","downfall:Icky","UnarmedAttack5","UnarmedAttack8","UnarmedAttack6+1","UnarmedAttack7+1","DenO_Sword+1","DenO_Rod+1","DenO_Rod+1","UnarmedAttack3+1","Normality","Kiva_Bats","DenO_Ax+1"],"relics":["Decadriver","TOEIDeficitBill","Pocketwatch","ReplayTheSpireMod:Ring of Collecting","Ring of Hypnosis","DemoMod:PinkGuonStone","construct:FoamFinger","StoneCalendar","Sling","WarpedTongs","DemoMod:Bottle","Cursed Key","ReplayTheSpireMod:CursedCoin","Shuriken","Counterbalance","Prayer Wheel","Nunchaku","Replay:Wax Seal","Ring of Panic","MerchantsRug","Replay:Multitool","ReplayTheSpireMod:TigerMarble","PreservedInsect","Ring of Peace","Orichalcum","BranchBurnRelic"],"acts_visited":["Exordium","TheCity","TheBeyond"],"potions_floor_usage":[39,42,46,50,50],"damage_taken":[{"damage":2.0,"enemies":"Small Slimes","floor":1.0,"turns":4.0},{"damage":1.0,"enemies":"2 Louse","floor":5.0,"turns":4.0},{"damage":12.0,"enemies":"Gremlin Nob","floor":6.0,"turns":4.0},{"damage":0.0,"enemies":"Cultist","floor":8.0,"turns":3.0},{"damage":17.0,"enemies":"3 Sentries","floor":13.0,"turns":6.0},{"damage":8.0,"enemies":"Exordium Wildlife","floor":14.0,"turns":3.0},{"damage":26.0,"enemies":"Hexaghost","floor":16.0,"turns":7.0},{"damage":7.0,"enemies":"3 Byrds","floor":18.0,"turns":4.0},{"damage":3.0,"enemies":"Chosen","floor":22.0,"turns":2.0},{"damage":17.0,"enemies":"HollowMod:Nosk","floor":23.0,"turns":5.0},{"damage":9.0,"enemies":"Gremlin Leader","floor":25.0,"turns":5.0},{"damage":16.0,"enemies":"Replay:Snechameleon","floor":27.0,"turns":3.0},{"damage":42.0,"enemies":"Centurion and Healer","floor":28.0,"turns":5.0},{"damage":45.0,"enemies":"Shelled Parasite and Fungi","floor":29.0,"turns":5.0},{"damage":21.0,"enemies":"Champ","floor":33.0,"turns":7.0},{"damage":0,"enemies":"Orb Walker","floor":35,"turns":2},{"damage":13,"enemies":"3 Darklings","floor":37,"turns":5},{"damage":26,"enemies":"Jaw Worm Horde","floor":39,"turns":3},{"damage":21,"enemies":"HollowMod:StalkingDevout","floor":40,"turns":5},{"damage":10,"enemies":"R_Hoarder","floor":42,"turns":6},{"damage":0,"enemies":"Nemesis","floor":45,"turns":5},{"damage":72,"enemies":"Maw","floor":46,"turns":8},{"damage":0,"enemies":"Spire Growth","floor":47,"turns":5},{"damage":26,"enemies":"Time Eater","floor":50,"turns":8}],"seed_played":"8333094207152255210","potions_obtained":[{"floor":1.0,"key":"EssenceOfSteel"},{"floor":14.0,"key":"Regen Potion"},{"floor":23.0,"key":"champ:CounterPotion"},{"floor":25.0,"key":"DemoMod:LeadSkinPotion"},{"floor":28.0,"key":"LifebloodPotion"},{"floor":33.0,"key":"Fire Potion"},{"floor":39,"key":"AttackPotion"},{"floor":40,"key":"LifebloodPotion"},{"floor":42,"key":"Explosive Potion"},{"floor":47,"key":"Weak Potion"}],"is_trial":false,"path_per_floor":["M","?","?","?","M","E","R","M","T","$","?","R","E","M","R","B",null,"M","$","?","?","M","E","$","E","T","E","M","M","?","?","R","B",null,"M","?","M","$","M","E","R","E","T","R","E","M","M","?","R","B",null],"character_chosen":"Decade","items_purchased":["Sling","ReplayTheSpireMod:CursedCoin","Shuriken","MerchantsRug","UnarmedAttack7","Replay:Multitool"],"campfire_rested":1,"item_purchase_floors":[10,19,19,38,38,38],"current_hp_per_floor":[68,61,61,68,67,70,70,75,75,75,75,75,65,57,57,61,77,75,75,75,75,74,70,70,77,77,67,45,29,29,29,52,57,77,77,73,73,73,52,51,72,67,67,67,73,7,27,27,48,57],"gold":212,"neow_bonus":"ONE_RARE_RELIC","is_daily":false,"chose_seed":false,"campfire_upgraded":4,"win_rate":0.0,"timestamp":1614398038,"path_taken":["M","?","?","?","?","E","R","M","T","$","?","R","E","?","R","BOSS","M","$","?","?","M","E","$","E","T","E","M","M","?","?","R","BOSS","M","?","M","$","M","E","R","E","T","R","E","M","M","?","R","BOSS"],"items_purchased_type":["Relic","Relic","Relic","Relic","Card","Relic"],"build_version":"2020-12-22","purchased_purges":3,"victory":true,"max_hp_per_floor":[70,70,70,77,77,77,77,77,77,77,77,77,77,77,77,77,77,77,77,77,77,77,77,77,77,77,77,77,77,77,77,77,77,77,77,73,73,73,73,73,73,73,73,73,73,73,73,73,73,73],"card_choices":[{"not_picked":["FormRideFlame","Decade_Dash2"],"picked":"UnarmedAttack7","floor":1.0},{"not_picked":["Blade_Beat","RideBooker_Skill_1","Kuuga_GouramAttack"],"picked":"SKIP","floor":1.0},{"not_picked":["Hibiki_Attack2","Decade_Dash2"],"picked":"KamenRideKuuga","floor":5.0},{"not_picked":["FormRideDragon","Decade_Invisible","Decade_Defend2"],"picked":"SKIP","floor":5.0},{"not_picked":["Hibiki_Attack1","KamenRideDenO"],"picked":"AttackRide","floor":6.0},{"not_picked":["KamenRideDenO","FormRideBasshaa"],"picked":"AttackRide","floor":6.0},{"not_picked":["UnarmedAttack4","Kiva_Frozen","Blade_Slash"],"picked":"SKIP","floor":8.0},{"not_picked":["KamenRideBlade","PrometheusPower","TimeVent"],"picked":"SKIP","floor":8.0},{"not_picked":["DenO_Ax","KamenRideKuuga","PrometheusPower"],"picked":"SKIP","floor":13.0},{"not_picked":["PhotonAcceleration","Decade_Defend3","Kabuto_ClockUp"],"picked":"SKIP","floor":13.0},{"not_picked":["Hibiki_Attack2","Hibiki_Attack1","UnarmedAttack1"],"picked":"SKIP","floor":14.0},{"not_picked":["PrometheusPower","FormRideDragon","DragShield"],"picked":"SKIP","floor":14.0},{"not_picked":["FormRidePegasus","Decade_Invisible"],"picked":"UnarmedAttack5","floor":18.0},{"not_picked":["Decade_Dash2+1","AutoVajin","KamenRideKuuga"],"picked":"SKIP","floor":18.0},{"not_picked":["KamenRideKabuto","KamenRideKiva","RideBooker_Skill_1"],"picked":"SKIP","floor":22.0},{"not_picked":["Kiva_Eat","FormRideDogga","KamenRideKiva"],"picked":"SKIP","floor":22.0},{"not_picked":["FormRideFlame","RideBooker"],"picked":"UnarmedAttack8","floor":23.0},{"not_picked":["KamenRideAgito","FormRideFlame+1"],"picked":"UnarmedAttack6","floor":23.0},{"not_picked":["DenO_Climax","FormRideStorm","Dragreder+1"],"picked":"SKIP","floor":25.0},{"not_picked":["FormRideDogga","Decade_Illusion","FormRide"],"picked":"SKIP","floor":25.0},{"not_picked":["Decade_Dash1","UnarmedAttack5+1","FormRideDogga"],"picked":"SKIP","floor":27.0},{"not_picked":["RideBooker_Skill_2","FormRideGaruru","KamenRideKabuto"],"picked":"SKIP","floor":28.0},{"not_picked":["FormRideDragon","Blade_Mach+1","UnarmedAttack5"],"picked":"SKIP","floor":28.0},{"not_picked":["KamenRideAgito","UnarmedAttack1"],"picked":"UnarmedAttack7+1","floor":29.0},{"not_picked":["FormRideDragon+1","Blade_Slash","NMDAZYYGL"],"picked":"SKIP","floor":29.0},{"not_picked":["RideBooker_Skill_3","Decade_Defend3","PrometheusPower"],"picked":"SKIP","floor":29.0},{"not_picked":["Decade_Dash1+1","FormRideFlame+1"],"picked":"DenO_Sword+1","floor":35},{"not_picked":["KamenRideDecade+1","Dragreder","KamenRideKiva+1"],"picked":"SKIP","floor":35},{"not_picked":["RideBooker_Skill_1","FormRideStorm"],"picked":"DenO_Rod","floor":37},{"not_picked":["FormRideDragon","Decade_Defend3+1","Decade_Dash1"],"picked":"SKIP","floor":37},{"not_picked":["KamenRideHibiki","UnarmedAttack5+1","DenO_Rod+1"],"picked":"SKIP","floor":37},{"not_picked":["UnarmedAttack6","FormRideStorm+1"],"picked":"DenO_Rod+1","floor":39},{"not_picked":["KamenRideBlade+1","DenO_Climax","KamenRideAgito"],"picked":"SKIP","floor":39},{"not_picked":["KamenRideBlade+1","RideBooker","Decade_Invisible"],"picked":"SKIP","floor":40},{"not_picked":["PhotonAcceleration+1","Dragreder","Blade_Slash"],"picked":"SKIP","floor":40},{"not_picked":["RideBooker_Skill_1","KamenRideDenO+1"],"picked":"UnarmedAttack3","floor":42},{"not_picked":["Decade_Defend2+1","DenO_Rod+1","UnarmedAttack9"],"picked":"SKIP","floor":42},{"not_picked":["KamenRideDenO","Hibiki_Attack2+1","Blade_Metal+1"],"picked":"SKIP","floor":45},{"not_picked":["FormRideStorm","FormRideAxel","KamenRideBlade+1"],"picked":"SKIP","floor":45},{"not_picked":["KamenRideDenO+1","Blade_Metal","Hibiki_Attack1"],"picked":"SKIP","floor":46},{"not_picked":["Decade_Dash2","DragClaw","FormRideJack+1"],"picked":"SKIP","floor":46},{"not_picked":["FormRideDogga+1","RideBooker_Skill_3","RideBooker_Skill_1+1"],"picked":"SKIP","floor":46},{"not_picked":["MirrorWorld","FormRidePegasus+1"],"picked":"Kiva_Bats","floor":47},{"not_picked":["DenO_Sword","KamenRideHibiki+1"],"picked":"DenO_Ax+1","floor":47}],"player_experience":327558,"relics_obtained":[{"floor":3.0,"key":"ReplayTheSpireMod:Ring of Collecting"},{"floor":3.0,"key":"Ring of Hypnosis"},{"floor":6.0,"key":"construct:FoamFinger"},{"floor":9.0,"key":"StoneCalendar"},{"floor":13.0,"key":"DemoMod:Bottle"},{"floor":21.0,"key":"Counterbalance"},{"floor":23.0,"key":"Prayer Wheel"},{"floor":25.0,"key":"Nunchaku"},{"floor":26.0,"key":"Replay:Wax Seal"},{"floor":26.0,"key":"Ring of Panic"},{"floor":27.0,"key":"War Paint"},{"floor":40,"key":"ReplayTheSpireMod:TigerMarble"},{"floor":42,"key":"PreservedInsect"},{"floor":43,"key":"Ring of Peace"},{"floor":43,"key":"Orichalcum"},{"floor":45,"key":"Dead Branch"}],"event_choices":[{"cards_removed":["Defend_Giant"],"damage_healed":0.0,"max_hp_gain":0.0,"max_hp_loss":0.0,"gold_gain":0.0,"event_name":"Golden Wing","player_choice":"Card Removal","floor":2.0,"gold_loss":0.0,"damage_taken":7.0},{"damage_healed":0.0,"max_hp_gain":0.0,"max_hp_loss":0.0,"gold_gain":0.0,"event_name":"WeMeetAgain","player_choice":"Gave Potion","floor":4.0,"gold_loss":0.0,"damage_taken":0.0,"relics_obtained":["DemoMod:PinkGuonStone"]},{"damage_healed":0.0,"max_hp_gain":0.0,"max_hp_loss":0.0,"gold_gain":0.0,"event_name":"Accursed Blacksmith","player_choice":"Rummage","floor":11.0,"gold_loss":0.0,"damage_taken":0.0,"relics_obtained":["WarpedTongs"],"cards_obtained":["Pain"]},{"damage_healed":0.0,"max_hp_gain":0.0,"max_hp_loss":0.0,"gold_gain":0.0,"event_name":"The Library","player_choice":"Read","floor":20.0,"gold_loss":0.0,"damage_taken":0.0,"cards_obtained":["UnarmedAttack5"]},{"damage_healed":0,"gold_gain":0,"player_choice":"Max HP","damage_taken":0,"max_hp_gain":0,"max_hp_loss":4,"event_name":"Winding Halls","floor":36,"gold_loss":0},{"cards_removed":["Decade_Attack"],"damage_healed":0,"gold_gain":0,"player_choice":"Removed Attack","damage_taken":0,"max_hp_gain":0,"max_hp_loss":0,"event_name":"Falling","floor":48,"gold_loss":0}],"is_beta":false,"boss_relics":[{"not_picked":["Coffee Dripper","Ring of Chaos"],"picked":"Cursed Key"},{"not_picked":["Replay:Bronze Core","Abe\u0027s Treasure"],"picked":"Empty Cage"}],"items_purged_floors":[19,24,38],"is_endless":false,"potions_floor_spawned":[1,14,23,25,28,33,39,40,42,47],"ascension_level":1}}