{"host":"3sqvgza1l4ip9ny1","time":1614384023,"event":{"mods":["BaseMod","Minty Spire (QoL Compilation)"],"gold_per_floor":[119,145,162,162,162,188,188,188,213,243,11,28,41,53,53,153,153,170,170,189,204,204,204,204],"floor_reached":23,"language":"ENG","playtime":955,"items_purged":[],"score":231,"play_id":"e5b07844-10c8-44ff-b0e1-305d477ca7da","local_time":"20210227000023","is_ascension_mode":true,"campfire_choices":[{"floor":8,"key":"REST"},{"floor":15,"key":"REST"}],"circlet_count":0,"master_deck":["Strike_B","Strike_B","Strike_B","Strike_B","Defend_B","Defend_B","Defend_B","Defend_B+1","Zap","Dualcast","Thunder Strike","Steam Power+1","Redo","Ball Lightning","Parasite","Steam Power","Defragment","Capacitor","Rainbow","Buffer","Fusion","Electrodynamics","Undo","Ball Lightning","Reinforced Body","Cold Snap"],"relics":["Cracked Core","Oddly Smooth Stone","Mercury Hourglass","Dream Catcher","Bronze Scales","Orichalcum","Runic Pyramid","Boot"],"acts_visited":["Exordium","TheCity"],"potions_floor_usage":[6,14,20],"damage_taken":[{"damage":0,"enemies":"Cultist","floor":1,"turns":3},{"damage":3,"enemies":"Jaw Worm","floor":3,"turns":4},{"damage":14,"enemies":"Lagavulin","floor":6,"turns":6},{"damage":26,"enemies":"Gremlin Nob","floor":10,"turns":4},{"damage":2,"enemies":"2 Louse","floor":12,"turns":2},{"damage":0,"enemies":"2 Fungi Beasts","floor":13,"turns":2},{"damage":11,"enemies":"Lots of Slimes","floor":14,"turns":2},{"damage":4,"enemies":"Hexaghost","floor":16,"turns":9},{"damage":3,"enemies":"3 Byrds","floor":18,"turns":3},{"damage":22,"enemies":"2 Thieves","floor":20,"turns":3},{"damage":19,"enemies":"Snecko","floor":21,"turns":6},{"damage":46,"enemies":"Slavers","floor":23,"turns":4}],"seed_played":"-8276520897466626216","potions_obtained":[{"floor":1,"key":"Fire Potion"},{"floor":10,"key":"Energy Potion"},{"floor":20,"key":"Ancient Potion"}],"is_trial":false,"path_per_floor":["M","T","M","?","?","E","?","R","T","E","$","M","M","M","R","B",null,"M","?","M","M","?","E"],"character_chosen":"DEFECT","items_purchased":["Capacitor","Rainbow","Regen Potion"],"campfire_rested":2,"item_purchase_floors":[11,11,11],"current_hp_per_floor":[54,54,51,36,18,4,22,44,44,18,18,16,16,10,32,28,75,72,85,63,44,44,0,0],"gold":204,"neow_bonus":"THREE_RARE_CARDS","is_daily":false,"chose_seed":false,"campfire_upgraded":0,"win_rate":0.0,"timestamp":1614384023,"path_taken":["M","?","M","?","?","E","?","R","T","E","$","M","M","M","R","BOSS","M","?","M","?","?","E"],"items_purchased_type":["Card","Card","Potion"],"build_version":"2020-12-22","purchased_purges":0,"victory":false,"max_hp_per_floor":[75,75,75,75,75,75,75,75,75,75,75,75,75,75,75,75,75,75,85,85,85,85,85,85],"card_choices":[{"not_picked":["Core Surge","Hyperbeam"],"picked":"Thunder Strike","floor":0},{"not_picked":["Auto Shields","Gash"],"picked":"Steam Power","floor":1},{"not_picked":["Go for the Eyes","FTL"],"picked":"Redo","floor":3},{"not_picked":["Turbo","Compile Driver"],"picked":"Ball Lightning","floor":6},{"not_picked":["Sweeping Beam","Gash"],"picked":"Steam Power","floor":8},{"not_picked":["Cold Snap","Turbo"],"picked":"Defragment","floor":10},{"not_picked":["Cold Snap","Auto Shields"],"picked":"Buffer","floor":12},{"not_picked":["Leap","Coolheaded"],"picked":"Fusion","floor":13},{"not_picked":["Lockon","Streamline"],"picked":"Electrodynamics","floor":14},{"not_picked":["Genetic Algorithm","Rip and Tear"],"picked":"Undo","floor":15},{"not_picked":["All For One","Hyperbeam"],"picked":"Multi-Cast","floor":16},{"not_picked":["Cold Snap","Coolheaded"],"picked":"Ball Lightning","floor":18},{"not_picked":["Go for the Eyes+1","FTL+1"],"picked":"Reinforced Body","floor":20},{"not_picked":["Streamline","Blizzard"],"picked":"Cold Snap","floor":21}],"player_experience":240520,"relics_obtained":[{"floor":2,"key":"Oddly Smooth Stone"},{"floor":6,"key":"Dream Catcher"},{"floor":9,"key":"Bronze Scales"},{"floor":10,"key":"Orichalcum"}],"event_choices":[{"damage_healed":0,"gold_gain":0,"player_choice":"Entered Light","damage_taken":15,"max_hp_gain":0,"max_hp_loss":0,"event_name":"Shining Light","floor":4,"gold_loss":0,"cards_upgraded":["Defend_B","Steam Power"]},{"damage_healed":0,"gold_gain":0,"player_choice":"Success","damage_taken":18,"relics_obtained":["Mercury Hourglass"],"max_hp_gain":0,"max_hp_loss":0,"event_name":"Scrap Ooze","floor":5,"gold_loss":0},{"damage_healed":18,"gold_gain":0,"player_choice":"Healed and dodged fight","damage_taken":0,"max_hp_gain":0,"max_hp_loss":0,"event_name":"Mushrooms","floor":7,"gold_loss":0,"cards_obtained":["Parasite"]},{"cards_removed":["Multi-Cast"],"damage_healed":3,"gold_gain":0,"player_choice":"Offered Rare","damage_taken":0,"max_hp_gain":10,"max_hp_loss":0,"event_name":"Bonfire Elementals","floor":19,"gold_loss":0},{"damage_healed":0,"gold_gain":0,"player_choice":"Gave Potion","damage_taken":0,"relics_obtained":["Boot"],"max_hp_gain":0,"max_hp_loss":0,"event_name":"WeMeetAgain","floor":22,"gold_loss":0}],"is_beta":false,"boss_relics":[{"not_picked":["Cursed Key","Snecko Eye"],"picked":"Runic Pyramid"}],"items_purged_floors":[],"is_endless":false,"potions_floor_spawned":[1,10,20],"killed_by":"Slavers","ascension_level":3}}