{"host":"xb2tau8pgi8aflss","time":1614436316,"event":{"mods":["AchievementEnabler","BaseMod","Hermit","Minty Spire (QoL Compilation)","StSLib","SuperFastMode"],"gold_per_floor":[122,134,146,158,180,225,237,259,271,283,307,332,344,372,384,498,510,540,56,56,56,10,10,10,10,59,76,89,120,138,138,138,241,241,254,60,60,71,85,135,135,53,130,130,143,161,178,0,0,0],"floor_reached":51,"language":"KOR","playtime":1245,"items_purged":["Strike_B"],"score":974,"play_id":"74b820ba-a8e2-496e-aed9-4841f37a3931","local_time":"20210227233156","is_ascension_mode":true,"campfire_choices":[{"floor":7,"key":"REST"},{"data":"Aggregate","floor":15,"key":"SMITH"},{"data":"Apotheosis","floor":23,"key":"SMITH"},{"data":"Redo","floor":25,"key":"SMITH"},{"floor":32,"key":"REST"},{"floor":41,"key":"REST"},{"floor":44,"key":"REST"},{"floor":49,"key":"REST"}],"circlet_count":0,"master_deck":["Strike_B","Defend_B","Defend_B","Defend_B","Zap","Dualcast","Rebound","Go for the Eyes","Gash","Beam Cell","Hologram+1","Aggregate+1","All For One","Leap","Apotheosis+1","Beam Cell","Steam","Redo+1","Consume","Conserve Battery","Conserve Battery+1","Machine Learning","Gash","Gash","Scrape","Swift Strike","Stack","Coolheaded","FTL","Beam Cell+1","Gash+1"],"relics":["Cracked Core","MawBank","Shuriken","Oddly Smooth Stone","Symbiotic Virus","Busted Crown","Kunai","Letter Opener","Toy Ornithopter","Bottled Lightning","Juzu Bracelet","SlaversCollar","Ice Cream","Mercury Hourglass","Red Mask"],"acts_visited":["Exordium","TheCity","TheBeyond"],"potions_floor_usage":[16,29,30,39,50],"damage_taken":[{"damage":4,"enemies":"Small Slimes","floor":1,"turns":3},{"damage":2,"enemies":"Jaw Worm","floor":5,"turns":4},{"damage":25,"enemies":"Lagavulin","floor":6,"turns":5},{"damage":0,"enemies":"Cultist","floor":8,"turns":3},{"damage":2,"enemies":"Looter","floor":11,"turns":2},{"damage":0,"enemies":"Exordium Wildlife","floor":12,"turns":2},{"damage":0,"enemies":"Large Slime","floor":14,"turns":4},{"damage":23,"enemies":"The Guardian","floor":16,"turns":9},{"damage":20,"enemies":"Shell Parasite","floor":18,"turns":4},{"damage":0,"enemies":"2 Thieves","floor":27,"turns":2},{"damage":17,"enemies":"Centurion and Healer","floor":28,"turns":5},{"damage":14,"enemies":"Book of Stabbing","floor":29,"turns":4},{"damage":0,"enemies":"3 Cultists","floor":30,"turns":3},{"damage":22,"enemies":"Champ","floor":33,"turns":7},{"damage":7,"enemies":"3 Darklings","floor":35,"turns":4},{"damage":4,"enemies":"3 Shapes","floor":38,"turns":3},{"damage":41,"enemies":"Jaw Worm Horde","floor":39,"turns":3},{"damage":0,"enemies":"Mind Bloom Boss Battle","floor":40,"turns":3},{"damage":16,"enemies":"Sphere and 2 Shapes","floor":45,"turns":3},{"damage":28,"enemies":"Writhing Mass","floor":46,"turns":5},{"damage":2,"enemies":"Transient","floor":47,"turns":5},{"damage":38,"enemies":"Awakened One","floor":50,"turns":7}],"seed_played":"1802959010101024785","potions_obtained":[{"floor":8,"key":"Weak Potion"},{"floor":11,"key":"FairyPotion"},{"floor":14,"key":"DuplicationPotion"},{"floor":28,"key":"DuplicationPotion"},{"floor":35,"key":"SpeedPotion"},{"floor":38,"key":"FearPotion"},{"floor":40,"key":"DuplicationPotion"},{"floor":46,"key":"DistilledChaos"}],"is_trial":false,"path_per_floor":["M","?","?","$","M","E","R","M","T","?","M","M","?","M","R","B",null,"M","$","?","?","$","R","?","R","T","M","M","E","M","T","R","B",null,"M","$","?","M","M","?","R","$","T","R","M","M","M","?","R","B",null],"character_chosen":"DEFECT","items_purchased":["Apotheosis","Kunai","Beam Cell","Steam","Conserve Battery","Gash","Scrape","FTL"],"campfire_rested":5,"item_purchase_floors":[19,19,19,19,22,36,36,42],"current_hp_per_floor":[64,69,51,51,49,24,48,48,48,41,39,39,39,39,39,16,64,44,44,44,44,44,44,44,44,44,44,27,18,23,23,47,25,66,59,59,59,55,19,19,43,43,43,67,51,23,21,21,45,12],"gold":0,"neow_bonus":"RANDOM_COMMON_RELIC","is_daily":false,"chose_seed":false,"campfire_upgraded":3,"win_rate":0.0,"timestamp":1614436316,"path_taken":["M","?","?","$","M","E","R","M","T","?","?","M","?","M","R","BOSS","M","$","?","?","?","R","?","R","T","M","M","E","?","?","R","BOSS","M","$","?","M","M","?","R","$","T","R","M","M","M","?","R","BOSS"],"items_purchased_type":["Card","Relic","Card","Card","Card","Card","Card","Card"],"build_version":"2020-12-22","purchased_purges":1,"victory":true,"max_hp_per_floor":[75,80,80,80,80,80,80,80,80,80,80,80,80,80,80,80,80,80,80,80,80,80,80,80,80,80,80,80,80,80,80,80,80,80,80,80,80,80,80,80,80,80,80,80,80,80,80,80,80,80],"card_choices":[{"not_picked":["Beam Cell","Coolheaded"],"picked":"Rebound","floor":1},{"not_picked":["Stack","Barrage"],"picked":"Go for the Eyes","floor":5},{"not_picked":["Self Repair","Lockon"],"picked":"Gash","floor":6},{"not_picked":["Ball Lightning","Hello World"],"picked":"Beam Cell","floor":8},{"not_picked":["Ball Lightning","Lockon","Compile Driver"],"picked":"SKIP","floor":11},{"not_picked":["Sweeping Beam","Streamline"],"picked":"Hologram","floor":12},{"not_picked":["Self Repair","Hyperbeam"],"picked":"Aggregate","floor":14},{"not_picked":["Buffer","Machine Learning"],"picked":"All For One","floor":16},{"not_picked":[],"picked":"Leap","floor":18},{"not_picked":["Reinforced Body"],"picked":"SKIP","floor":27},{"not_picked":["Ball Lightning"],"picked":"SKIP","floor":28},{"not_picked":[],"picked":"Conserve Battery+1","floor":29},{"not_picked":["Turbo"],"picked":"SKIP","floor":30},{"not_picked":[],"picked":"Machine Learning","floor":33},{"not_picked":[],"picked":"Gash","floor":35},{"not_picked":[],"picked":"Swift Strike","floor":37},{"not_picked":[],"picked":"Stack","floor":38},{"not_picked":[],"picked":"Coolheaded","floor":39},{"not_picked":["Cold Snap"],"picked":"SKIP","floor":45},{"not_picked":[],"picked":"Beam Cell+1","floor":46},{"not_picked":[],"picked":"Gash+1","floor":47}],"player_experience":866251,"relics_obtained":[{"floor":6,"key":"Oddly Smooth Stone"},{"floor":9,"key":"Symbiotic Virus"},{"floor":26,"key":"Toy Ornithopter"},{"floor":29,"key":"Bottled Lightning"},{"floor":31,"key":"Juzu Bracelet"},{"floor":40,"key":"Ice Cream"},{"floor":43,"key":"Mercury Hourglass"}],"event_choices":[{"damage_healed":0,"gold_gain":0,"player_choice":"Donut","damage_taken":0,"max_hp_gain":5,"max_hp_loss":0,"event_name":"Big Fish","floor":2,"gold_loss":0},{"damage_healed":0,"gold_gain":0,"player_choice":"Success","damage_taken":18,"relics_obtained":["Shuriken"],"max_hp_gain":0,"max_hp_loss":0,"event_name":"Scrap Ooze","floor":3,"gold_loss":0},{"cards_removed":["Strike_B"],"damage_healed":0,"gold_gain":0,"player_choice":"Card Removal","damage_taken":7,"max_hp_gain":0,"max_hp_loss":0,"event_name":"Golden Wing","floor":10,"gold_loss":0},{"damage_healed":0,"gold_gain":0,"player_choice":"Forge","damage_taken":0,"max_hp_gain":0,"max_hp_loss":0,"event_name":"Accursed Blacksmith","floor":13,"gold_loss":0,"cards_upgraded":["Hologram"]},{"damage_healed":0,"gold_gain":0,"cards_transformed":["Strike_B","Defend_B"],"player_choice":"Became Test Subject","damage_taken":0,"max_hp_gain":0,"max_hp_loss":0,"event_name":"Drug Dealer","floor":20,"gold_loss":0,"cards_obtained":["Redo","Consume"]},{"damage_healed":0,"gold_gain":0,"player_choice":"Ignored","damage_taken":0,"max_hp_gain":0,"max_hp_loss":0,"event_name":"Vampires","floor":21,"gold_loss":0},{"damage_healed":0,"gold_gain":0,"player_choice":"Opened","damage_taken":0,"relics_obtained":["Letter Opener"],"max_hp_gain":0,"max_hp_loss":0,"event_name":"The Mausoleum","floor":24,"gold_loss":0},{"damage_healed":0,"gold_gain":0,"player_choice":"Memory 1","damage_taken":0,"max_hp_gain":0,"max_hp_loss":0,"event_name":"SensoryStone","floor":37,"gold_loss":0},{"damage_healed":0,"gold_gain":0,"player_choice":"Fight","damage_taken":0,"max_hp_gain":0,"max_hp_loss":0,"event_name":"MindBloom","floor":40,"gold_loss":0},{"damage_healed":0,"gold_gain":0,"player_choice":"Paid","damage_taken":0,"relics_obtained":["Red Mask"],"max_hp_gain":0,"max_hp_loss":0,"event_name":"Tomb of Lord Red Mask","floor":48,"gold_loss":178}],"is_beta":false,"boss_relics":[{"not_picked":["Tiny House","Calling Bell"],"picked":"Busted Crown"},{"not_picked":["Astrolabe","Empty Cage"],"picked":"SlaversCollar"}],"items_purged_floors":[36],"is_endless":false,"potions_floor_spawned":[8,11,14,28,35,38,40,46],"ascension_level":8}}