{"host":"yecadp3kwkksam5a","time":1614412798,"event":{"mods":["BaseMod","Minty Spire (QoL Compilation)","Replay The Spire","StSLib","SuperFastMode","The Jungle"],"gold_per_floor":[112,112,37,49,69,96,111,111,162,180,193,226,226,260,340,414,414,433,405,33,44,44,73,73,104,104,154,154,172,182,214,214,285,285,299,299,299],"floor_reached":36,"language":"KOR","playtime":2203,"items_purged":["Strike_R","Strike_R"],"score":1217,"play_id":"8bb0f42a-451c-472e-8d02-67e9109bcc8d","local_time":"20210227165958","is_ascension_mode":true,"campfire_choices":[{"floor":8.0,"key":"RECALL"},{"floor":24.0,"key":"REST"}],"circlet_count":0,"master_deck":["AscendersBane","Defend_R","Defend_R","Defend_R","Defend_R","Bash","Apotheosis+1","Impervious","Dash","Pommel Strike","Pummel","Evolve","Second Wind","Backflip","Stack","Blade Dance","PiercingWail","Finesse","Prostrate","Prepared","All For One+1","Footwork","True Grit","Deep Breath","Brilliance+1","Warcry","Prostrate+1","Stack","Ragnarok+1","Aggregate","ReplayTheSpireMod:Speed Training","Flash of Steel+1","Iron Wave+1","Bloodletting","Study+1","Barricade+1","Shockwave","Escape Plan","Brilliance+1","Feel No Pain+1","Corruption+1","Battle Trance","ReplayTheSpireMod:Private Reserves","Coolheaded+1","Blade Dance+1"],"relics":["Burning Blood","Bottled Lightning","Prayer Wheel","Prayer Wheel","Prayer Wheel","Prayer Wheel","PrismaticShard","Molten Egg 2","Smiling Mask","MealTicket","Replay:Mystery Machine","SlaversCollar","Mango","Frozen Egg 2","Boot","Pantograph","ReplayTheSpireMod:TigerMarble","Cursed Key"],"acts_visited":["TheCity","TheBeyond"],"potions_floor_usage":[],"damage_taken":[{"damage":0.0,"enemies":"2 Louse","floor":1.0,"turns":3.0},{"damage":3.0,"enemies":"Cultist","floor":4.0,"turns":4.0},{"damage":0.0,"enemies":"Jaw Worm","floor":5.0,"turns":4.0},{"damage":27.0,"enemies":"Lagavulin","floor":6.0,"turns":10.0},{"damage":3.0,"enemies":"Looter","floor":7.0,"turns":5.0},{"damage":6.0,"enemies":"2 Fungi Beasts","floor":10.0,"turns":3.0},{"damage":6.0,"enemies":"Red Slaver","floor":11.0,"turns":4.0},{"damage":10.0,"enemies":"3 Sentries","floor":12.0,"turns":6.0},{"damage":0.0,"enemies":"Lagavulin","floor":14.0,"turns":5.0},{"damage":43.0,"enemies":"Slime Boss","floor":16.0,"turns":8.0},{"damage":29.0,"enemies":"3 Byrds","floor":18.0,"turns":7.0},{"damage":5.0,"enemies":"2 Thieves","floor":19.0,"turns":4.0},{"damage":23.0,"enemies":"Shelled Parasite and Fungi","floor":21.0,"turns":7.0},{"damage":22.0,"enemies":"Gremlin Leader","floor":23.0,"turns":4.0},{"damage":14.0,"enemies":"Book of Stabbing","floor":25.0,"turns":5.0},{"damage":9.0,"enemies":"Cultist and Chosen","floor":28.0,"turns":5.0},{"damage":13,"enemies":"Snecko","floor":29,"turns":7},{"damage":8,"enemies":"3 Cultists","floor":30,"turns":7},{"damage":0,"enemies":"Gremlin Leader","floor":31,"turns":4},{"damage":6,"enemies":"Automaton","floor":33,"turns":6},{"damage":16,"enemies":"Orb Walker","floor":35,"turns":5},{"damage":0,"enemies":"3 Darklings","floor":36,"turns":1}],"seed_played":"-3963256523866701397","potions_obtained":[{"floor":1.0,"key":"FearPotion"},{"floor":5.0,"key":"SteroidPotion"},{"floor":6.0,"key":"GamblersBrew"},{"floor":14.0,"key":"Ancient Potion"},{"floor":18.0,"key":"Fire Potion"},{"floor":31,"key":"SmokeBomb"},{"floor":32,"key":"ElixirPotion"}],"is_trial":false,"path_per_floor":["M","?","$","M","M","E","M","R","T","M","M","E","?","E","R","B",null,"M","M","$","M","?","E","R","E","T","?","M","M","M","E","R","B",null,"M","M"],"character_chosen":"IRONCLAD","items_purchased":["Mango"],"campfire_rested":1,"item_purchase_floors":[20],"current_hp_per_floor":[74,74,74,75,75,54,57,57,57,57,57,53,53,59,59,22,62,39,40,69,52,52,36,62,54,54,46,43,36,34,40,40,65,83,73,73,73],"gold":299,"neow_bonus":"UPGRADE_CARD","is_daily":false,"chose_seed":false,"campfire_upgraded":0,"win_rate":0.0,"timestamp":1614412798,"path_taken":["M","?","$","M","M","E","M","R","T","M","?","E","?","E","R","BOSS","M","M","$","M","?","E","R","E","T","?","M","M","M","E","R","BOSS","M","M"],"items_purchased_type":["Relic"],"build_version":"2020-12-22","purchased_purges":2,"victory":false,"max_hp_per_floor":[75,75,75,75,75,75,75,75,75,75,75,75,75,75,75,75,75,75,75,89,89,89,89,89,89,89,89,89,89,89,89,89,89,89,89,89,89],"card_choices":[{"not_picked":["Armaments","Twin Strike"],"picked":"Impervious","floor":1.0},{"not_picked":["FollowUp","Rebound"],"picked":"Dash","floor":1.0},{"not_picked":["Twin Strike","Armaments"],"picked":"Pommel Strike","floor":1.0},{"not_picked":["Expertise","Bandage Up","Noxious Fumes"],"picked":"SKIP","floor":1.0},{"not_picked":["EmptyFist","ReplayTheSpireMod:Reroute Power","Wild Strike"],"picked":"SKIP","floor":1.0},{"not_picked":["Reckless Charge","Dodge and Roll"],"picked":"Evolve","floor":4.0},{"not_picked":["Force Field","Leap"],"picked":"Second Wind","floor":4.0},{"not_picked":["Flex","ReplayTheSpireMod:Strike From Hell"],"picked":"Backflip","floor":4.0},{"not_picked":["Replay:Poison Smokescreen","EmptyFist","Draining Mist"],"picked":"SKIP","floor":4.0},{"not_picked":["Perfected Strike","Shrug It Off","Leap"],"picked":"SKIP","floor":4.0},{"not_picked":["Meditate","Riddle With Holes"],"picked":"Stack","floor":5.0},{"not_picked":["Outmaneuver","Replay:Undeath\u0027s Touch"],"picked":"Blade Dance","floor":5.0},{"not_picked":["Replay:BluntJabs","Unload","Run Through"],"picked":"SKIP","floor":5.0},{"not_picked":["Auto Shields","InnerPeace","ThirdEye"],"picked":"SKIP","floor":5.0},{"not_picked":["Nirvana","BasicCrystalCard","Panic Button"],"picked":"SKIP","floor":5.0},{"not_picked":["Crescendo","Wild Strike+1"],"picked":"PiercingWail","floor":6.0},{"not_picked":["Deflect","Consecrate+1"],"picked":"Finesse","floor":7.0},{"not_picked":["FlurryOfBlows+1","Uppercut+1"],"picked":"Prostrate","floor":7.0},{"not_picked":["Dash+1","Lockon+1","Halt"],"picked":"SKIP","floor":7.0},{"not_picked":["Abandon","Reflex","Draining Mist"],"picked":"SKIP","floor":7.0},{"not_picked":["ReplayTheSpireMod:Corrosion Curse","Die Die Die+1","Thunderclap+1"],"picked":"SKIP","floor":7.0},{"not_picked":["Sweeping Beam+1","Shockwave"],"picked":"Prepared","floor":10.0},{"not_picked":["Replay:Sssssssssshield","ReplayTheSpireMod:Uncanny Aura"],"picked":"All For One+1","floor":10.0},{"not_picked":["Outmaneuver","Sweeping Beam+1"],"picked":"Footwork","floor":10.0},{"not_picked":["Caltrops","Iron Wave+1"],"picked":"True Grit","floor":10.0},{"not_picked":["Replay:Sssssssssshield","Perseverance","Heatsinks"],"picked":"SKIP","floor":10.0},{"not_picked":["Sunder+1","ThirdEye"],"picked":"Deep Breath","floor":11.0},{"not_picked":["Flying Knee+1","Compile Driver+1","Seeing Red"],"picked":"SKIP","floor":11.0},{"not_picked":["Streamline+1","Evolve","Flying Knee+1"],"picked":"SKIP","floor":11.0},{"not_picked":["FollowUp+1","Reinforced Body","Quick Slash+1"],"picked":"SKIP","floor":11.0},{"not_picked":["BasicCrystalCard","Conserve Battery","Beam Cell+1"],"picked":"SKIP","floor":11.0},{"not_picked":["Combust","ReplayTheSpireMod:Strike From Hell+1"],"picked":"Brilliance+1","floor":12.0},{"not_picked":["Rage","Sweeping Beam+1"],"picked":"Warcry","floor":14.0},{"not_picked":["Warcry","ClearTheMind"],"picked":"Prostrate+1","floor":18.0},{"not_picked":["Heatsinks","ReplayTheSpireMod:Tripwire"],"picked":"Stack","floor":18.0},{"not_picked":["Panic Button","Dagger Throw+1"],"picked":"Ragnarok+1","floor":18.0},{"not_picked":["Headbutt+1","JustLucky+1","Metallicize"],"picked":"SKIP","floor":18.0},{"not_picked":["Underhanded Strike+1","Hidden Blade","Wireheading"],"picked":"SKIP","floor":18.0},{"not_picked":["BowlingBash+1","Darkness"],"picked":"Aggregate","floor":19.0},{"not_picked":["Halt","ReplayTheSpireMod:Calculation Training"],"picked":"ReplayTheSpireMod:Speed Training","floor":19.0},{"not_picked":["Wild Strike+1","Conserve Battery","Lockon+1"],"picked":"SKIP","floor":19.0},{"not_picked":["Dagger Throw+1","ReplaySort","Draining Mist"],"picked":"SKIP","floor":19.0},{"not_picked":["FlurryOfBlows+1","SashWhip+1","Protect"],"picked":"SKIP","floor":19.0},{"not_picked":["Replay:AtTheReady","Rebound+1"],"picked":"Flash of Steel+1","floor":21.0},{"not_picked":["Quick Slash+1","Replay:BasicMightCard","Gash+1"],"picked":"SKIP","floor":21.0},{"not_picked":["Sword Boomerang+1","Sucker Punch+1","Envenom"],"picked":"SKIP","floor":21.0},{"not_picked":["Stack","Replay:Battleflow","FlurryOfBlows+1"],"picked":"SKIP","floor":21.0},{"not_picked":["FlurryOfBlows+1","BowlingBash+1","Deadly Poison"],"picked":"SKIP","floor":21.0},{"not_picked":["JustLucky+1","Havoc"],"picked":"Study+1","floor":23.0},{"not_picked":["WindmillStrike+1","Replay:Many Hands","FlurryOfBlows+1"],"picked":"SKIP","floor":25.0},{"not_picked":["Beam Cell+1","Poisoned Stab+1"],"picked":"Barricade+1","floor":28},{"not_picked":["Coolheaded","Headbutt+1"],"picked":"Shockwave","floor":28},{"not_picked":["Anger+1","Headbutt+1","Iron Wave+1"],"picked":"SKIP","floor":28},{"not_picked":["Enlightenment","Poisoned Stab+1","Halt"],"picked":"SKIP","floor":28},{"not_picked":["Conserve Battery","Sanctity+1","CrushJoints+1"],"picked":"SKIP","floor":28},{"not_picked":["Doom and Gloom+1","Prepared"],"picked":"Escape Plan","floor":29},{"not_picked":["Barrage+1","Slice+1"],"picked":"Brilliance+1","floor":29},{"not_picked":["FlurryOfBlows+1","EmptyBody","Quick Slash+1"],"picked":"SKIP","floor":29},{"not_picked":["Steam","Perfected Strike+1","Rip and Tear+1"],"picked":"SKIP","floor":29},{"not_picked":["Rebound+1","Perfected Strike+1","Feel No Pain+1"],"picked":"SKIP","floor":29},{"not_picked":["Rebound+1","Perfected Strike+1"],"picked":"Feel No Pain+1","floor":29},{"not_picked":["FlurryOfBlows+1","EmptyBody","Quick Slash+1"],"picked":"SKIP","floor":29},{"not_picked":["Steam","Perfected Strike+1","Rip and Tear+1"],"picked":"SKIP","floor":29},{"not_picked":["Backstab+1","Headbutt+1","Rupture+1"],"picked":"SKIP","floor":30},{"not_picked":["EmptyBody+1","CrushJoints+1","Intimidate"],"picked":"SKIP","floor":30},{"not_picked":["SandsOfTime+1","Exhume","Replay:ManipulateFuture"],"picked":"SKIP","floor":30},{"not_picked":["ReplayTheSpireMod:Muscle Training","Meditate","Catalyst"],"picked":"SKIP","floor":30},{"not_picked":["Infinite Blades+1","Streamline+1","Compile Driver+1"],"picked":"SKIP","floor":30},{"not_picked":["Warcry","EmptyFist+1","Prepared"],"picked":"SKIP","floor":31},{"not_picked":["ReplayTheSpireMod:Brewmster+1","Reaper+1"],"picked":"Corruption+1","floor":33},{"not_picked":["Stack","Caltrops+1"],"picked":"Battle Trance","floor":35},{"not_picked":["InnerPeace+1","JustLucky+1"],"picked":"ReplayTheSpireMod:Private Reserves","floor":35},{"not_picked":["Cold Snap+1","Run Through+1"],"picked":"Coolheaded+1","floor":35},{"not_picked":["Wild Strike+1","Tactician"],"picked":"Blade Dance+1","floor":35},{"not_picked":["ReplayTheSpireMod:Shiv Toss+1","Iron Wave+1","Flex+1"],"picked":"SKIP","floor":35}],"player_experience":609802,"relics_obtained":[{"floor":6.0,"key":"Molten Egg 2"},{"floor":9.0,"key":"Smiling Mask"},{"floor":12.0,"key":"MealTicket"},{"floor":14.0,"key":"Replay:Mystery Machine"},{"floor":23.0,"key":"Frozen Egg 2"},{"floor":25.0,"key":"Boot"},{"floor":26.0,"key":"Pantograph"},{"floor":31,"key":"ReplayTheSpireMod:TigerMarble"}],"event_choices":[{"damage_healed":0.0,"max_hp_gain":0.0,"max_hp_loss":0.0,"gold_gain":0.0,"cards_transformed":["Strike_R"],"event_name":"Transmorgrifier","player_choice":"Transformed","floor":2.0,"gold_loss":0.0,"damage_taken":0.0,"cards_obtained":["Pummel"]},{"damage_healed":0.0,"max_hp_gain":0.0,"max_hp_loss":0.0,"gold_gain":0.0,"event_name":"Shining Light","player_choice":"Ignored","floor":13.0,"gold_loss":0.0,"damage_taken":0.0},{"damage_healed":0.0,"max_hp_gain":0.0,"max_hp_loss":0.0,"gold_gain":0.0,"cards_transformed":["Strike_R","Strike_R"],"event_name":"Drug Dealer","player_choice":"Became Test Subject","floor":22.0,"gold_loss":0.0,"damage_taken":0.0,"cards_obtained":["Iron Wave","Bloodletting"]},{"damage_healed":0.0,"max_hp_gain":0.0,"max_hp_loss":0.0,"gold_gain":50.0,"event_name":"FaceTrader","player_choice":"Touch","floor":27.0,"gold_loss":0.0,"damage_taken":8.0}],"is_beta":false,"boss_relics":[{"not_picked":["Replay:Drink Me","Tiny House"],"picked":"SlaversCollar"},{"not_picked":["Black Star","Ring of Chaos"],"picked":"Cursed Key"}],"items_purged_floors":[3,20],"is_endless":false,"potions_floor_spawned":[1,5,6,14,18,21,31,33],"killed_by":"3 Darklings","ascension_level":20}}