{"host":"ef0di4u2iht71tvj","time":1614439201,"event":{"mods":["2.2 Compatiblity","Act Like it!","BaseMod","DeckTracker","Downfall","Hermit","HololiveMod","JesterMod","Koishi","Marisa????????","Minty Spire (QoL Compilation)","StSLib","SuperFastMode","Synergy Search","The Animator","The Bug Knight","The Clintock","The Construct","The Cursed","The Disciple","The Forsaken","The Gatherer","The Hierophant","The Jungle","The Servant 0.9.4"],"gold_per_floor":[113,123,123,136,153,182,182,216,216,249,278,290,302,314,326,440,452,474,499,511,523,545,590,602,648,660,682,714,744,119,151,151,246,246,257,17,29,29,29,54,54,68,120,120,145,45,70,88,88,88,88,88,38,64,64,64],"floor_reached":55,"language":"ENG","playtime":5062,"items_purged":["downfall:Malfunctioning","HollowMod:NailStrikeStart"],"score":889,"play_id":"94dd55ec-a70d-43d1-a31f-ace67ce53f2f","local_time":"20210227162001","is_ascension_mode":true,"campfire_choices":[{"data":"HollowMod:GrimmsGift","floor":7.0,"key":"SMITH"},{"data":"HollowMod:FocusHealStart","floor":13.0,"key":"SMITH"},{"data":"HollowMod:DoubleDash","floor":15.0,"key":"SMITH"},{"data":"HollowMod:Hiveblood","floor":24.0,"key":"SMITH"},{"data":"Apotheosis","floor":32.0,"key":"SMITH"},{"floor":44.0,"key":"RECALL"},{"floor":49.0,"key":"REST"},{"floor":52.0,"key":"REST"}],"circlet_count":0,"master_deck":["HollowMod:NailStrikeStart","HollowMod:NailStrikeStart","HollowMod:QuickDashStart","HollowMod:QuickDashStart","HollowMod:QuickDashStart","HollowMod:QuickDashStart","HollowMod:FocusHealStart+1","HollowMod:PogoStrike","HollowMod:GrimmsGift+1","HollowMod:Hiveblood+1","HollowMod:DesolateDive+1","HollowMod:HuntersJournal","HollowMod:DoubleDash+1","HollowMod:SoulMaster","HollowMod:DreamGate+1","HollowMod:CloakDash","HollowMod:HowlingWraiths","HollowMod:MonomonsArchive","Apotheosis+1","HollowMod:Weaversong+1","HollowMod:SoulEater+1","HollowMod:ShapeofUnn+1","HollowMod:SlysStrikes+1","Clumsy","HollowMod:DoubleDash+1","HollowMod:LifebloodCocoon+1","HollowMod:DashSlash+1","HollowMod:SoulStrike+1"],"relics":["HollowMod:VesselMask","Pen Nib","HollowMod:MillibellesNoteRelic","TungstenRod","StrikeDummy","MawBank","Cursed Key","Dream Catcher","Mercury Hourglass","theForsaken:Kindling","Bottled Lightning","Nunchaku","Frozen Egg 2","Fusion Hammer","HollowMod:LifeEnderRelic","Oddly Smooth Stone","Vajra","Anchor","Bag of Marbles"],"acts_visited":["Exordium","TheCity","TheBeyond","TheEnding"],"potions_floor_usage":[55,55],"damage_taken":[{"damage":6.0,"enemies":"Jaw Worm","floor":1.0,"turns":4.0},{"damage":0.0,"enemies":"Cultist","floor":2.0,"turns":3.0},{"damage":3.0,"enemies":"2 Louse","floor":4.0,"turns":3.0},{"damage":8.0,"enemies":"Red Slaver","floor":5.0,"turns":6.0},{"damage":24.0,"enemies":"Gremlin Nob","floor":6.0,"turns":4.0},{"damage":26.0,"enemies":"Lagavulin","floor":8.0,"turns":6.0},{"damage":19.0,"enemies":"HollowMod:MossKnight","floor":10.0,"turns":8.0},{"damage":10.0,"enemies":"Exordium Thugs","floor":11.0,"turns":5.0},{"damage":30.0,"enemies":"HollowMod:FalseKnight","floor":16.0,"turns":8.0},{"damage":24.0,"enemies":"HollowMod:HuskSentry","floor":18.0,"turns":6.0},{"damage":8.0,"enemies":"2 Thieves","floor":19.0,"turns":3.0},{"damage":24.0,"enemies":"Centurion and Healer","floor":22.0,"turns":9.0},{"damage":27.0,"enemies":"Book of Stabbing","floor":23.0,"turns":5.0},{"damage":31.0,"enemies":"Gremlin Leader","floor":25.0,"turns":8.0},{"damage":25.0,"enemies":"Snake Plant","floor":27.0,"turns":4.0},{"damage":13.0,"enemies":"Chosen and Byrds","floor":28.0,"turns":4.0},{"damage":19.0,"enemies":"Sentry and Sphere","floor":29.0,"turns":5.0},{"damage":25.0,"enemies":"Book of Stabbing","floor":31.0,"turns":7.0},{"damage":39.0,"enemies":"Champ","floor":33.0,"turns":11.0},{"damage":14.0,"enemies":"3 Darklings","floor":35.0,"turns":3.0},{"damage":13.0,"enemies":"3 Shapes","floor":37.0,"turns":5.0},{"damage":21.0,"enemies":"Reptomancer","floor":40.0,"turns":5.0},{"damage":47.0,"enemies":"HollowMod:SlobberingHusk","floor":42.0,"turns":9.0},{"damage":53.0,"enemies":"Nemesis","floor":45.0,"turns":9.0},{"damage":25.0,"enemies":"Reptomancer","floor":47.0,"turns":8.0},{"damage":17.0,"enemies":"Spire Growth","floor":48.0,"turns":6.0},{"damage":45.0,"enemies":"Donu and Deca","floor":50.0,"turns":10.0},{"damage":78.0,"enemies":"Shield and Spear","floor":54.0,"turns":9.0},{"damage":87,"enemies":"The Heart","floor":55,"turns":9}],"seed_played":"900706969304410988","potions_obtained":[{"floor":1.0,"key":"Energy Potion"},{"floor":6.0,"key":"champ:CounterPotion"},{"floor":8.0,"key":"AttackPotion"},{"floor":18.0,"key":"GamblersBrew"},{"floor":23.0,"key":"BlessingOfTheForge"},{"floor":28.0,"key":"hexamod:SoulburnPotion"},{"floor":33.0,"key":"Ancient Potion"},{"floor":37.0,"key":"Swift Potion"},{"floor":40.0,"key":"Strength Potion"},{"floor":42.0,"key":"Slimebound:ThreeZeroPotion"}],"is_trial":false,"path_per_floor":["M","M","?","M","M","E","R","E","T","E","M","?","R","$","R","B",null,"M","M","?","T","M","E","R","E","T","M","M","M","$","E","R","B",null,"M","$","M","$","T","E","?","M","T","R","E","$","E","M","R","B",null,"R","$","E","B"],"character_chosen":"THE_BUGKNIGHT","items_purchased":["Apotheosis","Bottled Lightning","Nunchaku","HollowMod:LifeEnderRelic","Energy Potion"],"campfire_rested":2,"item_purchase_floors":[30,30,30,36,53],"current_hp_per_floor":[75,75,75,75,75,57,57,56,56,62,72,72,72,72,72,62,75,75,73,73,73,75,64,64,66,66,48,48,57,57,69,69,65,75,74,74,75,75,75,75,75,67,67,67,54,54,66,75,80,68,80,85,85,44,0,0],"gold":64,"neow_bonus":"REMOVE_CARD","is_daily":false,"chose_seed":false,"campfire_upgraded":5,"win_rate":0.0,"timestamp":1614439201,"path_taken":["M","M","?","M","?","E","R","E","T","E","M","?","R","$","R","BOSS","M","M","?","?","M","E","R","E","T","M","?","M","$","E","R","BOSS","M","?","M","$","?","E","?","M","T","R","E","$","E","M","R","BOSS","R","$","E","BOSS"],"items_purchased_type":["Card","Relic","Relic","Relic","Potion"],"build_version":"2020-12-22","purchased_purges":2,"victory":false,"max_hp_per_floor":[75,75,75,75,75,75,75,75,75,75,75,75,75,75,75,75,75,75,75,75,75,75,75,75,75,75,75,75,75,75,75,75,75,75,75,75,75,75,75,75,75,75,75,75,75,75,75,75,80,80,80,85,85,85,85,85],"card_choices":[{"not_picked":["HollowMod:VengefulSpirit","HollowMod:WraithStrike"],"picked":"HollowMod:DashSlash","floor":1.0},{"not_picked":["HollowMod:LifebloodCocoon","HollowMod:GoodIntentions","HollowMod:WraithStrike"],"picked":"SKIP","floor":2.0},{"not_picked":["HollowMod:TaintedHusks","HollowMod:LuriensSpire","HollowMod:NewGlowingWomb"],"picked":"SKIP","floor":4.0},{"not_picked":["HollowMod:SoulStrike","HollowMod:NewJinnsSoul"],"picked":"HollowMod:GrimmsGift","floor":5.0},{"not_picked":["HollowMod:MantisMark","HollowMod:InfectedAttack"],"picked":"HollowMod:Hiveblood","floor":6.0},{"not_picked":["HollowMod:NewJinnsSoul","HollowMod:NewGlowingWomb"],"picked":"HollowMod:DesolateDive","floor":8.0},{"not_picked":["HollowMod:GoodIntentions","HollowMod:InfectedAttack"],"picked":"HollowMod:HuntersJournal","floor":10.0},{"not_picked":["HollowMod:SoulSplash","HollowMod:InfectedCysts"],"picked":"HollowMod:DoubleDash","floor":11.0},{"not_picked":["HollowMod:Weaversong","HollowMod:VoidDash"],"picked":"HollowMod:SoulMaster","floor":16.0},{"not_picked":["HollowMod:WraithStrike","HollowMod:ChannelNail","HollowMod:SharpenedNail"],"picked":"SKIP","floor":18.0},{"not_picked":["HollowMod:CrystalDash+1","HollowMod:DoubleDash"],"picked":"HollowMod:DreamGate+1","floor":19.0},{"not_picked":["HollowMod:FastStrike","HollowMod:SiblingsShadow","HollowMod:NewJinnsSoul"],"picked":"SKIP","floor":22.0},{"not_picked":["HollowMod:InfectedAttack+1","HollowMod:TaintedHusks"],"picked":"HollowMod:CloakDash","floor":23.0},{"not_picked":["HollowMod:SiblingsSouls","HollowMod:FallenFury"],"picked":"HollowMod:HowlingWraiths","floor":25.0},{"not_picked":["HollowMod:DashSlash","HollowMod:VengefulVoid"],"picked":"HollowMod:MonomonsArchive","floor":27.0},{"not_picked":["HollowMod:ShadowDash+1","HollowMod:BrokenVessel","HollowMod:MonomonsArchive"],"picked":"SKIP","floor":28.0},{"not_picked":["HollowMod:LuriensSpire","HollowMod:NewGlowingWomb","HollowMod:InfectedCysts"],"picked":"SKIP","floor":29.0},{"not_picked":["HollowMod:SiblingsShadow+1","HollowMod:HowlingWraiths","HollowMod:BrokenVessel+1"],"picked":"SKIP","floor":31.0},{"not_picked":["HollowMod:MidwifesHunger","HollowMod:LifebloodCore"],"picked":"HollowMod:Weaversong+1","floor":33.0},{"not_picked":["HollowMod:GreatSlash+1","HollowMod:DoubleDash"],"picked":"HollowMod:SoulEater+1","floor":35.0},{"not_picked":["HollowMod:CoiledNail+1","HollowMod:DashSlash+1"],"picked":"HollowMod:ShapeofUnn+1","floor":37.0},{"not_picked":["HollowMod:DesolateDive+1","HollowMod:WraithStrike+1"],"picked":"HollowMod:SlysStrikes+1","floor":40.0},{"not_picked":["HollowMod:TaintedHusks","HollowMod:SoulStrike","HollowMod:ShadowDash"],"picked":"SKIP","floor":42.0},{"not_picked":["HollowMod:SoulShaman+1","HollowMod:VengefulSpirit"],"picked":"HollowMod:DoubleDash+1","floor":45.0},{"not_picked":["HollowMod:RecoilStrike+1","HollowMod:HornetsHelp"],"picked":"HollowMod:LifebloodCocoon+1","floor":47.0},{"not_picked":["HollowMod:CoiledNail+1","HollowMod:SoulSplash","HollowMod:SiblingsSouls"],"picked":"SKIP","floor":48.0},{"not_picked":["HollowMod:LifebloodCocoon","HollowMod:PureNailStrike+1"],"picked":"HollowMod:DashSlash+1","floor":52.0},{"not_picked":["HollowMod:HeavyBlow+1","HollowMod:InfectedAttack+1"],"picked":"HollowMod:SoulStrike+1","floor":54.0}],"player_experience":1860929,"relics_obtained":[{"floor":6.0,"key":"HollowMod:MillibellesNoteRelic"},{"floor":8.0,"key":"TungstenRod"},{"floor":9.0,"key":"StrikeDummy"},{"floor":10.0,"key":"MawBank"},{"floor":23.0,"key":"Dream Catcher"},{"floor":25.0,"key":"Mercury Hourglass"},{"floor":26.0,"key":"theForsaken:Kindling"},{"floor":31.0,"key":"Frozen Egg 2"},{"floor":40.0,"key":"Oddly Smooth Stone"},{"floor":45.0,"key":"Vajra"},{"floor":47.0,"key":"Anchor"},{"floor":54.0,"key":"Bag of Marbles"}],"event_choices":[{"cards_removed":["HollowMod:DashSlash"],"damage_healed":0.0,"max_hp_gain":0.0,"max_hp_loss":0.0,"gold_gain":0.0,"event_name":"WeMeetAgain","player_choice":"Gave Card","floor":3.0,"gold_loss":0.0,"damage_taken":0.0,"relics_obtained":["Pen Nib"]},{"damage_healed":0.0,"max_hp_gain":0.0,"max_hp_loss":0.0,"gold_gain":0.0,"event_name":"Upgrade Shrine","player_choice":"Upgraded","floor":12.0,"gold_loss":0.0,"damage_taken":0.0,"cards_upgraded":["HollowMod:DesolateDive"]},{"damage_healed":0.0,"max_hp_gain":0.0,"max_hp_loss":0.0,"gold_gain":0.0,"event_name":"SecretPortal","player_choice":"Ignored","floor":41.0,"gold_loss":0.0,"damage_taken":0.0}],"is_beta":false,"boss_relics":[{"not_picked":["Ectoplasm","Hololive_TopUpMoneyS"],"picked":"Cursed Key"},{"not_picked":["Sozu","Tiny House"],"picked":"Fusion Hammer"}],"items_purged_floors":[30,46],"is_endless":false,"potions_floor_spawned":[1,6,8,18,23,28,33,37,40,42],"killed_by":"The Heart","ascension_level":2}}