{"host":"zlryddw6xv0ljf8b","time":1614424929,"event":{"mods":["AchievementEnabler","BaseMod","Colored Map","Colored Powertips","Highlight Path","Minty Spire (QoL Compilation)","Permanent Neow","Quick Restart","StSLib"],"gold_per_floor":[119,44,54,71,81,81,81,81,81,26,26,60,60,78,78,150,150,160,174,186,186,186],"floor_reached":21,"language":"ENG","playtime":993,"items_purged":["Normality"],"score":353,"play_id":"db947993-3154-41d1-b92d-b41e056e4514","local_time":"20210227052209","is_ascension_mode":true,"campfire_choices":[{"data":"Neutralize","floor":6.0,"key":"SMITH"},{"data":"Dagger Throw","floor":11.0,"key":"PURGE"},{"data":"Deadly Poison","floor":15,"key":"SMITH"}],"circlet_count":0,"master_deck":["AscendersBane","Strike_G","Strike_G","Strike_G","Strike_G","Defend_G","Defend_G","Defend_G","Defend_G","Survivor","Neutralize+1","Predator","Poisoned Stab","Well Laid Plans","Deadly Poison+1","Deadly Poison+1","Escape Plan","Die Die Die","Burst"],"relics":["Ring of the Snake","Peace Pipe","Dead Branch","Fusion Hammer"],"acts_visited":["Exordium","TheCity"],"potions_floor_usage":[16,16,21],"damage_taken":[{"damage":0.0,"enemies":"Cultist","floor":1.0,"turns":3.0},{"damage":1.0,"enemies":"2 Louse","floor":3.0,"turns":2.0},{"damage":1.0,"enemies":"Jaw Worm","floor":4.0,"turns":3.0},{"damage":3.0,"enemies":"Looter","floor":5.0,"turns":3.0},{"damage":29.0,"enemies":"Gremlin Nob","floor":12.0,"turns":4.0},{"damage":6.0,"enemies":"2 Fungi Beasts","floor":14.0,"turns":4.0},{"damage":5,"enemies":"Hexaghost","floor":16,"turns":8},{"damage":5,"enemies":"Chosen","floor":18,"turns":5},{"damage":11,"enemies":"Shell Parasite","floor":19,"turns":6},{"damage":36,"enemies":"Snecko","floor":20,"turns":5},{"damage":8,"enemies":"Cultist and Chosen","floor":21,"turns":3}],"seed_played":"-3363011767414110867","potions_obtained":[{"floor":5.0,"key":"FearPotion"},{"floor":12.0,"key":"EssenceOfSteel"},{"floor":14.0,"key":"Poison Potion"},{"floor":16,"key":"Poison Potion"}],"is_trial":false,"path_per_floor":["M","$","M","M","M","R","?","?","T","$","R","E","?","M","R","B",null,"M","M","M","M"],"character_chosen":"THE_SILENT","items_purchased":["Deadly Poison"],"campfire_rested":0,"item_purchase_floors":[10],"current_hp_per_floor":[59,59,58,57,54,54,59,59,59,59,59,30,30,24,24,19,58,53,42,6,0,0],"gold":186,"neow_bonus":"TRANSFORM_TWO_CARDS","is_daily":false,"chose_seed":false,"campfire_upgraded":2,"win_rate":0.0,"timestamp":1614424929,"path_taken":["M","$","M","M","?","R","?","?","T","$","R","E","?","M","R","BOSS","M","M","M","M"],"items_purchased_type":["Card"],"build_version":"2020-12-22","purchased_purges":1,"victory":false,"max_hp_per_floor":[66,66,66,66,66,66,71,71,71,71,71,71,71,71,71,71,71,71,71,71,71,71],"card_choices":[{"not_picked":["PiercingWail","Outmaneuver"],"picked":"Dagger Throw","floor":1.0},{"not_picked":["Terror","Endless Agony"],"picked":"Poisoned Stab","floor":3.0},{"not_picked":["Acrobatics","Phantasmal Killer"],"picked":"Well Laid Plans","floor":4.0},{"not_picked":["Acrobatics","Outmaneuver"],"picked":"Deadly Poison","floor":5.0},{"not_picked":["Deflect","Flying Knee"],"picked":"Escape Plan","floor":12.0},{"not_picked":["Storm of Steel","Outmaneuver","Flying Knee"],"picked":"SKIP","floor":14.0},{"not_picked":["Doppelganger","Storm of Steel"],"picked":"Burst","floor":16},{"not_picked":["Cloak And Dagger","Dagger Spray","Bane"],"picked":"SKIP","floor":18},{"not_picked":["Backstab","Sucker Punch","Dash+1"],"picked":"SKIP","floor":19},{"not_picked":["Escape Plan","Slice","Deflect"],"picked":"SKIP","floor":20}],"player_experience":115220,"relics_obtained":[{"floor":9.0,"key":"Peace Pipe"},{"floor":12.0,"key":"Dead Branch"}],"event_choices":[{"damage_healed":0.0,"max_hp_gain":5.0,"max_hp_loss":0.0,"gold_gain":0.0,"event_name":"Big Fish","player_choice":"Donut","floor":7.0,"gold_loss":0.0,"damage_taken":0.0},{"damage_healed":0.0,"max_hp_gain":0.0,"max_hp_loss":0.0,"gold_gain":0.0,"event_name":"Living Wall","player_choice":"Grow","floor":8.0,"gold_loss":0.0,"damage_taken":0.0,"cards_upgraded":["Deadly Poison"]},{"damage_healed":0.0,"max_hp_gain":0.0,"max_hp_loss":0.0,"gold_gain":0.0,"cards_transformed":["Unload"],"event_name":"Transmorgrifier","player_choice":"Transformed","floor":13.0,"gold_loss":0.0,"damage_taken":0.0,"cards_obtained":["Die Die Die"]}],"is_beta":false,"boss_relics":[{"not_picked":["Coffee Dripper","Snecko Eye"],"picked":"Fusion Hammer"}],"items_purged_floors":[2],"is_endless":false,"potions_floor_spawned":[5,12,14,16],"killed_by":"Cultist and Chosen","ascension_level":19}}