{"host":"dyzdf8svqmiivg97","time":1614405953,"event":{"mods":["AchievementEnabler","BaseMod","Colored Map","DeckTracker","Minty Spire (QoL Compilation)","Quick Restart","Rare Cards Sparkle","SuperFastMode"],"gold_per_floor":[114,264,16,16,16,16,45,45,69,100,114,133,145,145,145,219,219,237,97,97,129,140,140,166,166,191,225,243,259,134,134,134,208,208,228,241,7,57,357,357,376,376,376,58,78,91,91,313,313,313],"floor_reached":51,"language":"KOR","playtime":6322,"items_purged":["Doubt","Defend_P","Strike_P+1","Defend_P+1"],"score":1442,"play_id":"1045d895-8f9a-414a-a6ca-195e298bfa1a","local_time":"20210227150553","is_ascension_mode":true,"campfire_choices":[{"data":"Eruption","floor":6,"key":"SMITH"},{"floor":8,"key":"REST"},{"data":"SashWhip","floor":15,"key":"SMITH"},{"data":"WheelKick","floor":23,"key":"SMITH"},{"floor":25,"key":"REST"},{"floor":32,"key":"REST"},{"floor":40,"key":"REST"},{"data":"MentalFortress","floor":47,"key":"SMITH"},{"floor":49,"key":"REST"}],"circlet_count":0,"master_deck":["AscendersBane","Strike_P+1","Defend_P+1","Eruption+1","Vigilance+1","EmptyMind+1","FlurryOfBlows+1","SashWhip+1","LessonLearned+1","PathToVictory+1","Blasphemy+1","InnerPeace+1","WheelKick+1","Halt+1","EmptyFist+1","FearNoEvil+1","MentalFortress+1","Evaluate+1","MentalFortress+1","Crescendo"],"relics":["PureWater","NeowsBlessing","Bag of Preparation","Bronze Scales","Whetstone","Incense Burner","Astrolabe","Red Mask","Art of War","Tiny Chest","Toy Ornithopter","Turnip","Old Coin","Eternal Feather","Happy Flower","Shuriken"],"acts_visited":["Exordium","TheCity","TheBeyond"],"potions_floor_usage":[27,27,33,33,38,46,50],"damage_taken":[{"damage":0,"enemies":"Jaw Worm","floor":1,"turns":1},{"damage":0,"enemies":"Gremlin Nob","floor":7,"turns":1},{"damage":0,"enemies":"3 Sentries","floor":10,"turns":1},{"damage":0,"enemies":"Small Slimes","floor":11,"turns":3},{"damage":3,"enemies":"2 Louse","floor":12,"turns":2},{"damage":8,"enemies":"Large Slime","floor":13,"turns":3},{"damage":0,"enemies":"Slime Boss","floor":16,"turns":6},{"damage":5,"enemies":"Shell Parasite","floor":18,"turns":2},{"damage":0,"enemies":"Masked Bandits","floor":21,"turns":3},{"damage":0,"enemies":"Spheric Guardian","floor":22,"turns":2},{"damage":11,"enemies":"Book of Stabbing","floor":24,"turns":4},{"damage":0,"enemies":"Slavers","floor":27,"turns":2},{"damage":0,"enemies":"Snecko","floor":28,"turns":2},{"damage":6,"enemies":"Centurion and Healer","floor":29,"turns":4},{"damage":32,"enemies":"Collector","floor":33,"turns":9},{"damage":0,"enemies":"3 Shapes","floor":35,"turns":5},{"damage":0,"enemies":"Orb Walker","floor":36,"turns":2},{"damage":58,"enemies":"2 Orb Walkers","floor":38,"turns":5},{"damage":4,"enemies":"Spire Growth","floor":41,"turns":3},{"damage":0,"enemies":"Writhing Mass","floor":45,"turns":5},{"damage":0,"enemies":"Jaw Worm Horde","floor":46,"turns":3},{"damage":10,"enemies":"Time Eater","floor":50,"turns":10}],"seed_played":"187076896307751184","potions_obtained":[{"floor":1,"key":"Strength Potion"},{"floor":10,"key":"EntropicBrew"},{"floor":33,"key":"Explosive Potion"},{"floor":35,"key":"SpeedPotion"},{"floor":38,"key":"PowerPotion"}],"is_trial":false,"path_per_floor":["M","?","$","?","$","R","E","R","T","E","M","M","M","$","R","B",null,"M","$","?","?","M","R","E","R","T","E","M","M","$","?","R","B",null,"M","M","$","?","T","R","M","?","T","$","M","M","R","?","R","B",null],"character_chosen":"WATCHER","items_purchased":["Bag of Preparation","WheelKick","MentalFortress","Shuriken","AttackPotion"],"campfire_rested":5,"item_purchase_floors":[3,19,37,44,44],"current_hp_per_floor":[61,61,61,41,41,41,41,61,61,61,61,58,50,50,50,50,64,59,59,40,40,40,40,29,50,50,50,50,44,44,44,65,43,66,66,66,66,13,13,34,30,30,30,30,30,35,47,47,73,63],"gold":313,"neow_bonus":"THREE_ENEMY_KILL","is_daily":false,"chose_seed":false,"campfire_upgraded":4,"win_rate":0.0,"timestamp":1614405953,"path_taken":["M","?","$","?","$","R","E","R","T","E","M","M","M","$","R","BOSS","M","$","?","?","M","R","E","R","T","E","M","M","?","?","R","BOSS","M","M","$","?","?","R","M","?","T","$","?","M","R","?","R","BOSS"],"items_purchased_type":["Relic","Card","Card","Relic","Potion"],"build_version":"2020-12-22","purchased_purges":4,"victory":true,"max_hp_per_floor":[68,68,68,68,68,68,68,68,68,68,68,68,68,68,68,68,68,68,68,73,73,73,73,73,73,73,73,73,73,73,73,73,73,73,73,73,73,73,73,73,73,73,73,73,73,73,73,73,73,73],"card_choices":[{"not_picked":["Prostrate","Pray","SashWhip"],"picked":"SKIP","floor":1},{"not_picked":["Fasting2","Wallop","WaveOfTheHand"],"picked":"SKIP","floor":7},{"not_picked":["DeceiveReality","JustLucky"],"picked":"EmptyMind","floor":10},{"not_picked":["Prostrate","ThirdEye"],"picked":"FlurryOfBlows","floor":11},{"not_picked":["EmptyBody","Consecrate","LikeWater"],"picked":"SKIP","floor":12},{"not_picked":["Wallop","Study"],"picked":"SashWhip","floor":13},{"not_picked":["DevaForm","Devotion"],"picked":"LessonLearned","floor":16},{"not_picked":["EmptyBody","BowlingBash+1","Prostrate"],"picked":"SKIP","floor":18},{"not_picked":["SashWhip","Consecrate","JustLucky"],"picked":"SKIP","floor":22},{"not_picked":["CrushJoints","Ragnarok"],"picked":"Halt+1","floor":24},{"not_picked":["PathToVictory","FollowUp"],"picked":"EmptyFist","floor":27},{"not_picked":["ThirdEye","LikeWater","FlyingSleeves"],"picked":"SKIP","floor":28},{"not_picked":["EmptyFist","DevaForm","Protect"],"picked":"SKIP","floor":29},{"not_picked":["EmptyFist","Nirvana"],"picked":"FearNoEvil","floor":35},{"not_picked":["SashWhip","Consecrate+1","CarveReality"],"picked":"SKIP","floor":36},{"not_picked":["Consecrate","Prostrate"],"picked":"Evaluate+1","floor":38},{"not_picked":["PathToVictory+1","Protect","TalkToTheHand"],"picked":"SKIP","floor":41},{"not_picked":["Fasting2","Wallop"],"picked":"MentalFortress","floor":45},{"not_picked":["MasterReality","EmptyFist"],"picked":"Crescendo","floor":46}],"player_experience":621854,"relics_obtained":[{"floor":7,"key":"Bronze Scales"},{"floor":9,"key":"Whetstone"},{"floor":10,"key":"Incense Burner"},{"floor":21,"key":"Red Mask"},{"floor":24,"key":"Art of War"},{"floor":26,"key":"Tiny Chest"},{"floor":27,"key":"Toy Ornithopter"},{"floor":38,"key":"Turnip"},{"floor":39,"key":"Old Coin"},{"floor":43,"key":"Happy Flower"}],"event_choices":[{"damage_healed":0,"gold_gain":150,"player_choice":"AGREE","damage_taken":0,"max_hp_gain":0,"max_hp_loss":0,"event_name":"Liars Game","floor":2,"gold_loss":0,"cards_obtained":["Doubt"]},{"damage_healed":0,"gold_gain":0,"player_choice":"Entered Light","damage_taken":20,"max_hp_gain":0,"max_hp_loss":0,"event_name":"Shining Light","floor":4,"gold_loss":0,"cards_upgraded":["Defend_P","Defend_P"]},{"damage_healed":0,"gold_gain":0,"player_choice":"Shed Blood","damage_taken":24,"max_hp_gain":5,"max_hp_loss":0,"event_name":"Forgotten Altar","floor":20,"gold_loss":0},{"damage_healed":0,"gold_gain":0,"player_choice":"Fought Bandits","damage_taken":0,"max_hp_gain":0,"max_hp_loss":0,"event_name":"Masked Bandits","floor":21,"gold_loss":0},{"damage_healed":0,"gold_gain":0,"player_choice":"Ignored","damage_taken":0,"max_hp_gain":0,"max_hp_loss":0,"event_name":"The Mausoleum","floor":31,"gold_loss":0},{"damage_healed":0,"gold_gain":0,"player_choice":"Fight","damage_taken":0,"max_hp_gain":0,"max_hp_loss":0,"event_name":"Mysterious Sphere","floor":38,"gold_loss":0},{"damage_healed":0,"gold_gain":0,"player_choice":"Gave Potion","damage_taken":0,"relics_obtained":["Eternal Feather"],"max_hp_gain":0,"max_hp_loss":0,"event_name":"WeMeetAgain","floor":42,"gold_loss":0},{"damage_healed":0,"gold_gain":222,"player_choice":"Wore Mask","damage_taken":0,"max_hp_gain":0,"max_hp_loss":0,"event_name":"Tomb of Lord Red Mask","floor":48,"gold_loss":0}],"is_beta":false,"boss_relics":[{"not_picked":["Calling Bell","Runic Dome"],"picked":"Astrolabe"},{"not_picked":[]}],"items_purged_floors":[3,19,30,37],"is_endless":false,"potions_floor_spawned":[1,10,12,13,21,28,33,35,38],"ascension_level":17}}