{"host":"q1ww9goctev8e12g","time":1614457823,"event":{"mods":["2.2 Compatiblity","Aspiration","BaseMod","BetterRewards","Colored Powertips","Conspire","Downfall","Hubris","Minty Spire (QoL Compilation)","Quick Restart","Reliquary","Replay The Spire","StSLib"],"gold_per_floor":[117,130,130,130,130,130,165,180,180,180,200,227,69,219,219,219,219],"floor_reached":16,"language":"FRA","playtime":360,"items_purged":[],"score":246,"play_id":"1aa6825c-0031-4f6b-b033-b28f5ac4edba","local_time":"20210227213023","is_ascension_mode":true,"campfire_choices":[{"data":"Blade Dance","floor":6,"key":"SMITH"},{"data":"Hidden Blade","floor":15,"key":"SMITH"}],"circlet_count":0,"master_deck":["AscendersBane","Strike_G","Strike_G","Strike_G","Strike_G","Defend_G","Defend_G","Defend_G","Defend_G","Defend_G+1","Survivor","Neutralize","Blade Dance+1","Deadly Poison","Bane","Poisoned Stab+1","Hidden Blade+1","Doubt"],"relics":["Ring of the Snake","NeowsBlessing","hubris:Icosahedron","FaceOfCleric","Meat on the Bone","Iron Hammer","Potion Belt","Pen Nib"],"acts_visited":["Exordium"],"potions_floor_usage":[11,12,16],"damage_taken":[{"damage":0,"enemies":"Cultist","floor":1,"turns":1},{"damage":0,"enemies":"Jaw Worm","floor":2,"turns":1},{"damage":0,"enemies":"3 Sentries","floor":7,"turns":1},{"damage":1,"enemies":"Small Slimes","floor":8,"turns":3},{"damage":17,"enemies":"2 Fungi Beasts","floor":11,"turns":3},{"damage":6,"enemies":"Gremlin Nob","floor":12,"turns":3},{"damage":46,"enemies":"Slime Boss","floor":16,"turns":7}],"seed_played":"6728191783893652032","potions_obtained":[{"floor":2,"key":"Fruit Juice"},{"floor":8,"key":"Swift Potion"},{"floor":12,"key":"Adrenaline Potion"}],"is_trial":false,"path_per_floor":["M","M","?","?","?","R","E","M","T","?","M","E","$","?","R","B"],"character_chosen":"THE_SILENT","items_purchased":["Pen Nib"],"campfire_rested":0,"item_purchase_floors":[13],"current_hp_per_floor":[59,59,59,52,52,52,53,53,53,33,34,41,41,41,41,0,0],"gold":219,"neow_bonus":"THREE_ENEMY_KILL","is_daily":false,"chose_seed":false,"campfire_upgraded":2,"win_rate":0.0,"timestamp":1614457823,"path_taken":["M","M","?","?","?","R","E","?","T","?","M","E","$","?","R","BOSS"],"items_purchased_type":["Relic"],"build_version":"2020-12-22","purchased_purges":0,"victory":false,"max_hp_per_floor":[66,66,66,66,66,66,67,68,68,68,74,75,75,75,75,75,75],"card_choices":[{"not_picked":["Flying Knee","Well Laid Plans"],"picked":"Blade Dance","floor":1},{"not_picked":["Poisoned Stab","Backflip"],"picked":"Deadly Poison","floor":2},{"not_picked":["Footwork","Outmaneuver"],"picked":"Bane","floor":7},{"not_picked":["Dodge and Roll","Deflect"],"picked":"Poisoned Stab","floor":8},{"not_picked":["Well Laid Plans","Skewer","hubris:SlightOfHand"],"picked":"SKIP","floor":11},{"not_picked":["hubris:SlightOfHand","Endless Agony"],"picked":"Hidden Blade","floor":12}],"player_experience":566793,"relics_obtained":[{"floor":7,"key":"Meat on the Bone"},{"floor":9,"key":"Iron Hammer"},{"floor":12,"key":"Potion Belt"}],"event_choices":[{"cards_removed":["Strike_G"],"damage_healed":0,"gold_gain":0,"player_choice":"Card Removal","damage_taken":7,"max_hp_gain":0,"max_hp_loss":0,"event_name":"Golden Wing","floor":4,"gold_loss":0},{"damage_healed":0,"gold_gain":0,"player_choice":"Trade","damage_taken":0,"relics_obtained":["FaceOfCleric"],"max_hp_gain":0,"max_hp_loss":0,"event_name":"FaceTrader","floor":5,"gold_loss":0},{"damage_healed":0,"gold_gain":0,"player_choice":"Entered Light","damage_taken":20,"max_hp_gain":0,"max_hp_loss":0,"event_name":"Shining Light","floor":10,"gold_loss":0,"cards_upgraded":["Poisoned Stab","Defend_G"]},{"damage_healed":0,"gold_gain":150,"player_choice":"AGREE","damage_taken":0,"max_hp_gain":0,"max_hp_loss":0,"event_name":"Liars Game","floor":14,"gold_loss":0,"cards_obtained":["Doubt"]}],"is_beta":false,"boss_relics":[],"items_purged_floors":[],"is_endless":false,"potions_floor_spawned":[2,8,12],"killed_by":"Slime Boss","ascension_level":17}}