{"host":"zkqorkqsr6o67e8b","time":1614435944,"event":{"mods":["Aya Shameimaru","BaseMod","Minty Spire (QoL Compilation)","Quick Restart","StSLib","Waifu the Spire","¡¾ÒÅÎï¿¨ÅÆ¡¿REMEMod"],"gold_per_floor":[109,125,200,200,213,213,247,247,247,257,284,297,330,36,36,138,138,149,160,171,199,109,135,135,167,194,211,223,223,241,273,273,372,372,389,389,407,417,437,437,472,472,472,503,503,101,101,128,128,128,128,128,3,3,3],"floor_reached":54,"language":"ZHS","playtime":3004,"items_purged":["shameimaru:Strike","shameimaru:Defend","shameimaru:Defend"],"score":1232,"play_id":"0ece84e2-dbff-4798-8fcb-efcc15debf8b","local_time":"20210227222544","is_ascension_mode":true,"campfire_choices":[{"data":"shameimaru:PlayfulTaunt","floor":6.0,"key":"SMITH"},{"data":"shameimaru:FranticSearch","floor":8.0,"key":"SMITH"},{"data":"shameimaru:Strike","floor":15.0,"key":"PURGE"},{"data":"shameimaru:Strike","floor":24.0,"key":"PURGE"},{"data":"shameimaru:IllusoryDominance","floor":32.0,"key":"SMITH"},{"data":"shameimaru:LoadedStatement+1","floor":40.0,"key":"PURGE"},{"data":"shameimaru:Galeforce","floor":42.0,"key":"PURGE"},{"data":"shameimaru:Defend","floor":45.0,"key":"PURGE"},{"floor":49.0,"key":"RECALL"},{"data":"shameimaru:Defend","floor":52.0,"key":"PURGE"}],"circlet_count":0,"master_deck":["shameimaru:PlayfulTaunt+1","shameimaru:SnapshotStrike+1","MasterReality+1","shameimaru:Opportunity","shameimaru:Photoshoot","shameimaru:FranticSearch+1","shameimaru:Foresight","shameimaru:SpiralingTempest","shameimaru:CherishingBreeze","shameimaru:WindSickleVeiling","shameimaru:Tailwind","shameimaru:WhispersOfTheWind+1","shameimaru:IllusoryDominance+1","shameimaru:BunbunmaruNewspaper+1","shameimaru:Plagiarism+1","Trip+1","Purity","shameimaru:MountainProcession","shameimaru:IllusoryDominance"],"relics":["shameimaru:blackbirdfeather","REME_ComplimentaryCards","NeowsBlessing","Peace Pipe","Ice Cream","Odd Mushroom","Shuriken","Art of War","Coffee Dripper","Red Mask","Ginger","Unceasing Top","Blood Vial","Bronze Scales","SlaversCollar","REME_IWantAll","Incense Burner","Blue Candle"],"acts_visited":["Exordium","TheCity","TheBeyond","TheEnding"],"potions_floor_usage":[],"damage_taken":[{"damage":0.0,"enemies":"2 Louse","floor":1.0,"turns":2.0},{"damage":0.0,"enemies":"Small Slimes","floor":2.0,"turns":2.0},{"damage":0.0,"enemies":"Jaw Worm","floor":5.0,"turns":1.0},{"damage":9.0,"enemies":"3 Sentries","floor":7.0,"turns":11.0},{"damage":0.0,"enemies":"Blue Slaver","floor":10.0,"turns":2.0},{"damage":6.0,"enemies":"The Mushroom Lair","floor":11.0,"turns":4.0},{"damage":0.0,"enemies":"Large Slime","floor":12.0,"turns":4.0},{"damage":8.0,"enemies":"Lagavulin","floor":13.0,"turns":6.0},{"damage":0.0,"enemies":"Slime Boss","floor":16.0,"turns":3.0},{"damage":11.0,"enemies":"2 Thieves","floor":18.0,"turns":3.0},{"damage":0.0,"enemies":"Spheric Guardian","floor":19.0,"turns":3.0},{"damage":0.0,"enemies":"Chosen and Byrds","floor":20.0,"turns":4.0},{"damage":7.0,"enemies":"Masked Bandits","floor":21.0,"turns":3.0},{"damage":0.0,"enemies":"Slavers","floor":23.0,"turns":4.0},{"damage":0.0,"enemies":"Gremlin Leader","floor":25.0,"turns":2.0},{"damage":0.0,"enemies":"Centurion and Healer","floor":27.0,"turns":3.0},{"damage":0.0,"enemies":"Snake Plant","floor":28.0,"turns":2.0},{"damage":0.0,"enemies":"Sentry and Sphere","floor":30.0,"turns":4.0},{"damage":0.0,"enemies":"Book of Stabbing","floor":31.0,"turns":2.0},{"damage":0.0,"enemies":"Champ","floor":33.0,"turns":6.0},{"damage":0.0,"enemies":"Orb Walker","floor":35.0,"turns":1.0},{"damage":18.0,"enemies":"3 Shapes","floor":37.0,"turns":5.0},{"damage":5.0,"enemies":"Spire Growth","floor":38.0,"turns":4.0},{"damage":0.0,"enemies":"Maw","floor":39.0,"turns":2.0},{"damage":0.0,"enemies":"Nemesis","floor":41.0,"turns":5.0},{"damage":0.0,"enemies":"Giant Head","floor":44.0,"turns":2.0},{"damage":0.0,"enemies":"Reptomancer","floor":48.0,"turns":3.0},{"damage":0.0,"enemies":"Awakened One","floor":50.0,"turns":5.0},{"damage":109,"enemies":"Shield and Spear","floor":54,"turns":3}],"seed_played":"5962565914118616768","potions_obtained":[{"floor":2.0,"key":"Strength Potion"},{"floor":12.0,"key":"Fire Potion"},{"floor":13.0,"key":"PowerPotion"},{"floor":21.0,"key":"SpeedPotion"},{"floor":27.0,"key":"DistilledChaos"},{"floor":30.0,"key":"EssenceOfSteel"},{"floor":35.0,"key":"Explosive Potion"}],"is_trial":false,"path_per_floor":["M","M","?","?","M","R","E","R","T","M","?","M","E","$","R","B",null,"M","M","M","?","?","E","R","E","T","M","M","?","M","E","R","B",null,"M","?","M","M","M","R","E","R","T","E","R","$","?","E","R","B",null,"R","$","E"],"character_chosen":"AYA","items_purchased":["shameimaru:CherishingBreeze","Art of War","Incense Burner"],"campfire_rested":0,"item_purchase_floors":[14,14,46],"current_hp_per_floor":[80,80,69,69,69,69,60,60,60,60,54,54,46,46,46,46,80,69,69,69,62,62,62,62,62,62,64,66,66,68,70,70,72,80,80,70,54,51,53,53,55,55,55,57,57,57,57,59,59,61,76,76,76,0,0],"gold":3,"neow_bonus":"THREE_ENEMY_KILL","is_daily":false,"chose_seed":false,"campfire_upgraded":3,"win_rate":0.0,"timestamp":1614435944,"path_taken":["M","M","?","?","M","R","E","R","T","M","?","?","E","$","R","BOSS","M","M","M","?","?","E","R","E","T","?","M","?","M","E","R","BOSS","M","?","M","M","M","R","E","R","T","E","R","$","?","E","R","BOSS","R","$","E"],"items_purchased_type":["Card","Relic","Relic"],"build_version":"2020-12-22","purchased_purges":3,"victory":false,"max_hp_per_floor":[80,80,80,80,80,80,80,80,80,80,80,80,80,80,80,80,80,80,80,80,80,80,80,80,80,80,80,80,80,80,80,80,80,80,80,80,80,80,80,80,80,80,80,80,80,80,76,76,76,76,76,76,76,76,76],"card_choices":[{"not_picked":["shameimaru:Photocopier","shameimaru:CandidShot"],"picked":"shameimaru:Opportunity","floor":1.0},{"not_picked":["shameimaru:DoctoredImage","shameimaru:SuddenOutburst","shameimaru:GuidingBreeze"],"picked":"SKIP","floor":2.0},{"not_picked":["shameimaru:GuidingBreeze","shameimaru:CandidShot"],"picked":"shameimaru:Photoshoot","floor":5.0},{"not_picked":["shameimaru:BreezeOfReminiscence","shameimaru:AirCutter"],"picked":"shameimaru:FranticSearch","floor":7.0},{"not_picked":["shameimaru:Photocopier","shameimaru:ReporterInstinct"],"picked":"shameimaru:Foresight","floor":10.0},{"not_picked":["shameimaru:Photocopier","shameimaru:AdverseWind"],"picked":"shameimaru:SpiralingTempest","floor":11.0},{"not_picked":["shameimaru:HitAndRun","shameimaru:Preparation","shameimaru:Photocopier"],"picked":"SKIP","floor":12.0},{"not_picked":["shameimaru:GaleBullet","shameimaru:BlindingSpeed","shameimaru:WindsOfChange"],"picked":"SKIP","floor":13.0},{"not_picked":["shameimaru:DeadlineDay","shameimaru:Duality"],"picked":"shameimaru:WindSickleVeiling","floor":16.0},{"not_picked":["shameimaru:Imitation+1","shameimaru:ReporterInstinct"],"picked":"shameimaru:Tailwind","floor":18.0},{"not_picked":["shameimaru:Foresight","shameimaru:Photocopier"],"picked":"shameimaru:Galeforce","floor":19.0},{"not_picked":["shameimaru:Opportunity","shameimaru:Photocopier","shameimaru:Telescoping"],"picked":"SKIP","floor":20.0},{"not_picked":["shameimaru:CherishingBreeze","shameimaru:BreezeOfReminiscence"],"picked":"shameimaru:WhispersOfTheWind+1","floor":21.0},{"not_picked":["shameimaru:HighlightReel","shameimaru:ExclusiveScoop","shameimaru:Opportunity+1"],"picked":"SKIP","floor":23.0},{"not_picked":["shameimaru:ShootTheBullet","shameimaru:RapidFirePhotography"],"picked":"shameimaru:IllusoryDominance","floor":25.0},{"not_picked":["shameimaru:ExclusiveScoop","shameimaru:AirSlash+1","shameimaru:SuddenOutburst"],"picked":"SKIP","floor":27.0},{"not_picked":["shameimaru:Persuade","shameimaru:PeerlessWind","shameimaru:DashingGrace"],"picked":"SKIP","floor":28.0},{"not_picked":["shameimaru:DashingGrace+1","shameimaru:RapidFirePhotography","shameimaru:Photoshoot"],"picked":"SKIP","floor":30.0},{"not_picked":["shameimaru:Photoshoot","shameimaru:Foresight+1"],"picked":"shameimaru:BunbunmaruNewspaper","floor":31.0},{"not_picked":["shameimaru:GatherEvidence","shameimaru:SpiralingTempest"],"picked":"shameimaru:Plagiarism","floor":33.0},{"not_picked":["shameimaru:BlindingSpeed","shameimaru:WhispersOfTheWind+1","shameimaru:Persuade"],"picked":"SKIP","floor":35.0},{"not_picked":["Sadistic Nature","REME_WheelOfFate"],"picked":"Trip","floor":36.0},{"not_picked":["REME_PuzzleBox","REME_EyeOfCthun"],"picked":"Purity","floor":36.0},{"not_picked":["shameimaru:GuidingBreeze","shameimaru:PeerlessWind"],"picked":"shameimaru:LoadedStatement+1","floor":37.0},{"not_picked":["shameimaru:Photocopier+1","shameimaru:AirSlash+1","shameimaru:Opportunity+1"],"picked":"SKIP","floor":38.0},{"not_picked":["shameimaru:BlindingSpeed","shameimaru:Photoshoot"],"picked":"shameimaru:MountainProcession","floor":39.0},{"not_picked":["shameimaru:DashingGrace+1","shameimaru:Photoshoot+1","shameimaru:Persuade+1"],"picked":"SKIP","floor":41.0},{"not_picked":["shameimaru:BreezeOfReminiscence+1","shameimaru:LoadedStatement+1","shameimaru:RapidFirePhotography"],"picked":"SKIP","floor":44.0},{"not_picked":["shameimaru:HurricaneOfFreedom","shameimaru:BlindingSpeed+1"],"picked":"shameimaru:IllusoryDominance","floor":48.0}],"player_experience":298673,"relics_obtained":[{"floor":7.0,"key":"Peace Pipe"},{"floor":9.0,"key":"Ice Cream"},{"floor":11.0,"key":"Odd Mushroom"},{"floor":13.0,"key":"Shuriken"},{"floor":21.0,"key":"Red Mask"},{"floor":23.0,"key":"Ginger"},{"floor":25.0,"key":"Unceasing Top"},{"floor":26.0,"key":"Blood Vial"},{"floor":31.0,"key":"Bronze Scales"},{"floor":44.0,"key":"REME_IWantAll"},{"floor":48.0,"key":"Blue Candle"}],"event_choices":[{"damage_healed":0.0,"max_hp_gain":0.0,"max_hp_loss":0.0,"gold_gain":75.0,"event_name":"World of Goop","player_choice":"Gather Gold","floor":3.0,"gold_loss":0.0,"damage_taken":11.0},{"damage_healed":0.0,"max_hp_gain":0.0,"max_hp_loss":0.0,"gold_gain":0.0,"event_name":"Living Wall","player_choice":"Grow","floor":4.0,"gold_loss":0.0,"damage_taken":0.0,"cards_upgraded":["MasterReality"]},{"damage_healed":0.0,"max_hp_gain":0.0,"max_hp_loss":0.0,"gold_gain":0.0,"event_name":"Mushrooms","player_choice":"Fought Mushrooms","floor":11.0,"gold_loss":0.0,"damage_taken":0.0},{"damage_healed":0.0,"max_hp_gain":0.0,"max_hp_loss":0.0,"gold_gain":0.0,"event_name":"Masked Bandits","player_choice":"Fought Bandits","floor":21.0,"gold_loss":0.0,"damage_taken":0.0},{"cards_removed":["shameimaru:Strike"],"damage_healed":0.0,"max_hp_gain":0.0,"max_hp_loss":0.0,"gold_gain":0.0,"event_name":"Designer","player_choice":"Upgrade and Remove","floor":22.0,"gold_loss":90.0,"damage_taken":0.0,"cards_upgraded":["shameimaru:SnapshotStrike"]},{"damage_healed":0.0,"max_hp_gain":0.0,"max_hp_loss":0.0,"gold_gain":0.0,"event_name":"The Mausoleum","player_choice":"Ignored","floor":29.0,"gold_loss":0.0,"damage_taken":0.0},{"damage_healed":0.0,"max_hp_gain":0.0,"max_hp_loss":0.0,"gold_gain":0.0,"event_name":"SensoryStone","player_choice":"Memory 3","floor":36.0,"gold_loss":0.0,"damage_taken":10.0},{"damage_healed":0.0,"max_hp_gain":0.0,"max_hp_loss":4.0,"gold_gain":0.0,"event_name":"Winding Halls","player_choice":"Max HP","floor":47.0,"gold_loss":0.0,"damage_taken":0.0}],"is_beta":false,"boss_relics":[{"not_picked":["Empty Cage","SacredBark"],"picked":"Coffee Dripper"},{"not_picked":["REME_DemonsWealth","Snecko Eye"],"picked":"SlaversCollar"}],"items_purged_floors":[14,46,53],"is_endless":false,"potions_floor_spawned":[2,12,13,16,21,27,28,30,35,37],"killed_by":"Shield and Spear","ascension_level":2}}