{"host":"ty9fb48q9oru32qm","time":1614451739,"event":{"mods":["2.2 Compatiblity","AchievementEnabler","Act Like it!","Aspiration","Astrologer","BaseMod","Beaked The Cultist","Better Synergies","Block Reminder","Colored Powertips","Conspire","DeckTracker","Downfall","Friendly Minions","GifTheSpireLib","Halation","Hermit","Hubris","Infinite Spire","Jorbs\u0027s Wanderer Trilogy","Marisa????????","Minty Spire (QoL Compilation)","Permanent Neow","Quick Restart","Random Character Button","Reliquary","Replay The Spire","Somnambulant","StSLib","Stuff the Spire","The Cursed","The Jungle","The Marked","The Runesmith","TheVacant","Wandering Minibosses"],"gold_per_floor":[112,126,301,80,80,112,125,140,140,171,171,186,202,237,237,333,333,344,344,344,364,364,390,390,3,55,55,55,85,99,131,131,233,233,250,250,250,267,283,283,316,316,340,357,357,370,370,396,396,396],"floor_reached":51,"language":"ENG","playtime":4368,"items_purged":["Doubt","ReachHeaven","FearNoEvil","Eruption"],"score":938,"play_id":"774c55d9-a1cb-4fca-9af5-002e401e1a3d","local_time":"20210227194859","is_ascension_mode":false,"campfire_choices":[{"floor":11,"key":"REST"},{"floor":15,"key":"REST"},{"data":"LikeWater","floor":24,"key":"SMITH"},{"floor":28,"key":"REST"},{"data":"PathToVictory","floor":32,"key":"SMITH"},{"data":"PathToVictory","floor":40,"key":"SMITH"},{"data":"beaked:Insight","floor":40,"key":"SMITH"},{"data":"Replay:LoomingThreat","floor":42,"key":"SMITH"},{"data":"ThirdEye","floor":42,"key":"SMITH"},{"data":"beaked:AwakenedForm","floor":45,"key":"SMITH"},{"data":"Vigilance","floor":45,"key":"SMITH"},{"data":"Defend_P","floor":47,"key":"SMITH"},{"data":"Defend_P","floor":47,"key":"SMITH"}],"circlet_count":0,"master_deck":["Strike_P+1","Strike_P+1","Defend_P","Defend_P","Defend_P+1","Defend_P+1","Vigilance+1","PathToVictory+1","Replay:Hum","ThirdEye+1","WindmillStrike","PathToVictory+1","PathToVictory+1","Replay:LoomingThreat+1","LikeWater+1","Pain","DeceiveReality+1","beaked:AwakenedForm+1","beaked:Insight+1","Normality","LikeWater"],"relics":["PureWater","Whetstone","halation:LettersToHer","halation:WeightlessCrab","infinitespire:BottledMercury","hubris:DisguiseKit","reliquary:RedCape","Blue Candle","Cursed Key","StoneCalendar","FossilizedHelix","halation:SelfBoilingWater","halation:Toothbrush","Busted Crown","Replay:Arrowhead","wanderingMiniBosses:Inkheart","StuffTheSpire:PointBlank","reliquary:Aerogel","Mummified Hand"],"acts_visited":["Exordium","TheCity","TheBeyond"],"potions_floor_usage":[10,12,23,31],"damage_taken":[{"damage":2,"enemies":"Small Slimes","floor":1,"turns":4},{"damage":6,"enemies":"2 Louse","floor":2,"turns":3},{"damage":37,"enemies":"Lagavulin","floor":6,"turns":6},{"damage":0,"enemies":"Cultist","floor":7,"turns":2},{"damage":0,"enemies":"Large Slime","floor":8,"turns":3},{"damage":15,"enemies":"3 Sentries","floor":10,"turns":5},{"damage":17,"enemies":"Exordium Wildlife","floor":12,"turns":8},{"damage":3,"enemies":"Red Slaver","floor":13,"turns":4},{"damage":6,"enemies":"Lagavulin","floor":14,"turns":5},{"damage":23,"enemies":"The Guardian","floor":16,"turns":7},{"damage":1,"enemies":"3 Byrds","floor":18,"turns":5},{"damage":31,"enemies":"conspire:FuzzyDice","floor":21,"turns":6},{"damage":23,"enemies":"conspire:SneckoGhost","floor":23,"turns":7},{"damage":8,"enemies":"conspire:MimicChest","floor":29,"turns":5},{"damage":0,"enemies":"conspire:HollyBat","floor":30,"turns":7},{"damage":0,"enemies":"Slavers","floor":31,"turns":6},{"damage":0,"enemies":"conspire:MysteriousRune","floor":33,"turns":8},{"damage":37,"enemies":"3 Darklings","floor":35,"turns":7},{"damage":2,"enemies":"3 Shapes","floor":38,"turns":7},{"damage":1,"enemies":"Transient","floor":39,"turns":6},{"damage":0,"enemies":"Reptomancer","floor":41,"turns":3},{"damage":4,"enemies":"Sphere and 2 Shapes","floor":44,"turns":5},{"damage":0,"enemies":"Spire Growth","floor":46,"turns":2},{"damage":0,"enemies":"R_Hoarder","floor":48,"turns":3},{"damage":0,"enemies":"infinitespire:MassOfShapes","floor":50,"turns":4}],"seed_played":"-5040282106268736813","potions_obtained":[{"floor":2,"key":"Ancient Potion"},{"floor":6,"key":"AttackPotion"},{"floor":10,"key":"BottledMiracle"},{"floor":13,"key":"SteroidPotion"},{"floor":18,"key":"Fruit Juice"},{"floor":23,"key":"champ:CounterPotion"},{"floor":31,"key":"bronze:BurnAndBuffPotion"}],"is_trial":false,"path_per_floor":["M","M","?","$","?","E","M","M","T","E","R","M","M","E","R","B",null,"M","?","?","M","AVR","E","R","$","T","?","R","?","M","E","R","B",null,"M","AVR","?","M","M","R","E","R","T","M","R","M","R","E","R","B",null],"character_chosen":"WATCHER","items_purchased":["Whetstone","FossilizedHelix"],"campfire_rested":3,"item_purchase_floors":[4,25],"current_hp_per_floor":[70,64,64,64,64,27,27,27,27,12,33,16,13,7,28,5,72,71,71,71,40,40,22,22,22,22,22,45,37,37,37,37,37,77,40,43,43,41,40,40,40,40,40,36,36,36,36,36,36,36],"gold":396,"neow_bonus":"TRANSFORM_CARD","is_daily":false,"chose_seed":false,"campfire_upgraded":10,"win_rate":0.0,"timestamp":1614451739,"path_taken":["M","M","?","$","?","E","?","M","T","E","R","M","M","E","R","BOSS","M","?","?","?","AVR","E","R","$","T","?","R","?","M","E","R","BOSS","M","AVR","?","M","?","R","E","R","T","M","R","M","R","E","R","BOSS"],"items_purchased_type":["Relic","Relic"],"build_version":"2020-12-22","purchased_purges":4,"victory":true,"max_hp_per_floor":[72,72,72,72,72,72,72,72,72,72,72,72,72,72,72,72,72,72,72,72,72,72,77,77,77,77,77,77,77,77,77,77,77,77,77,80,80,80,80,80,80,80,80,80,80,80,80,80,76,76],"card_choices":[{"not_picked":["CarveReality","ClearTheMind"],"picked":"PathToVictory","floor":1},{"not_picked":["FearNoEvil","Tantrum"],"picked":"Replay:Hum","floor":2},{"not_picked":["Weave","Halt"],"picked":"ThirdEye","floor":6},{"not_picked":["Replay:AtTheReady","BowlingBash"],"picked":"WindmillStrike","floor":7},{"not_picked":["FlurryOfBlows","FollowUp"],"picked":"PathToVictory","floor":8},{"not_picked":["Brilliance","Pray","JustLucky"],"picked":"SKIP","floor":10},{"not_picked":["Halt","Replay:AtTheReady","Replay:ManipulateFuture"],"picked":"SKIP","floor":12},{"not_picked":["Evaluate","SashWhip"],"picked":"PathToVictory","floor":13},{"not_picked":["Replay:AtTheReady","EmptyBody","PathToVictory"],"picked":"SKIP","floor":14},{"not_picked":["MasterReality","Brilliance","beaked:ScreechingChant"],"picked":"Replay:LoomingThreat","floor":16},{"not_picked":["Evaluate","FollowUp","Study","beaked:Foresight"],"picked":"SKIP","floor":18},{"not_picked":["PathToVictory","WheelKick+1","SashWhip","beaked:TuckingFeathers"],"picked":"SKIP","floor":21},{"not_picked":["JustLucky","ConjureBlade","beaked:WildInstinct"],"picked":"LikeWater","floor":23},{"not_picked":["Replay:AtTheReady+1","Replay:BluntJabs","beaked:Poke"],"picked":"DeceiveReality+1","floor":29},{"not_picked":["FlyingSleeves","ReachHeaven","Protect","beaked:Flinch"],"picked":"SKIP","floor":30},{"not_picked":["Replay:Battleflow","EmptyFist+1","Adaptation","beaked:FakeOut"],"picked":"SKIP","floor":31},{"not_picked":["Replay:AllIn","Brilliance","Scrawl"],"picked":"beaked:AwakenedForm","floor":33},{"not_picked":["JustLucky+1","beaked:StickSmack"],"picked":"SKIP","floor":35},{"not_picked":["Evaluate+1"],"picked":"beaked:Insight","floor":38},{"not_picked":["Swivel+1","beaked:Tradeoff"],"picked":"SKIP","floor":39},{"not_picked":["CutThroughFate","beaked:DesperateSwing"],"picked":"SKIP","floor":41},{"not_picked":["JustLucky+1","ReplayTheSpireMod:Prepare the Ceremony"],"picked":"SKIP","floor":44},{"not_picked":["CrushJoints","beaked:Redirect"],"picked":"SKIP","floor":46},{"not_picked":["beaked:Tweet"],"picked":"LikeWater","floor":48}],"player_experience":364412,"relics_obtained":[{"floor":6,"key":"halation:LettersToHer"},{"floor":9,"key":"halation:LettersToHer"},{"floor":9,"key":"halation:WeightlessCrab"},{"floor":10,"key":"infinitespire:BottledMercury"},{"floor":14,"key":"hubris:DisguiseKit"},{"floor":23,"key":"StoneCalendar"},{"floor":26,"key":"halation:LettersToHer"},{"floor":29,"key":"halation:SelfBoilingWater"},{"floor":31,"key":"halation:Toothbrush"},{"floor":39,"key":"wanderingMiniBosses:Inkheart"},{"floor":41,"key":"StuffTheSpire:PointBlank"},{"floor":43,"key":"halation:LettersToHer"},{"floor":43,"key":"reliquary:Aerogel"},{"floor":48,"key":"Mummified Hand"}],"event_choices":[{"damage_healed":0,"gold_gain":175,"player_choice":"AGREE","damage_taken":0,"max_hp_gain":0,"max_hp_loss":0,"event_name":"Liars Game","floor":3,"gold_loss":0,"cards_obtained":["Doubt"]},{"damage_healed":0,"gold_gain":0,"cards_transformed":["Strike_P"],"player_choice":"Transformed","damage_taken":0,"max_hp_gain":0,"max_hp_loss":0,"event_name":"Transmorgrifier","floor":5,"gold_loss":0,"cards_obtained":["FearNoEvil"]},{"damage_healed":0,"gold_gain":0,"player_choice":"Upgraded","damage_taken":0,"max_hp_gain":0,"max_hp_loss":0,"event_name":"Upgrade Shrine","floor":20,"gold_loss":0,"cards_upgraded":["PathToVictory"]},{"damage_healed":0,"gold_gain":0,"player_choice":"Ignored","damage_taken":0,"max_hp_gain":0,"max_hp_loss":0,"event_name":"SecretPortal","floor":37,"gold_loss":0},{"damage_healed":0,"gold_gain":0,"player_choice":"Max HP","damage_taken":0,"max_hp_gain":0,"max_hp_loss":4,"event_name":"Winding Halls","floor":49,"gold_loss":0}],"is_beta":false,"boss_relics":[{"not_picked":["StuffTheSpire:ModemDavis","Ring of Chaos"],"picked":"reliquary:RedCape"},{"not_picked":["Pandora\u0027s Box","Philosopher\u0027s Stone"],"picked":"Busted Crown"}],"items_purged_floors":[4,22,25,36],"is_endless":false,"potions_floor_spawned":[2,6,10,13,18,21,23,31,35,41,48],"ascension_level":0}}