{"host":"7k2a2omxz3voj5ax","time":1614441569,"event":{"mods":["BaseMod","Marisa£¨ìFÓê¡¡Ä§ÀíÉ³£©","Minty Spire (QoL Compilation)","Quick Restart","Spicy Shops","StSLib","Starting Relic: Pandora\u0027s Box","Yakumo Yukari mod","¡¾ÒÅÎï¿¨ÅÆ¡¿REMEMod","óô»ðÖ¸ÄÏ"],"gold_per_floor":[118,138,155,174,174,185,185,22,22,32,32,32,45,74,74,74,104,119,138,138,138,240,240,256,256,269,282,302,320,320,320],"floor_reached":30,"language":"ZHS","playtime":958,"items_purged":["UpSweep"],"score":435,"play_id":"88efe3b0-0c2e-4f79-b108-e4047e3c7e32","local_time":"20210228005929","is_ascension_mode":true,"campfire_choices":[{"data":"MilkyWay","floor":7.0,"key":"SMITH"},{"data":"DC","floor":15.0,"key":"PURGE"},{"data":"NonDirectionalLaser","floor":20.0,"key":"PURGE"},{"data":"Orbital","floor":21.0,"key":"PURGE"}],"circlet_count":0,"master_deck":["WitchLeyline","AsteroidBelt","SporeBomb","Singularity","ShootingEcho","BlazingStar","Expertise","MilkyWay+1","PowerUp","Singularity","SatelliteIllusion","UltimateShortwave","EarthLightRay","Madness","GasGiant+1"],"relics":["MiniHakkero","REME_ComplimentaryCards","Peace Pipe","Blue Candle","Ice Cream","Darkstone Periapt","Bronze Scales","REME_ChargedStone"],"acts_visited":["Exordium","TheCity"],"potions_floor_usage":[],"damage_taken":[{"damage":0.0,"enemies":"2 Louse","floor":1.0,"turns":1.0},{"damage":0.0,"enemies":"Cultist","floor":2.0,"turns":2.0},{"damage":4.0,"enemies":"Jaw Worm","floor":3.0,"turns":3.0},{"damage":8.0,"enemies":"Red Slaver","floor":4.0,"turns":2.0},{"damage":0.0,"enemies":"Exordium Thugs","floor":6.0,"turns":2.0},{"damage":0.0,"enemies":"Exordium Wildlife","floor":10.0,"turns":3.0},{"damage":7.0,"enemies":"Large Slime","floor":13.0,"turns":4.0},{"damage":16.0,"enemies":"Gremlin Nob","floor":14.0,"turns":3.0},{"damage":0.0,"enemies":"Lagavulin","floor":17.0,"turns":3.0},{"damage":15.0,"enemies":"3 Louse","floor":18.0,"turns":3.0},{"damage":16.0,"enemies":"Exordium Wildlife","floor":19.0,"turns":3.0},{"damage":0.0,"enemies":"Hexaghost","floor":22.0,"turns":3.0},{"damage":0.0,"enemies":"Spheric Guardian","floor":24.0,"turns":2.0},{"damage":4,"enemies":"Chosen","floor":26,"turns":2},{"damage":16,"enemies":"Snake Plant","floor":27,"turns":3},{"damage":19,"enemies":"Centurion and Healer","floor":28,"turns":4},{"damage":18,"enemies":"Snecko","floor":29,"turns":4},{"damage":17,"enemies":"Slavers","floor":30,"turns":2}],"seed_played":"4182675157463420418","potions_obtained":[{"floor":3.0,"key":"CultistPotion"},{"floor":9.0,"key":"CultistPotion"},{"floor":9.0,"key":"Fruit Juice"},{"floor":9.0,"key":"PanachePotion"},{"floor":14.0,"key":"AttackPotion"},{"floor":18.0,"key":"SteroidPotion"},{"floor":19.0,"key":"DistilledChaos"},{"floor":28,"key":"FearPotion"}],"is_trial":false,"path_per_floor":["M","M","M","M","?","M","R","$","?","M","T","T","M","E","R","?","E","M","M","R","R","B",null,"M","?","M","M","M","M","E"],"character_chosen":"MARISA","items_purchased":["Peace Pipe"],"campfire_rested":0,"item_purchase_floors":[8],"current_hp_per_floor":[68,68,64,56,56,56,56,56,61,61,61,61,54,38,38,38,38,23,7,7,7,7,57,57,57,53,41,26,12,0,0],"gold":320,"neow_bonus":"THREE_RARE_CARDS","is_daily":false,"chose_seed":false,"campfire_upgraded":1,"win_rate":0.0,"timestamp":1614441569,"path_taken":["M","M","M","M","?","M","R","$","?","M","T","T","?","E","R","?","E","?","M","R","R","BOSS","M","?","M","?","M","M","E"],"items_purchased_type":["Relic"],"build_version":"2020-12-22","purchased_purges":1,"victory":false,"max_hp_per_floor":[68,68,68,68,68,68,68,68,73,73,73,73,73,73,73,73,73,73,73,73,73,73,73,73,73,73,73,73,73,73,73],"card_choices":[{"not_picked":["StarDustReverie","EscapeVelocity"],"picked":"BlazingStar","floor":0.0},{"not_picked":["PulseMagic","WitchLeyline"],"picked":"MilkyWay","floor":1.0},{"not_picked":["WitchLeyline","WitchOfGreed","GravityBeat"],"picked":"SKIP","floor":2.0},{"not_picked":["AsteroidBelt","DarkMatter"],"picked":"PowerUp","floor":3.0},{"not_picked":["MysteriousBeam","RefractionSpark"],"picked":"Singularity","floor":4.0},{"not_picked":["OneTimeOff","BigCrunch","ChargingUp"],"picked":"SKIP","floor":6.0},{"not_picked":["GalacticHalo","SporeBomb","Acceleration"],"picked":"SKIP","floor":10.0},{"not_picked":["DC","UnstableBomb","WitchOfGreed"],"picked":"SKIP","floor":13.0},{"not_picked":["BigCrunch","GrandCross","AsteroidBelt"],"picked":"SKIP","floor":14.0},{"not_picked":["EventHorizon","ChargingUp"],"picked":"SatelliteIllusion","floor":17.0},{"not_picked":["WitchLeyline","GravityBeat","ShootingEcho"],"picked":"SKIP","floor":18.0},{"not_picked":["PowerUp","NonDirectionalLaser"],"picked":"UltimateShortwave","floor":19.0},{"not_picked":["PowerUp","GravityBeat"],"picked":"EarthLightRay","floor":24.0},{"not_picked":["StarBarrage+1","WitchOfGreed"],"picked":"GasGiant+1","floor":26},{"not_picked":["EventHorizon","SuperPerseids","DeepEcoloBomb"],"picked":"SKIP","floor":27},{"not_picked":["GasGiant","DarkSpark","WitchLeyline"],"picked":"SKIP","floor":28},{"not_picked":["LuminesStrike","WitchLeyline","EnergyFlow"],"picked":"SKIP","floor":29}],"player_experience":279774,"relics_obtained":[{"floor":11.0,"key":"Blue Candle"},{"floor":12.0,"key":"Ice Cream"},{"floor":14.0,"key":"Darkstone Periapt"},{"floor":17.0,"key":"Bronze Scales"}],"event_choices":[{"cards_removed":["MasterSpark"],"damage_healed":0.0,"max_hp_gain":0.0,"max_hp_loss":0.0,"gold_gain":0.0,"event_name":"Living Wall","player_choice":"Forget","floor":5.0,"gold_loss":0.0,"damage_taken":0.0},{"damage_healed":0.0,"max_hp_gain":0.0,"max_hp_loss":0.0,"gold_gain":0.0,"event_name":"Lab","player_choice":"Got Potions","floor":9.0,"gold_loss":0.0,"damage_taken":0.0},{"damage_healed":0.0,"max_hp_gain":0.0,"max_hp_loss":0.0,"gold_gain":0.0,"event_name":"Match and Keep!","player_choice":"0 cards matched","floor":16.0,"gold_loss":0.0,"damage_taken":0.0,"cards_obtained":[]},{"damage_healed":0,"gold_gain":0,"player_choice":"1 cards matched","damage_taken":0,"max_hp_gain":0,"max_hp_loss":0,"event_name":"Match and Keep!","floor":25,"gold_loss":0,"cards_obtained":["Madness"]}],"is_beta":false,"boss_relics":[{"not_picked":["REME_DemonsWealth","Astrolabe"],"picked":"REME_ChargedStone"}],"items_purged_floors":[8],"is_endless":false,"potions_floor_spawned":[3,10,14,17,18,19,28],"killed_by":"Slavers","ascension_level":5}}