{"host":"o7qw3jzl24gy84x7","time":1614407825,"event":{"mods":["Act Like it!","Arknights","BaseMod","CapriCore","Card Forge","DeckTracker","Friendly Minions","Gensokyo","GifTheSpireLib","Koishi","KomeijiMod","Marisa£¨Ùöéë¡¡Øª×âÞÞ£©","Minty Spire (QoL Compilation)","Prisma Mod","Reimu£¨ÚÏ???£©","Remove Card Discount Mod","Shop Mod","StSLib","The Immortal","The Jungle"],"gold_per_floor":[13,13,33,45,79441,79468,79519,79519,79542,79542,79542,79542,79542],"floor_reached":11,"language":"KOR","playtime":633,"items_purged":[],"score":74,"play_id":"93892b7d-8fa7-441d-a3f1-23b4f9835df5","local_time":"20210227153705","is_ascension_mode":true,"campfire_choices":[{"data":"MokouMod:ScorchedEarth","floor":8,"key":"SMITH"},{"data":"MokouMod:FlareStarter","floor":10,"key":"SMITH"}],"circlet_count":0,"master_deck":["MokouMod:Strike","MokouMod:Strike","MokouMod:Strike","MokouMod:Strike","MokouMod:Defend","MokouMod:Defend","MokouMod:Defend","MokouMod:HeatSpark","MokouMod:Stoke","MokouMod:ScorchedEarth+1","MokouMod:SearingShot","Gensokyo:ScrapIron","Gensokyo:BlemishedSteel","Gensokyo:Shovel","MokouMod:FlareStarter+1"],"relics":["MokouMod:PhoenixFeather","Hammer of Thor","Seething Fire","Anvil of the Gods","Gensokyo:CelestialsFlawlessClothing","NitorisBag","TheAbacus","Cauldron","Vajra","Mastiff:ReiMu"],"acts_visited":["Gensokyo:Gensokyo"],"potions_floor_usage":[6],"damage_taken":[{"damage":9,"enemies":"Gensokyo:2_Kodama","floor":1,"turns":5},{"damage":6,"enemies":"Gensokyo:Python","floor":3,"turns":3},{"damage":11,"enemies":"Gensokyo:3_Fairies","floor":4,"turns":5},{"damage":22,"enemies":"Gensokyo:Mamizou","floor":6,"turns":10},{"damage":0,"enemies":"Gensokyo:Cirno","floor":11,"turns":1}],"seed_played":"2721832305949247302","potions_obtained":[{"floor":1,"key":"SteroidPotion"},{"floor":5,"key":"UndeadPotion"},{"floor":5,"key":"Fire Potion"}],"is_trial":false,"path_per_floor":["M","?","M","M","COS","E","T","R","T","R","E"],"character_chosen":"MKU","items_purchased":[],"campfire_rested":0,"item_purchase_floors":[],"current_hp_per_floor":[66,48,42,31,31,9,9,9,9,9,9,9,9],"gold":79542,"neow_bonus":"REMOVE_TWO","is_daily":false,"chose_seed":false,"campfire_upgraded":2,"win_rate":0.0,"timestamp":1614407825,"path_taken":["M","?","M","M","COS","E","?","R","T","R","E"],"items_purchased_type":[],"build_version":"2020-12-22","purchased_purges":0,"victory":false,"max_hp_per_floor":[75,75,75,75,75,75,75,75,75,75,75,75,75],"card_choices":[{"not_picked":["MokouMod:FusionFlare","MokouMod:InfernalWave"],"picked":"MokouMod:Stoke","floor":1},{"not_picked":["MokouMod:Singe","MokouMod:TemporalFireSeal"],"picked":"MokouMod:ScorchedEarth","floor":3},{"not_picked":["MokouMod:FlareStarter","MokouMod:AdaptivePyromancy"],"picked":"MokouMod:SearingShot","floor":4},{"not_picked":["MokouMod:IndiscriminateIgnition","MokouMod:DanceofFlames"],"picked":"MokouMod:FlareStarter","floor":6}],"player_experience":599829,"relics_obtained":[{"floor":6,"key":"Vajra"},{"floor":9,"key":"Mastiff:ReiMu"}],"event_choices":[],"is_beta":false,"boss_relics":[],"items_purged_floors":[],"is_endless":false,"potions_floor_spawned":[1],"killed_by":"Gensokyo:Cirno","ascension_level":1}}