{"host":"xa0kvhbb1ful01xu","time":1614424314,"event":{"mods":["BaseMod","BetterRewards","Custom Start","Downfall","Hubris","Marisa????????","Minty Spire (QoL Compilation)","READ ME - Snecko Mod","StSLib"],"gold_per_floor":[99,117,132,132,102,132,132,32,48,68,87,87,119,215,227,330,330,330,350,363,463,295,308,333,333,333,349,378,398,409,437,456,551,551,451,464,281,300,310,342,342,353,353,364,136,186,186,215,227,227,227,227],"floor_reached":50,"language":"POL","playtime":6198,"items_purged":["hexamod:Defend"],"score":683,"play_id":"4d4a82db-0c9e-44ed-a1d0-33eab07b06c1","local_time":"20210227121154","is_ascension_mode":false,"campfire_choices":[{"floor":1.0,"key":"RECALL"},{"data":"hexamod:Again","floor":8.0,"key":"SMITH"},{"data":"hexamod:HeatMetal","floor":12.0,"key":"SMITH"},{"data":"hexamod:HexaLevel","floor":18.0,"key":"SMITH"},{"data":"hexamod:WildfireWeapon","floor":35,"key":"SMITH"},{"data":"hexamod:HeatCrush","floor":47,"key":"SMITH"}],"circlet_count":0,"master_deck":["hexamod:Strike","hexamod:Strike","hexamod:Strike","hexamod:Strike","hexamod:Defend","hexamod:Defend","hexamod:Defend","hexamod:Sear","hexamod:Float","hexamod:Firestarter+1","hexamod:HeatCrush+1","hexamod:Again+1","hexamod:ChargedBarrage","hexamod:FirstSeal","hexamod:GhostOfSpirePast","hexamod:Firestarter","hexamod:HeatMetal+1","hexamod:HauntingEcho","hexamod:BacktrackSmack","hexamod:InspiringFlames","hexamod:HexaLevel+1","hexamod:FastForward+1","hexamod:Rewind","hexamod:NightmareGuise+1","hexamod:BacktrackSmack+1","hexamod:WildfireWeapon+1","hexamod:TimeWarp","hexamod:RadiantFlame+1","hexamod:PhantomFireball","hexamod:HeatMetal+1","hexamod:VolcanoVisage+1","hexamod:GhostflameBarrier","hexamod:ExtraCrispy+1","hexamod:SpectralAdrenaline","hexamod:RadiantFlame+1","hexamod:Rewind"],"relics":["hexamod:UnbrokenSoul","TungstenRod","Ancient Tea Set","Bag of Marbles","Bottled Flame","downfall:HeartBlessingRed","PreservedInsect","Mummified Hand","Oddly Smooth Stone","Pen Nib","Vajra","Frozen Egg 2","hubris:TinFlute","Sundial","Busted Crown","downfall:HeartBlessingGreen","Bottled Lightning","Incense Burner","Kunai","Pear","hubris:Towel","Nunchaku","CaptainsWheel","Pantograph"],"acts_visited":["Exordium","TheCity","TheBeyond"],"potions_floor_usage":[31,40],"damage_taken":[{"damage":10.0,"enemies":"Jaw Worm","floor":2.0,"turns":4.0},{"damage":0.0,"enemies":"Cultist","floor":3.0,"turns":3.0},{"damage":0.0,"enemies":"downfall:FleeingMerchant","floor":5.0,"turns":4.0},{"damage":41.0,"enemies":"Gremlin Nob","floor":6.0,"turns":5.0},{"damage":0.0,"enemies":"Small Slimes","floor":9.0,"turns":2.0},{"damage":11.0,"enemies":"Blue Slaver","floor":10.0,"turns":3.0},{"damage":12.0,"enemies":"2 Fungi Beasts","floor":11.0,"turns":3.0},{"damage":12.0,"enemies":"Lagavulin","floor":13.0,"turns":3.0},{"damage":6.0,"enemies":"downfall:FleeingMerchant","floor":14.0,"turns":4.0},{"damage":9.0,"enemies":"downfall:LooterAlt","floor":15.0,"turns":2.0},{"damage":33.0,"enemies":"WA_ARCHETYPE_RETAIN","floor":16.0,"turns":6.0},{"damage":19.0,"enemies":"3 Byrds","floor":19.0,"turns":5.0},{"damage":3.0,"enemies":"Chosen","floor":20.0,"turns":3.0},{"damage":10.0,"enemies":"downfall:FleeingMerchant","floor":22.0,"turns":4.0},{"damage":7.0,"enemies":"Snecko","floor":23.0,"turns":5.0},{"damage":7,"enemies":"Centurion and Healer","floor":27,"turns":6},{"damage":8,"enemies":"Gremlin Leader","floor":28,"turns":4},{"damage":16,"enemies":"Sentry and Sphere","floor":29,"turns":4},{"damage":3,"enemies":"Cultist and Chosen","floor":30,"turns":3},{"damage":23,"enemies":"Slavers","floor":31,"turns":4},{"damage":11,"enemies":"Snake Plant","floor":32,"turns":3},{"damage":72,"enemies":"DF_ARCHETYPE_CLAW","floor":33,"turns":8},{"damage":14,"enemies":"Orb Walker","floor":36,"turns":2},{"damage":14,"enemies":"downfall:FleeingMerchant","floor":37,"turns":4},{"damage":0,"enemies":"3 Shapes","floor":38,"turns":3},{"damage":76,"enemies":"Transient","floor":39,"turns":5},{"damage":19,"enemies":"Nemesis","floor":40,"turns":3},{"damage":17,"enemies":"Spire Growth","floor":42,"turns":4},{"damage":15,"enemies":"Maw","floor":44,"turns":6},{"damage":8,"enemies":"Maw","floor":46,"turns":5},{"damage":12,"enemies":"Giant Head","floor":48,"turns":5},{"damage":27,"enemies":"Jaw Worm Horde","floor":49,"turns":4},{"damage":156,"enemies":"IC_BLOCK_ARCHETYPE","floor":50,"turns":4}],"seed_played":"-5166951297644188393","potions_obtained":[{"floor":2.0,"key":"Fire Potion"},{"floor":6.0,"key":"SpeedPotion"},{"floor":10.0,"key":"hexamod:InfernoChargePotion"},{"floor":13.0,"key":"CultistPotion"},{"floor":23.0,"key":"SteroidPotion"},{"floor":27,"key":"LiquidMemories"},{"floor":29,"key":"AttackPotion"},{"floor":33,"key":"BlessingOfTheForge"},{"floor":38,"key":"EssenceOfSteel"},{"floor":49,"key":"LiquidBronze"}],"is_trial":false,"path_per_floor":["R","M","M","?","$","E","T","R","M","M","M","R","E","$","M","B",null,"R","M","M","?","$","M","T","?","?","M","E","M","M","E","M","B",null,"R","M","$","M","M","E","T","M","?","M","$","?","R","E","M","B"],"character_chosen":"THE_SPIRIT","items_purchased":["hexamod:ChargedBarrage","TungstenRod","Ancient Tea Set","Mummified Hand","Oddly Smooth Stone","Pen Nib","Bottled Lightning","Incense Burner","Nunchaku"],"campfire_rested":0,"item_purchase_floors":[5,5,5,14,14,22,37,37,45],"current_hp_per_floor":[77,67,67,67,67,26,26,26,33,29,57,57,45,46,37,51,77,77,58,62,62,52,45,45,45,45,38,30,21,58,35,24,47,77,77,63,49,49,13,58,68,58,58,50,50,49,49,44,17,0,0,0],"gold":227,"neow_bonus":"TEN_PERCENT_HP_BONUS","is_daily":false,"chose_seed":false,"campfire_upgraded":5,"win_rate":0.0,"timestamp":1614424314,"path_taken":["R","M","M","?","$","E","T","R","M","M","M","R","E","$","M","BOSS","R","M","?","?","$","M","T","?","?","M","E","M","M","E","M","BOSS","R","M","$","M","M","E","T","M","?","M","$","?","R","E","M","BOSS"],"items_purchased_type":["Card","Relic","Relic","Relic","Relic","Relic","Relic","Relic","Relic"],"build_version":"2020-12-22","purchased_purges":1,"victory":false,"max_hp_per_floor":[77,77,77,77,77,77,77,77,77,77,77,77,77,77,77,77,77,77,77,77,77,77,77,77,77,77,77,77,77,77,77,77,77,77,77,77,77,77,77,77,87,87,87,87,87,87,87,87,87,87,87,87],"card_choices":[{"not_picked":["hexamod:NightmareStrike","hexamod:SpectersWail"],"picked":"hexamod:Firestarter","floor":2.0},{"not_picked":["hexamod:Haunt","hexamod:NightmareStrike"],"picked":"hexamod:HeatCrush","floor":3.0},{"not_picked":["hexamod:NightmareStrike","hexamod:GhostLash"],"picked":"hexamod:Again","floor":5.0},{"not_picked":["hexamod:AdvancingGuard","hexamod:BacktrackSmack"],"picked":"hexamod:FirstSeal","floor":6.0},{"not_picked":["hexamod:GhostOfSpireFuture","hexamod:HeatMetal"],"picked":"hexamod:GhostOfSpirePast","floor":9.0},{"not_picked":["hexamod:GhostOfSpirePast","hexamod:SpectersWail"],"picked":"hexamod:Firestarter","floor":10.0},{"not_picked":["hexamod:FourthSeal","hexamod:SecondSeal"],"picked":"hexamod:HeatMetal","floor":11.0},{"not_picked":["hexamod:ThermalTransfer","hexamod:EtherealExpedition"],"picked":"hexamod:HauntingEcho","floor":13.0},{"not_picked":["hexamod:FifthSeal","hexamod:InspiringFlames"],"picked":"hexamod:BacktrackSmack","floor":14.0},{"not_picked":["hexamod:HeatMetal","hexamod:SpectersWail"],"picked":"hexamod:InspiringFlames","floor":15.0},{"not_picked":["hexamod:SixthSeal","hexamod:ForkedFlame"],"picked":"hexamod:HexaLevel","floor":16.0},{"not_picked":["hexamod:HeatShield","hexamod:GhostLash"],"picked":"hexamod:FastForward+1","floor":19.0},{"not_picked":["hexamod:AdvancingGuard+1","hexamod:PhantomFireball+1"],"picked":"hexamod:Rewind","floor":20.0},{"not_picked":["hexamod:ThirdSeal","hexamod:HauntingEcho"],"picked":"hexamod:NightmareGuise+1","floor":22.0},{"not_picked":["hexamod:FourthSeal","hexamod:FastForward"],"picked":"hexamod:BacktrackSmack+1","floor":23.0},{"not_picked":["hexamod:HauntingEcho","hexamod:NightmareGuise"],"picked":"hexamod:TimeWarp","floor":27},{"not_picked":["hexamod:HeatShield+1","hexamod:NightmareStrike+1","hexamod:Again+1"],"picked":"SKIP","floor":28},{"not_picked":["hexamod:InspiringFlames+1","hexamod:AdvancingGuard"],"picked":"hexamod:RadiantFlame+1","floor":29},{"not_picked":["hexamod:NecessarySacrifice","hexamod:ShieldOfDarkness"],"picked":"hexamod:PhantomFireball","floor":30},{"not_picked":["hexamod:ShieldOfDarkness","hexamod:NecessarySacrifice","hexamod:SkipABeat"],"picked":"SKIP","floor":31},{"not_picked":["hexamod:SwordOfDarkness","hexamod:GhostLash"],"picked":"hexamod:HeatMetal+1","floor":32},{"not_picked":["hexamod:TimeWarp","hexamod:UnleashSpirits"],"picked":"hexamod:VolcanoVisage+1","floor":33},{"not_picked":[],"picked":"hexamod:GhostflameBarrier","floor":36},{"not_picked":[],"picked":"hexamod:ExtraCrispy+1","floor":37},{"not_picked":["hexamod:NightmareStrike"],"picked":"SKIP","floor":38},{"not_picked":[],"picked":"hexamod:SpectralAdrenaline","floor":39},{"not_picked":[],"picked":"hexamod:RadiantFlame+1","floor":40},{"not_picked":["hexamod:FastForward+1"],"picked":"SKIP","floor":42},{"not_picked":[],"picked":"hexamod:Rewind","floor":44},{"not_picked":["hexamod:FastForward+1"],"picked":"SKIP","floor":48},{"not_picked":["hexamod:FastForward"],"picked":"SKIP","floor":49}],"player_experience":162573,"relics_obtained":[{"floor":6.0,"key":"Bag of Marbles"},{"floor":7.0,"key":"Bottled Flame"},{"floor":13.0,"key":"PreservedInsect"},{"floor":24.0,"key":"Vajra"},{"floor":28,"key":"hubris:TinFlute"},{"floor":31,"key":"Sundial"},{"floor":40,"key":"Kunai"},{"floor":41,"key":"Pear"},{"floor":46,"key":"CaptainsWheel"},{"floor":48,"key":"Pantograph"}],"event_choices":[{"damage_healed":0.0,"max_hp_gain":0.0,"max_hp_loss":0.0,"gold_gain":0.0,"event_name":"The Library","player_choice":"Read","floor":25.0,"gold_loss":0.0,"damage_taken":0.0,"cards_obtained":["hexamod:WildfireWeapon"]}],"is_beta":false,"boss_relics":[{"not_picked":["Tiny House","hubris:GrandSneckoEye"],"picked":"hexamod:UnbrokenSoul"},{"not_picked":["Astrolabe","hubris:VirtuousBlindfold"],"picked":"Busted Crown"}],"items_purged_floors":[45],"is_endless":false,"potions_floor_spawned":[2,6,10,13,23,27,29,30,33,38,39,49],"killed_by":"IC_BLOCK_ARCHETYPE","ascension_level":0}}