{"host":"7sni158j623xchr2","time":1614402372,"event":{"mods":["BaseMod","Colored Map","Highlight Path","Minty Spire (QoL Compilation)","Permanent Neow","Potion Indicator Mod","Rare Cards Sparkle","Relic Sorter","Relic Stats","StSLib","everything is the same but u backflip on backflip"],"gold_per_floor":[362,20,30,41,55,90,104,139,189,199,199,229,229,248,248,344,344,354,5,28,39,49,49,84,104,128,163,163,179,196,196,196,296,296,307,320,320,338,338,422,422,34,59,120,120,203,203,231,231,231,231,231,33,63,63,63],"floor_reached":55,"language":"ENG","playtime":1948,"items_purged":["Strike_P","Strike_P+1","Strike_P+1"],"score":964,"play_id":"4ff41b2e-c536-49cc-930f-71df1f9f6053","local_time":"20210226230612","is_ascension_mode":true,"campfire_choices":[{"data":"Eruption","floor":11.0,"key":"SMITH"},{"data":"Conclude","floor":13.0,"key":"SMITH"},{"data":"BowlingBash","floor":15.0,"key":"SMITH"},{"data":"Omniscience","floor":23.0,"key":"SMITH"},{"floor":28.0,"key":"REST"},{"data":"TalkToTheHand","floor":32.0,"key":"SMITH"},{"floor":41.0,"key":"REST"},{"floor":45.0,"key":"RECALL"},{"data":"Wish","floor":47.0,"key":"SMITH"},{"floor":49.0,"key":"REST"},{"data":"Meditate","floor":52.0,"key":"SMITH"}],"circlet_count":0,"master_deck":["Strike_P+1","Defend_P+1","Defend_P+1","Defend_P+1","Defend_P+1","Eruption+1","Vigilance","FollowUp+1","EmptyFist+1","BowlingBash+1","ThirdEye","Omniscience+1","Conclude+1","ThirdEye","Omniscience","Meditate+1","FlurryOfBlows+1","TalkToTheHand+1","JustLucky+1","Ragnarok","Wish+1","Halt+1","Trip","Apotheosis","Fasting2+1","EmptyMind","JustLucky+1","DeceiveReality+1","Adaptation+1"],"relics":["PureWater","PreservedInsect","Bag of Preparation","Gremlin Horn","Damaru","Smiling Mask","Bottled Lightning","Philosopher\u0027s Stone","DollysMirror","Potion Belt","Omamori","Regal Pillow","Pen Nib","VioletLotus","Happy Flower","Strange Spoon","MealTicket","StrikeDummy","Whetstone","Bronze Scales","Akabeko"],"acts_visited":["Exordium","TheCity","TheBeyond","TheEnding"],"potions_floor_usage":[55],"damage_taken":[{"damage":0.0,"enemies":"Cultist","floor":1.0,"turns":2.0},{"damage":1.0,"enemies":"Jaw Worm","floor":3.0,"turns":2.0},{"damage":0.0,"enemies":"Small Slimes","floor":4.0,"turns":2.0},{"damage":3.0,"enemies":"Exordium Wildlife","floor":5.0,"turns":3.0},{"damage":0.0,"enemies":"Lagavulin","floor":6.0,"turns":3.0},{"damage":0.0,"enemies":"Lots of Slimes","floor":7.0,"turns":2.0},{"damage":0.0,"enemies":"Gremlin Nob","floor":8.0,"turns":2.0},{"damage":7.0,"enemies":"Large Slime","floor":10.0,"turns":6.0},{"damage":0.0,"enemies":"3 Sentries","floor":12.0,"turns":3.0},{"damage":0.0,"enemies":"Blue Slaver","floor":14.0,"turns":2.0},{"damage":16.0,"enemies":"Slime Boss","floor":16.0,"turns":9.0},{"damage":0.0,"enemies":"Chosen","floor":18.0,"turns":2.0},{"damage":0.0,"enemies":"Shell Parasite","floor":21.0,"turns":3.0},{"damage":4.0,"enemies":"Centurion and Healer","floor":22.0,"turns":5.0},{"damage":15.0,"enemies":"Book of Stabbing","floor":24.0,"turns":3.0},{"damage":8.0,"enemies":"Shelled Parasite and Fungi","floor":25.0,"turns":3.0},{"damage":0.0,"enemies":"Slavers","floor":27.0,"turns":4.0},{"damage":0.0,"enemies":"Snake Plant","floor":29.0,"turns":3.0},{"damage":0.0,"enemies":"Centurion and Healer","floor":30.0,"turns":5.0},{"damage":11.0,"enemies":"Automaton","floor":33.0,"turns":6.0},{"damage":0.0,"enemies":"3 Shapes","floor":35.0,"turns":1.0},{"damage":0.0,"enemies":"Orb Walker","floor":36.0,"turns":2.0},{"damage":13.0,"enemies":"3 Darklings","floor":38.0,"turns":4.0},{"damage":26.0,"enemies":"Nemesis","floor":40.0,"turns":9.0},{"damage":6.0,"enemies":"Spire Growth","floor":44.0,"turns":4.0},{"damage":0.0,"enemies":"Giant Head","floor":46.0,"turns":6.0},{"damage":7.0,"enemies":"Reptomancer","floor":48.0,"turns":5.0},{"damage":43.0,"enemies":"Time Eater","floor":50.0,"turns":9.0},{"damage":11,"enemies":"Shield and Spear","floor":54,"turns":3},{"damage":85,"enemies":"The Heart","floor":55,"turns":3}],"seed_played":"3847065519609833572","potions_obtained":[{"floor":3.0,"key":"SteroidPotion"},{"floor":5.0,"key":"Strength Potion"},{"floor":8.0,"key":"Weak Potion"},{"floor":10.0,"key":"Dexterity Potion"},{"floor":14.0,"key":"Block Potion"},{"floor":16.0,"key":"SpeedPotion"},{"floor":18.0,"key":"SteroidPotion"},{"floor":22.0,"key":"Block Potion"},{"floor":25.0,"key":"DuplicationPotion"},{"floor":30.0,"key":"Block Potion"},{"floor":36.0,"key":"SpeedPotion"},{"floor":38.0,"key":"Energy Potion"},{"floor":46.0,"key":"SteroidPotion"},{"floor":48.0,"key":"SkillPotion"}],"is_trial":false,"path_per_floor":["M","$","M","M","M","E","M","E","T","M","R","E","R","M","R","B",null,"M","$","T","M","M","R","E","M","T","E","R","M","M","?","R","B",null,"M","M","?","M","?","E","R","$","T","M","R","E","R","E","R","B",null,"R","$","E","B"],"character_chosen":"WATCHER","items_purchased":["PreservedInsect","Bag of Preparation","EmptyFist","DollysMirror","Potion Belt","EmptyMind","Strange Spoon","Dexterity Potion","AttackPotion","Fire Potion","Bronze Scales"],"campfire_rested":3,"item_purchase_floors":[2,2,2,19,19,42,42,42,42,42,53],"current_hp_per_floor":[65,65,64,64,61,61,61,61,61,54,54,54,54,54,54,38,65,65,65,65,65,61,61,46,38,38,38,65,65,65,65,65,54,65,65,65,55,42,42,16,50,50,50,44,44,44,44,37,65,22,65,65,65,54,0,0],"gold":63,"neow_bonus":"TWO_FIFTY_GOLD","is_daily":false,"chose_seed":false,"campfire_upgraded":7,"win_rate":0.0,"timestamp":1614402372,"path_taken":["M","$","M","M","?","E","M","E","T","M","R","E","R","M","R","BOSS","M","?","?","?","M","R","E","M","T","E","R","M","M","?","R","BOSS","M","M","?","M","?","E","R","$","T","M","R","E","R","E","R","BOSS","R","$","E","BOSS"],"items_purchased_type":["Relic","Relic","Card","Relic","Relic","Card","Relic","Potion","Potion","Potion","Relic"],"build_version":"2020-12-22","purchased_purges":3,"victory":false,"max_hp_per_floor":[65,65,65,65,65,65,65,65,65,65,65,65,65,65,65,65,65,65,65,65,65,65,65,65,65,65,65,65,65,65,65,65,65,65,65,65,65,65,65,65,65,65,65,65,65,65,65,65,65,65,65,65,65,65,65,65],"relic_stats":{"Regal Pillow":32,"Gremlin Horn":[26,26],"Happy Flower":[10],"counters":[30,116],"PreservedInsect":458,"Pen Nib":[16],"Bag of Preparation":[58],"Whetstone":["EmptyFist","FollowUp"],"Smiling Mask":150,"Strange Spoon":[22],"Bronze Scales":[54],"MealTicket":0,"VioletLotus":[10],"obtain_stats":[{"Potion Belt":19,"Regal Pillow":26,"Gremlin Horn":6,"Happy Flower":40,"Damaru":8,"PreservedInsect":2,"Pen Nib":27,"Bag of Preparation":2,"Omamori":24,"Whetstone":48,"Smiling Mask":9,"Akabeko":54,"Strange Spoon":42,"DollysMirror":19,"Bronze Scales":53,"Philosopher\u0027s Stone":17,"MealTicket":43,"VioletLotus":34,"Bottled Lightning":12,"PureWater":0,"StrikeDummy":46},{"Potion Belt":12,"Regal Pillow":16,"Gremlin Horn":5,"Happy Flower":24,"Damaru":7,"PreservedInsect":1,"Pen Nib":17,"Bag of Preparation":1,"Omamori":15,"Whetstone":27,"Smiling Mask":7,"Akabeko":29,"Strange Spoon":24,"DollysMirror":12,"Bronze Scales":28,"Philosopher\u0027s Stone":11,"MealTicket":24,"VioletLotus":20,"Bottled Lightning":9,"PureWater":0,"StrikeDummy":26},{"Potion Belt":38,"Regal Pillow":52,"Gremlin Horn":12,"Happy Flower":86,"Damaru":16,"PreservedInsect":2,"Pen Nib":56,"Bag of Preparation":2,"Omamori":49,"Whetstone":101,"Smiling Mask":16,"Akabeko":113,"Strange Spoon":86,"DollysMirror":38,"Bronze Scales":110,"Philosopher\u0027s Stone":36,"MealTicket":86,"VioletLotus":70,"Bottled Lightning":25,"PureWater":0,"StrikeDummy":96}]},"card_choices":[{"not_picked":["BowlingBash","FlurryOfBlows"],"picked":"FollowUp","floor":1.0},{"not_picked":["Fasting2","SashWhip"],"picked":"BowlingBash","floor":3.0},{"not_picked":["WreathOfFlame","Pray","Establishment"],"picked":"SKIP","floor":4.0},{"not_picked":["WreathOfFlame","BowlingBash"],"picked":"ThirdEye","floor":5.0},{"not_picked":["WindmillStrike","Nirvana","Crescendo"],"picked":"SKIP","floor":6.0},{"not_picked":["PathToVictory","FlyingSleeves","Protect"],"picked":"SKIP","floor":7.0},{"not_picked":["ClearTheMind","Perseverance"],"picked":"Omniscience","floor":8.0},{"not_picked":["Prostrate","FollowUp"],"picked":"Conclude","floor":10.0},{"not_picked":["SignatureMove","Swivel","BowlingBash"],"picked":"SKIP","floor":12.0},{"not_picked":["Consecrate","WreathOfFlame"],"picked":"ThirdEye","floor":14.0},{"not_picked":["SashWhip","EmptyFist+1","ReachHeaven"],"picked":"SKIP","floor":18.0},{"not_picked":["Evaluate","Halt"],"picked":"Meditate","floor":21.0},{"not_picked":["EmptyFist+1","BowlingBash"],"picked":"FlurryOfBlows+1","floor":22.0},{"not_picked":["FlyingSleeves","Omniscience"],"picked":"TalkToTheHand","floor":24.0},{"not_picked":["ClearTheMind","FlurryOfBlows","ThirdEye"],"picked":"SKIP","floor":25.0},{"not_picked":["Halt","Fasting2"],"picked":"JustLucky+1","floor":27.0},{"not_picked":["Vengeance","BowlingBash+1","ClearTheMind"],"picked":"SKIP","floor":29.0},{"not_picked":["BowlingBash","ClearTheMind"],"picked":"Ragnarok","floor":30.0},{"not_picked":["Ragnarok","ConjureBlade"],"picked":"Wish","floor":33.0},{"not_picked":["CutThroughFate+1","Perseverance+1","WindmillStrike"],"picked":"SKIP","floor":35.0},{"not_picked":["ThirdEye","Nirvana"],"picked":"Halt+1","floor":36.0},{"not_picked":["Bandage Up","Deep Breath"],"picked":"Trip","floor":37.0},{"not_picked":["Forethought","Jack Of All Trades"],"picked":"Apotheosis","floor":37.0},{"not_picked":["Halt+1","Perseverance"],"picked":"Fasting2+1","floor":38.0},{"not_picked":["CutThroughFate","Halt","EmptyBody"],"picked":"SKIP","floor":40.0},{"not_picked":["Evaluate+1","FlyingSleeves"],"picked":"JustLucky+1","floor":44.0},{"not_picked":["EmptyBody+1","Pray"],"picked":"DeceiveReality+1","floor":46.0},{"not_picked":["EmptyFist","Consecrate+1"],"picked":"Adaptation+1","floor":48.0},{"not_picked":["JustLucky","Prostrate","LessonLearned"],"picked":"SKIP","floor":54}],"player_experience":1859370,"relics_obtained":[{"floor":6.0,"key":"Gremlin Horn"},{"floor":8.0,"key":"Damaru"},{"floor":9.0,"key":"Smiling Mask"},{"floor":12.0,"key":"Bottled Lightning"},{"floor":24.0,"key":"Omamori"},{"floor":26.0,"key":"Regal Pillow"},{"floor":27.0,"key":"Pen Nib"},{"floor":40.0,"key":"Happy Flower"},{"floor":43.0,"key":"MealTicket"},{"floor":46.0,"key":"StrikeDummy"},{"floor":48.0,"key":"Whetstone"},{"floor":54,"key":"Akabeko"}],"event_choices":[{"damage_healed":0.0,"max_hp_gain":0.0,"max_hp_loss":0.0,"gold_gain":0.0,"event_name":"Back to Basics","player_choice":"Simplicity","floor":31.0,"gold_loss":0.0,"damage_taken":0.0,"cards_upgraded":["Strike_P","Strike_P","Strike_P","Defend_P","Defend_P","Defend_P","Defend_P"]},{"damage_healed":0.0,"max_hp_gain":0.0,"max_hp_loss":0.0,"gold_gain":0.0,"event_name":"SensoryStone","player_choice":"Memory 3","floor":37.0,"gold_loss":0.0,"damage_taken":10.0},{"damage_healed":0.0,"max_hp_gain":0.0,"max_hp_loss":0.0,"gold_gain":0.0,"event_name":"NoteForYourself","player_choice":"Ignored","floor":39.0,"gold_loss":0.0,"damage_taken":0.0}],"is_beta":false,"boss_relics":[{"not_picked":["Pandora\u0027s Box","Velvet Choker"],"picked":"Philosopher\u0027s Stone"},{"not_picked":["Empty Cage","Astrolabe"],"picked":"VioletLotus"}],"items_purged_floors":[19,42,53],"is_endless":false,"potions_floor_spawned":[3,5,8,10,14,16,18,22,25,30,36,38,46,48],"killed_by":"The Heart","ascension_level":1}}