{"host":"07bh1hsegidpcsuh","time":1614392040,"event":{"mods":["BaseMod","Downfall","Googly Eyes","Minty Spire (QoL Compilation)","Quick Restart","StSLib","everything is the same but u backflip on backflip"],"gold_per_floor":[99,99,99,99,99,99,122,122,148,173,200,212,224,261,284,296,296,296],"floor_reached":16,"language":"ENG","playtime":713,"items_purged":[],"score":106,"play_id":"8a951949-d256-47f4-a775-90cbbb62ad03","local_time":"20210226211400","is_ascension_mode":false,"campfire_choices":[{"data":"champ:Taunt","floor":1.0,"key":"SMITH"},{"data":"champ:FocusedDefense","floor":8.0,"key":"SMITH"},{"data":"champ:Backstep","floor":13.0,"key":"SMITH"}],"circlet_count":0,"master_deck":["champ:Strike","champ:Strike","champ:Strike","champ:Defend","champ:Defend","champ:Defend","champ:Defend","champ:Execute","champ:Taunt+1","champ:FocusedDefense+1","champ:ShieldWall","champ:FancyFootwork","champ:Backstep+1","champ:Parry","champ:BerserkersShout","champ:StanceDance"],"relics":["champ:ChampionCrown","downfall:HeartsMalice","Ancient Tea Set","MawBank","champ:DefensiveTrainingManual"],"acts_visited":["Exordium"],"potions_floor_usage":[],"damage_taken":[{"damage":0.0,"enemies":"Jaw Worm","floor":2.0,"turns":1.0},{"damage":0.0,"enemies":"Small Slimes","floor":4.0,"turns":1.0},{"damage":0.0,"enemies":"Cultist","floor":6.0,"turns":1.0},{"damage":56.0,"enemies":"Lagavulin","floor":9.0,"turns":7.0},{"damage":20.0,"enemies":"Blue Slaver","floor":10.0,"turns":5.0},{"damage":0.0,"enemies":"2 Fungi Beasts","floor":11.0,"turns":4.0},{"damage":34.0,"enemies":"Gremlin Nob","floor":14.0,"turns":4.0},{"damage":41.0,"enemies":"Gremlin Gang","floor":15.0,"turns":6.0},{"damage":94,"enemies":"DF_ARCHETYPE_STREAMLINE","floor":16,"turns":9}],"seed_played":"-7824167675456743863","potions_obtained":[{"floor":5.0,"key":"GamblersBrew"},{"floor":5.0,"key":"SkillPotion"},{"floor":5.0,"key":"SneckoOil"},{"floor":15.0,"key":"Weak Potion"}],"is_trial":false,"path_per_floor":["R","M","?","M","?","M","T","R","E","M","M","?","R","E","M","B"],"character_chosen":"THE_CHAMP","items_purchased":[],"campfire_rested":0,"item_purchase_floors":[],"current_hp_per_floor":[90,90,90,90,90,90,90,90,74,74,74,74,74,60,54,0,0,0],"gold":296,"neow_bonus":"THREE_ENEMY_KILL","is_daily":false,"chose_seed":false,"campfire_upgraded":3,"win_rate":0.0,"timestamp":1614392040,"path_taken":["R","M","?","M","?","M","T","R","E","M","?","?","R","E","M","BOSS"],"items_purchased_type":[],"build_version":"2020-12-22","purchased_purges":0,"victory":false,"max_hp_per_floor":[90,90,90,90,90,90,90,90,90,90,90,90,90,90,90,90,90,90],"card_choices":[{"not_picked":["champ:StanceDance","champ:RapidStrikes"],"picked":"champ:FocusedDefense","floor":2.0},{"not_picked":["champ:FaceSlap","champ:ShieldSlam"],"picked":"champ:ShieldWall","floor":4.0},{"not_picked":["champ:BringItOn","champ:PerfectedStrike"],"picked":"champ:FancyFootwork","floor":6.0},{"not_picked":["champ:DefensiveShout","champ:FlashCut"],"picked":"champ:Backstep","floor":9.0},{"not_picked":["champ:Circumvent","champ:DefensiveShout"],"picked":"champ:Parry","floor":10.0},{"not_picked":["champ:MurderStrike","champ:PerfectedStrike"],"picked":"champ:BerserkersShout","floor":11.0},{"not_picked":["champ:EnGarde","champ:Haymaker"],"picked":"champ:StanceDance","floor":14.0},{"not_picked":["champ:BerserkersShout","champ:Haymaker","champ:DefensiveShout"],"picked":"SKIP","floor":15.0}],"player_experience":1480660,"relics_obtained":[{"floor":7.0,"key":"Ancient Tea Set"},{"floor":9.0,"key":"MawBank"},{"floor":14.0,"key":"champ:DefensiveTrainingManual"}],"event_choices":[{"cards_removed":["champ:Strike"],"damage_healed":0.0,"max_hp_gain":0.0,"max_hp_loss":0.0,"gold_gain":0.0,"event_name":"The Cleric","player_choice":"Card Removal","floor":3.0,"gold_loss":0.0,"damage_taken":0.0},{"damage_healed":0.0,"max_hp_gain":0.0,"max_hp_loss":0.0,"gold_gain":0.0,"event_name":"Lab","player_choice":"Got Potions","floor":5.0,"gold_loss":0.0,"damage_taken":0.0}],"is_beta":false,"boss_relics":[],"items_purged_floors":[],"is_endless":false,"potions_floor_spawned":[9,11,15],"killed_by":"DF_ARCHETYPE_STREAMLINE","ascension_level":0}}