{"host":"jfbo3eu2ui08ej1u","time":1614411226,"event":{"mods":["2.2 Compatiblity","AchievementEnabler","Act Like it!","Aspiration","BaseMod","Better Altar","Better Match","Better Note","Better Sensory Stone","Better Skull","Better Third Choice","Block Reminder","Colored Map","Colored Powertips","Conspire","DeckTracker","Displayed Cursed Tome","Energized Spire","Fox Events","GifTheSpireLib","Hermit","Hubris","Infinite Spire","Marked Mod","Minty Spire (QoL Compilation)","Monster B Gone","Pale of the Ancients","Poor People Problems","Quick Restart","Relic Filter","Reliquary","Reorder Act Four","Replay The Spire","Shop Mod","Spicy Shops","Spire Arcade","StSLib","Stuff the Spire","The Blue Laboratory","The Disciple","The Forsaken","The Hierophant","The Marked","Uncapped","Unceasing Turn Reminder","Wandering Minibosses"],"gold_per_floor":[115,130,140,140,151,186,206,206,206,206,46,89,89,103,103,199,199,218,218,218],"floor_reached":19,"language":"ENG","playtime":562,"items_purged":["Injury"],"score":358,"play_id":"9d170ed5-08c4-4d2b-a2ce-7ac3e99c4057","local_time":"20210227023346","is_ascension_mode":true,"campfire_choices":[{"floor":8.0,"key":"REST"},{"floor":13.0,"key":"REST"},{"floor":15.0,"key":"REST"}],"circlet_count":0,"master_deck":["AscendersBane","Strike_B","Strike_B","Strike_B","Strike_B","Defend_B","Defend_B","Defend_B","Defend_B","Zap","Dualcast","Rebound","Streamline","Ball Lightning","Gash","Turbo","Genetic Algorithm","Electrodynamics","StuffTheSpire:ForEach","Conserve Battery","StuffTheSpire:LaunchingStrike","Panic Button+1"],"relics":["Cracked Core","Bag of Marbles","Gambling Chip","Golden Idol","PreservedInsect","Replay:Grab Bag","reliquary:RedCape","reliquary:RustamsPendant","Runic Pyramid"],"acts_visited":["Exordium","TheCity"],"potions_floor_usage":[16],"damage_taken":[{"damage":3.0,"enemies":"Small Slimes","floor":1.0,"turns":3.0},{"damage":7.0,"enemies":"2 Louse","floor":2.0,"turns":3.0},{"damage":7.0,"enemies":"Jaw Worm","floor":3.0,"turns":3.0},{"damage":6.0,"enemies":"Exordium Wildlife","floor":5.0,"turns":3.0},{"damage":30.0,"enemies":"Lagavulin","floor":6.0,"turns":6.0},{"damage":5.0,"enemies":"Gremlin Gang","floor":7.0,"turns":4.0},{"damage":20.0,"enemies":"3 Sentries","floor":12.0,"turns":3.0},{"damage":6.0,"enemies":"Looter","floor":14.0,"turns":3.0},{"damage":39,"enemies":"The Guardian","floor":16,"turns":10},{"damage":28,"enemies":"3 Byrds","floor":18,"turns":4},{"damage":45,"enemies":"Shell Parasite","floor":19,"turns":3}],"seed_played":"-5308855606857100771","potions_obtained":[{"floor":1.0,"key":"SkillPotion"},{"floor":7.0,"key":"PotionOfCapacity"},{"floor":12.0,"key":"blueLaboratory:AbyssPotion"},{"floor":16,"key":"Dexterity Potion"},{"floor":18,"key":"blueLaboratory:AbyssPotion"}],"is_trial":false,"path_per_floor":["M","M","M","?","M","E","M","R","T","?","$","E","R","M","R","B",null,"M","M"],"character_chosen":"DEFECT","items_purchased":["Electrodynamics"],"campfire_rested":3,"item_purchase_floors":[11],"current_hp_per_floor":[68,61,54,54,48,18,13,36,36,36,36,16,39,33,56,17,63,35,0,0],"gold":218,"neow_bonus":"TEN_PERCENT_HP_BONUS","is_daily":false,"chose_seed":false,"campfire_upgraded":0,"win_rate":0.0,"timestamp":1614411226,"path_taken":["M","M","M","?","M","E","M","R","T","?","$","E","R","M","R","BOSS","M","M"],"items_purchased_type":["Card"],"build_version":"2020-12-22","purchased_purges":1,"victory":false,"max_hp_per_floor":[78,78,78,78,78,78,78,78,78,78,78,78,78,78,78,78,78,78,78,78],"card_choices":[{"not_picked":["Glacier","Cold Snap"],"picked":"Rebound","floor":1.0},{"not_picked":["BootSequence","Hologram"],"picked":"Streamline","floor":2.0},{"not_picked":["StuffTheSpire:Coldhearted","ReplayTheSpireMod:Repulse"],"picked":"Ball Lightning","floor":3.0},{"not_picked":["Leap","Conserve Battery"],"picked":"Gash","floor":5.0},{"not_picked":["Cold Snap","Barrage"],"picked":"Turbo","floor":6.0},{"not_picked":["StuffTheSpire:Plugnplay","Leap"],"picked":"Genetic Algorithm","floor":7.0},{"not_picked":["Fission","Leap"],"picked":"StuffTheSpire:ForEach","floor":12.0},{"not_picked":["StuffTheSpire:Coldhearted","Panic Button"],"picked":"Conserve Battery","floor":14.0},{"not_picked":["Seek","ReplayRNGCard"],"picked":"StuffTheSpire:LaunchingStrike","floor":16},{"not_picked":["BasicCrystalCard","Consume"],"picked":"Panic Button+1","floor":18}],"player_experience":1392094,"relics_obtained":[{"floor":6.0,"key":"Bag of Marbles"},{"floor":9.0,"key":"Gambling Chip"},{"floor":12.0,"key":"PreservedInsect"}],"event_choices":[{"damage_healed":0.0,"max_hp_gain":0.0,"max_hp_loss":0.0,"gold_gain":0.0,"event_name":"conspire:LoneGhost","player_choice":"Disagree","floor":4.0,"gold_loss":0.0,"damage_taken":0.0},{"damage_healed":0.0,"max_hp_gain":0.0,"max_hp_loss":0.0,"gold_gain":0.0,"event_name":"Golden Idol","player_choice":"Take Wound","floor":10.0,"gold_loss":0.0,"damage_taken":0.0,"relics_obtained":["Golden Idol"],"cards_obtained":["Injury"]}],"is_beta":false,"boss_relics":[{"not_picked":["Snecko Eye","Calling Bell"],"picked":"Replay:Grab Bag"},{"not_picked":["energizedSpire:EnergizedDie","hubris:RunicObelisk"],"picked":"reliquary:RedCape"},{"not_picked":["energizedSpire:HugeHouse","Coffee Dripper"],"picked":"reliquary:RustamsPendant"},{"not_picked":["SacredBark","Ring of Chaos"],"picked":"Runic Pyramid"}],"items_purged_floors":[11],"is_endless":false,"potions_floor_spawned":[1,7,12,16,18],"killed_by":"Shell Parasite","ascension_level":20}}