{"host":"e7sl0pd4xxdbbdh2","time":1614389975,"event":{"mods":["AchievementEnabler","BaseMod","Colored Map","Colored Powertips","Minty Spire (QoL Compilation)","StSLib"],"gold_per_floor":[144,189,189,21,66,156,156,156,181,280,298,352,91,100,100,418,418,472,517,571,580,580,679,733,787,796,850,949,949,250,304,304,622,622,676,730,764,764,175,175,25,34,43,97,151,250,295,379,379,388],"floor_reached":51,"language":"SPA","playtime":2824,"items_purged":["Dualcast"],"score":1125,"play_id":"1c6408b9-7d9b-4a7d-a52e-aed508357af1","local_time":"20210226223935","daily_mods":["Cursed Run","Diverse","Midas"],"is_ascension_mode":false,"campfire_choices":[{"floor":8,"key":"REST"},{"floor":15,"key":"REST"}],"circlet_count":0,"master_deck":["Defend_B","Defend_B","Defend_B","Defend_B","Zap","Slice+1","Glacier+1","Backflip","Conclude","Fasting2","Sword Boomerang","Dual Wield","Wallop","Writhe","Hemokinesis","Parasite","Dark Shackles","Venomology","Sweeping Beam","Injury","Injury","Juggernaut","CarveReality","Bite","Bite","Bite","Bite","Bite","DeceiveReality","Shame","Venomology","Sword Boomerang+1","Cold Snap+1","Regret","Hello World","Masterful Stab","Adrenaline","Fasting2","Clothesline","Havoc+1","Pain","Bludgeon","Whirlwind+1","Fasting2+1","Shame","Headbutt","Pain","Injury","Dodge and Roll+1","Dodge and Roll+1","Slice","Clumsy","Pain"],"relics":["Cursed Key","Darkstone Periapt","Du-Vu Doll","Matryoshka","CeramicFish","Ancient Tea Set","Toolbox","Tiny Chest","StrikeDummy","Coffee Dripper","Sundial","Lizard Tail","Cables","Potion Belt","ClockworkSouvenir","HornCleat","Black Star","Centennial Puzzle","Anchor","Sling","Toy Ornithopter","OrangePellets","WarpedTongs","Symbiotic Virus","TungstenRod","Gambling Chip","Bottled Lightning"],"acts_visited":["Exordium","TheCity","TheBeyond"],"potions_floor_usage":[16,16,24,24,27,27,31,33,33,33,35,35,44,45,46,46,47,47,50,50,50,50,50,50,50,50,50,50,50],"damage_taken":[{"damage":0,"enemies":"Small Slimes","floor":1,"turns":4},{"damage":0,"enemies":"Cultist","floor":2,"turns":3},{"damage":0,"enemies":"2 Louse","floor":5,"turns":1},{"damage":14,"enemies":"3 Sentries","floor":6,"turns":5},{"damage":14,"enemies":"Gremlin Nob","floor":10,"turns":4},{"damage":0,"enemies":"Large Slime","floor":12,"turns":3},{"damage":25,"enemies":"The Guardian","floor":16,"turns":11},{"damage":2,"enemies":"Spheric Guardian","floor":18,"turns":3},{"damage":9,"enemies":"Shell Parasite","floor":20,"turns":2},{"damage":17,"enemies":"Book of Stabbing","floor":23,"turns":6},{"damage":0,"enemies":"Centurion and Healer","floor":24,"turns":7},{"damage":2,"enemies":"3 Cultists","floor":25,"turns":3},{"damage":12,"enemies":"Shelled Parasite and Fungi","floor":27,"turns":4},{"damage":47,"enemies":"Gremlin Leader","floor":28,"turns":5},{"damage":21,"enemies":"Snake Plant","floor":31,"turns":4},{"damage":7,"enemies":"Collector","floor":33,"turns":7},{"damage":3,"enemies":"3 Darklings","floor":35,"turns":3},{"damage":0,"enemies":"3 Shapes","floor":36,"turns":2},{"damage":11,"enemies":"3 Darklings","floor":44,"turns":2},{"damage":17,"enemies":"Sphere and 2 Shapes","floor":45,"turns":6},{"damage":19,"enemies":"Reptomancer","floor":46,"turns":4},{"damage":0,"enemies":"Transient","floor":47,"turns":5},{"damage":0,"enemies":"Awakened One","floor":50,"turns":6}],"seed_played":"-2463471341485849212","potions_obtained":[{"floor":1,"key":"BlessingOfTheForge"},{"floor":6,"key":"Swift Potion"},{"floor":10,"key":"Dexterity Potion"},{"floor":24,"key":"CultistPotion"},{"floor":33,"key":"Block Potion"},{"floor":35,"key":"SmokeBomb"},{"floor":36,"key":"Fire Potion"},{"floor":45,"key":"SkillPotion"}],"is_trial":false,"path_per_floor":["M","M","?","$","M","E","?","R","T","E","?","M","$","T","R","B",null,"M","?","M","?","?","E","M","M","T","M","E","R","$","M","R","B",null,"M","M","T","?","$","R","$","?","T","M","M","E","M","T","R","B",null],"character_chosen":"DEFECT","items_purchased":["Conclude","Fasting2","Sword Boomerang","Sweeping Beam","Toolbox","ClockworkSouvenir","Adrenaline","Fasting2","Clothesline","HornCleat","Regen Potion","Anchor","Sling","Toy Ornithopter","Headbutt","EntropicBrew","OrangePellets"],"campfire_rested":2,"item_purchase_floors":[4,4,4,13,13,30,30,30,30,30,30,39,39,39,39,39,41],"current_hp_per_floor":[75,75,75,75,75,61,46,68,74,62,68,70,70,76,93,74,99,97,97,90,96,96,91,105,105,111,105,66,66,66,69,69,78,117,116,117,123,123,123,123,123,129,135,128,122,118,134,140,140,147],"gold":388,"neow_bonus":"","is_daily":true,"chose_seed":false,"campfire_upgraded":0,"win_rate":0.0,"timestamp":1614389975,"path_taken":["M","M","?","$","M","E","?","R","T","E","?","?","$","?","R","BOSS","M","?","M","?","?","E","M","M","T","M","E","R","$","M","R","BOSS","M","M","?","?","$","R","$","?","T","M","M","E","?","?","R","BOSS"],"items_purchased_type":["Card","Card","Card","Card","Relic","Relic","Card","Card","Card","Relic","Potion","Relic","Relic","Relic","Card","Potion","Relic"],"build_version":"2020-12-22","purchased_purges":1,"victory":true,"max_hp_per_floor":[75,75,75,75,75,75,75,75,81,81,87,87,87,93,93,99,99,99,99,99,105,105,105,105,105,111,111,111,111,111,111,111,117,117,117,117,123,123,123,123,123,129,135,135,135,135,135,141,141,147],"card_choices":[{"not_picked":["Infernal Blade","Catalyst"],"picked":"Slice","floor":1},{"not_picked":["PathToVictory","Poisoned Stab"],"picked":"Glacier","floor":2},{"not_picked":["Meditate","Deflect"],"picked":"Dual Wield","floor":5},{"not_picked":["CutThroughFate","Conclude"],"picked":"Wallop","floor":6},{"not_picked":["Storm","Force Field"],"picked":"Hemokinesis","floor":10},{"not_picked":["Blood for Blood","Havoc"],"picked":"Venomology","floor":12},{"not_picked":["Bullet Time","Fission"],"picked":"Juggernaut","floor":16},{"not_picked":["Aggregate","Study"],"picked":"CarveReality","floor":18},{"not_picked":["Melter","Headbutt"],"picked":"DeceiveReality","floor":20},{"not_picked":["BowlingBash","Bloodletting"],"picked":"Venomology","floor":23},{"not_picked":["Bane+1","Reinforced Body"],"picked":"Sword Boomerang+1","floor":24},{"not_picked":["Pray+1","Whirlwind"],"picked":"Cold Snap+1","floor":25},{"not_picked":["Thunderclap","Double Energy"],"picked":"Hello World","floor":27},{"not_picked":["Genetic Algorithm","Halt"],"picked":"Masterful Stab","floor":28},{"not_picked":["Recycle","Weave"],"picked":"Havoc+1","floor":31},{"not_picked":["Thunder Strike","Scrawl"],"picked":"Bludgeon","floor":33},{"not_picked":["Flying Knee","Cleave+1"],"picked":"Whirlwind+1","floor":35},{"not_picked":["Cold Snap+1","Stack+1"],"picked":"Fasting2+1","floor":36},{"not_picked":["Perseverance","Dash+1"],"picked":"Dodge and Roll+1","floor":44},{"not_picked":["PiercingWail","ForeignInfluence"],"picked":"Dodge and Roll+1","floor":45},{"not_picked":["Fire Breathing","Steam"],"picked":"Slice","floor":46},{"not_picked":["PathToVictory+1","Steam+1","Skewer"],"picked":"SKIP","floor":47}],"player_experience":1704844,"relics_obtained":[{"floor":6,"key":"Matryoshka"},{"floor":9,"key":"Blood Vial"},{"floor":9,"key":"CeramicFish"},{"floor":10,"key":"Ancient Tea Set"},{"floor":14,"key":"Tiny Chest"},{"floor":14,"key":"StrikeDummy"},{"floor":23,"key":"Lizard Tail"},{"floor":26,"key":"Cables"},{"floor":28,"key":"Potion Belt"},{"floor":37,"key":"Centennial Puzzle"},{"floor":43,"key":"Symbiotic Virus"},{"floor":46,"key":"TungstenRod"},{"floor":46,"key":"Gambling Chip"},{"floor":48,"key":"Bottled Lightning"}],"event_choices":[{"damage_healed":0,"gold_gain":0,"cards_transformed":["Strike_B"],"player_choice":"Change","damage_taken":0,"max_hp_gain":0,"max_hp_loss":0,"event_name":"Living Wall","floor":3,"gold_loss":0,"cards_obtained":["Backflip"]},{"damage_healed":0,"gold_gain":0,"player_choice":"Entered Light","damage_taken":15,"max_hp_gain":0,"max_hp_loss":0,"event_name":"Shining Light","floor":7,"gold_loss":0,"cards_upgraded":["Glacier","Slice"]},{"damage_healed":0,"gold_gain":0,"player_choice":"2 cards matched","damage_taken":0,"max_hp_gain":0,"max_hp_loss":0,"event_name":"Match and Keep!","floor":11,"gold_loss":0,"cards_obtained":["Parasite","Dark Shackles"]},{"damage_healed":0,"gold_gain":0,"player_choice":"Became a vampire (Vial)","damage_taken":0,"max_hp_gain":0,"max_hp_loss":0,"event_name":"Vampires","floor":19,"relics_lost":["Blood Vial"],"gold_loss":0,"cards_obtained":["Bite","Bite","Bite","Bite","Bite"]},{"damage_healed":0,"gold_gain":0,"player_choice":"Stole Relic","damage_taken":0,"relics_obtained":["Sundial"],"max_hp_gain":0,"max_hp_loss":0,"event_name":"Addict","floor":21,"gold_loss":0,"cards_obtained":["Shame"]},{"damage_healed":0,"gold_gain":0,"player_choice":"Ignored","damage_taken":0,"max_hp_gain":0,"max_hp_loss":0,"event_name":"Beggar","floor":22,"gold_loss":0},{"damage_healed":0,"gold_gain":0,"player_choice":"Ignored","damage_taken":0,"max_hp_gain":0,"max_hp_loss":0,"event_name":"Tomb of Lord Red Mask","floor":38,"gold_loss":0},{"damage_healed":0,"gold_gain":0,"player_choice":"Rummage","damage_taken":0,"relics_obtained":["WarpedTongs"],"max_hp_gain":0,"max_hp_loss":0,"event_name":"Accursed Blacksmith","floor":42,"gold_loss":0,"cards_obtained":["Pain"]}],"is_beta":false,"boss_relics":[{"not_picked":["Velvet Choker","Runic Dome"],"picked":"Coffee Dripper"},{"not_picked":["Runic Pyramid","Busted Crown"],"picked":"Black Star"}],"items_purged_floors":[13],"is_endless":false,"potions_floor_spawned":[1,6,10,24,25,33,35,36,45],"ascension_level":0}}