{"host":"4amcrcg6ktw8dbzk","time":1614395995,"event":{"mods":["BaseMod","Challenge The Spire","Dota2Spire","Minty Spire (QoL Compilation)","MostiFishMod","Shop Mod","Spicy Shops","StSLib","The Servant 0.9.4","Yuri Mod"],"gold_per_floor":[119,119,119,119,137,164,177,177,204,56,86,86,101,119,119,119,119],"floor_reached":16,"language":"ZHS","playtime":567,"items_purged":["Strike_S"],"score":131,"play_id":"bd070369-1c74-456d-b1c4-2c6f73518f38","local_time":"20210227111955","is_ascension_mode":true,"campfire_choices":[{"data":"Contraction","floor":8,"key":"SMITH"},{"data":"Solidify","floor":12,"key":"SMITH"},{"data":"Potential","floor":15,"key":"SMITH"}],"circlet_count":0,"master_deck":["Strike_S+1","Strike_S","Strike_S","Defend_S+1","Defend_S","Defend_S","Defend_S","KidneyShot+1","Exchange+1","Contraction+1","SilverBlades","Potential+1","Solidify+1","StarChef","InstantArmor"],"relics":["Uniform","DaveBox","Technique","NeowsBlessing","SynthV:TestCard","Dota2Spire:UrnOfShadows","Regal Pillow","Odd Mushroom"],"acts_visited":["Exordium"],"potions_floor_usage":[11],"damage_taken":[{"damage":0.0,"enemies":"Jaw Worm","floor":1.0,"turns":1.0},{"damage":0.0,"enemies":"2 Louse","floor":5.0,"turns":1.0},{"damage":0.0,"enemies":"Lagavulin","floor":6.0,"turns":1.0},{"damage":0,"enemies":"Small Slimes","floor":7,"turns":4},{"damage":8,"enemies":"The Mushroom Lair","floor":11,"turns":5},{"damage":0,"enemies":"Blue Slaver","floor":13,"turns":6},{"damage":2,"enemies":"Looter","floor":14,"turns":3},{"damage":41,"enemies":"Slime Boss","floor":16,"turns":10}],"seed_played":"-1635164729534101765","potions_obtained":[{"floor":5.0,"key":"EntropicBrew"},{"floor":6.0,"key":"GamblersBrew"}],"is_trial":false,"path_per_floor":["M","?","?","?","M","E","M","R","T","$","?","R","M","M","R","B"],"character_chosen":"THE_SERVANT","items_purchased":["StarChef"],"campfire_rested":0,"item_purchase_floors":[10],"current_hp_per_floor":[65,65,52,40,40,40,40,40,40,40,32,32,32,36,36,0,0],"gold":119,"neow_bonus":"THREE_ENEMY_KILL","is_daily":false,"chose_seed":false,"campfire_upgraded":3,"win_rate":0.0,"timestamp":1614395995,"path_taken":["M","?","?","?","M","E","M","R","T","$","?","R","?","M","R","BOSS"],"items_purchased_type":["Card"],"build_version":"2020-12-22","purchased_purges":1,"victory":false,"max_hp_per_floor":[65,65,65,65,65,65,65,65,65,65,65,65,65,65,65,65,65],"card_choices":[{"not_picked":["Revamp","Rewind"],"picked":"Contraction","floor":1.0},{"not_picked":["Hightail","Revamp","Unruled","Rewind"],"picked":"SilverBlades","floor":5.0},{"not_picked":["ShatteredReality","Defy","WasteNot","Revamp"],"picked":"Potential","floor":6.0},{"not_picked":["Alleviate","FastForward","Revamp","Ricochet"],"picked":"Solidify","floor":7},{"not_picked":["Spin","Alleviate","Potential","Ricochet","WasteNot"],"picked":"SKIP","floor":13},{"not_picked":["Potential","Replace","ShatteredReality","MoonPhase"],"picked":"InstantArmor","floor":14}],"player_experience":441566,"relics_obtained":[{"floor":1.0,"key":"SynthV:TestCard"},{"floor":6.0,"key":"Regal Pillow"},{"floor":11,"key":"Odd Mushroom"}],"event_choices":[{"damage_healed":0.0,"max_hp_gain":0.0,"max_hp_loss":0.0,"gold_gain":0.0,"event_name":"Liars Game","player_choice":"Ignored","floor":2.0,"gold_loss":0.0,"damage_taken":0.0},{"damage_healed":0.0,"max_hp_gain":0.0,"max_hp_loss":0.0,"gold_gain":0.0,"event_name":"Shining Light","player_choice":"Entered Light","floor":3.0,"gold_loss":0.0,"damage_taken":13.0,"cards_upgraded":["Defend_S","Strike_S"]},{"damage_healed":0.0,"max_hp_gain":0.0,"max_hp_loss":0.0,"gold_gain":0.0,"event_name":"Scrap Ooze","player_choice":"Success","floor":4.0,"gold_loss":0.0,"damage_taken":12.0,"relics_obtained":["Dota2Spire:UrnOfShadows"]},{"damage_healed":0,"gold_gain":0,"player_choice":"Fought Mushrooms","damage_taken":0,"max_hp_gain":0,"max_hp_loss":0,"event_name":"Mushrooms","floor":11,"gold_loss":0}],"is_beta":false,"boss_relics":[],"items_purged_floors":[10],"is_endless":false,"potions_floor_spawned":[5,6,13],"killed_by":"Slime Boss","ascension_level":1}}