{"host":"mithrandi","time":1614440749,"event":{"mods":["BaseMod","Colored Map","Highlight Path","Minty Spire (QoL Compilation)","SuperFastMode"],"gold_per_floor":[109,109,124,124,137,137,165,181,208,240,254,266,102,132,132,211,211,227,244,244,88,103,103,103,103,103],"floor_reached":25,"language":"ENG","playtime":1155,"items_purged":["Strike_B","Strike_B"],"score":446,"play_id":"dc2b62d4-a78a-4bb1-babe-c8f4dfa15a83","local_time":"20210227174549","is_ascension_mode":true,"campfire_choices":[{"data":"Zap","floor":6.0,"key":"SMITH"},{"floor":15.0,"key":"REST"},{"floor":23,"key":"REST"}],"circlet_count":0,"master_deck":["AscendersBane","Strike_B","Strike_B","Defend_B","Defend_B","Defend_B","Defend_B","Zap+1","Dualcast","Compile Driver","BootSequence","Electrodynamics","Ball Lightning","BootSequence","Defragment","Compile Driver","Conserve Battery","Echo Form","FTL+1","Reinforced Body","Coolheaded"],"relics":["Cracked Core","NeowsBlessing","Nunchaku","Lantern","Potion Belt","Tiny Chest","Cursed Key"],"acts_visited":["Exordium","TheCity"],"potions_floor_usage":[19,22],"damage_taken":[{"damage":0.0,"enemies":"2 Louse","floor":1.0,"turns":1.0},{"damage":0.0,"enemies":"Small Slimes","floor":3.0,"turns":1.0},{"damage":0.0,"enemies":"Jaw Worm","floor":5.0,"turns":1.0},{"damage":50.0,"enemies":"3 Sentries","floor":7.0,"turns":10.0},{"damage":0.0,"enemies":"2 Fungi Beasts","floor":8.0,"turns":2.0},{"damage":8.0,"enemies":"Gremlin Nob","floor":10.0,"turns":3.0},{"damage":0.0,"enemies":"Large Slime","floor":11.0,"turns":3.0},{"damage":0.0,"enemies":"Lots of Slimes","floor":12.0,"turns":2.0},{"damage":15.0,"enemies":"3 Sentries","floor":14.0,"turns":4.0},{"damage":9.0,"enemies":"The Guardian","floor":16.0,"turns":11.0},{"damage":26,"enemies":"Shell Parasite","floor":18,"turns":5},{"damage":11,"enemies":"2 Thieves","floor":19,"turns":3},{"damage":0,"enemies":"Centurion and Healer","floor":22,"turns":5},{"damage":39,"enemies":"Book of Stabbing","floor":25,"turns":4}],"seed_played":"2548091288889108105","potions_obtained":[{"floor":5.0,"key":"Fruit Juice"},{"floor":7.0,"key":"Fire Potion"},{"floor":11.0,"key":"Fire Potion"},{"floor":12.0,"key":"Regen Potion"},{"floor":14.0,"key":"EssenceOfSteel"},{"floor":16.0,"key":"Fire Potion"},{"floor":19,"key":"PotionOfCapacity"}],"is_trial":false,"path_per_floor":["M","?","M","?","M","R","E","M","T","E","M","M","$","E","R","B",null,"M","M","?","$","M","R","?","E"],"character_chosen":"DEFECT","items_purchased":["Compile Driver","Conserve Battery","Block Potion"],"campfire_rested":2,"item_purchase_floors":[13,13,21],"current_hp_per_floor":[64,69,69,69,69,69,19,19,19,11,11,11,11,13,37,28,68,42,31,8,8,8,33,33,0,0],"gold":103,"neow_bonus":"THREE_ENEMY_KILL","is_daily":false,"chose_seed":false,"campfire_upgraded":1,"win_rate":0.0,"timestamp":1614440749,"path_taken":["M","?","M","?","M","R","E","?","T","E","M","M","$","E","R","BOSS","M","M","?","$","M","R","?","E"],"items_purchased_type":["Card","Card","Potion"],"build_version":"2020-12-18","purchased_purges":2,"victory":false,"max_hp_per_floor":[71,76,76,76,76,76,76,76,76,76,76,76,76,81,81,81,81,81,81,86,86,86,86,86,86,86],"card_choices":[{"not_picked":["Lockon","Steam"],"picked":"Compile Driver","floor":1.0},{"not_picked":["Stack","Storm","Aggregate"],"picked":"SKIP","floor":3.0},{"not_picked":["Cold Snap","Stack"],"picked":"BootSequence","floor":5.0},{"not_picked":["Barrage","Stack"],"picked":"Electrodynamics","floor":7.0},{"not_picked":["Barrage","Rebound"],"picked":"Ball Lightning","floor":8.0},{"not_picked":["Hello World","Skim"],"picked":"BootSequence","floor":10.0},{"not_picked":["Rebound","Heatsinks","Leap"],"picked":"SKIP","floor":11.0},{"not_picked":["Static Discharge","Go for the Eyes"],"picked":"Defragment","floor":12.0},{"not_picked":["Electrodynamics","Consume","Doom and Gloom"],"picked":"SKIP","floor":14.0},{"not_picked":["All For One","Machine Learning"],"picked":"Echo Form","floor":16.0},{"not_picked":["Hologram","White Noise"],"picked":"FTL+1","floor":18},{"not_picked":["Chaos","Go for the Eyes"],"picked":"Reinforced Body","floor":19},{"not_picked":["Sweeping Beam","Stack"],"picked":"Coolheaded","floor":22}],"player_experience":3180596,"relics_obtained":[{"floor":7.0,"key":"Nunchaku"},{"floor":9.0,"key":"Lantern"},{"floor":10.0,"key":"Potion Belt"},{"floor":14.0,"key":"Tiny Chest"}],"event_choices":[{"damage_healed":0.0,"max_hp_gain":5.0,"max_hp_loss":0.0,"gold_gain":0.0,"event_name":"Big Fish","player_choice":"Donut","floor":2.0,"gold_loss":0.0,"damage_taken":0.0},{"damage_healed":0.0,"max_hp_gain":0.0,"max_hp_loss":0.0,"gold_gain":0.0,"event_name":"Liars Game","player_choice":"Ignored","floor":4.0,"gold_loss":0.0,"damage_taken":0.0},{"damage_healed":0,"gold_gain":0,"player_choice":"Shed Blood","damage_taken":28,"max_hp_gain":5,"max_hp_loss":0,"event_name":"Forgotten Altar","floor":20,"gold_loss":0},{"damage_healed":0,"gold_gain":0,"player_choice":"Ignored","damage_taken":0,"max_hp_gain":0,"max_hp_loss":0,"event_name":"The Mausoleum","floor":24,"gold_loss":0}],"is_beta":true,"boss_relics":[{"not_picked":["Empty Cage","Ectoplasm"],"picked":"Cursed Key"}],"items_purged_floors":[13,21],"is_endless":false,"potions_floor_spawned":[5,7,11,12,14,16,19],"killed_by":"Book of Stabbing","ascension_level":20}}