{"host":"xo57gvsl7e0wfzti","time":1614398811,"event":{"mods":["BaseMod","Minty Spire (QoL Compilation)"],"gold_per_floor":[116,116,139,34,34,34,68,68,122,166,185,185,214,245,245,245,245],"floor_reached":16,"language":"ENG","playtime":291,"items_purged":["Strike_R"],"score":261,"play_id":"00ca07ae-e571-44d6-9436-5a5dc988ff07","local_time":"20210226200651","is_ascension_mode":true,"campfire_choices":[{"data":"Bash","floor":6,"key":"SMITH"},{"data":"Perfected Strike","floor":12,"key":"SMITH"},{"data":"Rampage","floor":15,"key":"SMITH"}],"circlet_count":0,"master_deck":["AscendersBane","Strike_R","Strike_R","Strike_R","Strike_R","Defend_R","Defend_R","Defend_R","Defend_R","Bash+1","Twin Strike","Perfected Strike+1","Disarm","Cleave","Twin Strike","Rampage+1"],"relics":["Burning Blood","NeowsBlessing","Golden Idol","Bag of Preparation","Dream Catcher","HornCleat","Odd Mushroom","Darkstone Periapt"],"acts_visited":["Exordium"],"potions_floor_usage":[10,13],"damage_taken":[{"damage":0,"enemies":"Jaw Worm","floor":1,"turns":1},{"damage":0,"enemies":"Small Slimes","floor":3,"turns":1},{"damage":0,"enemies":"3 Sentries","floor":7,"turns":2},{"damage":16,"enemies":"Gremlin Nob","floor":10,"turns":3},{"damage":0,"enemies":"2 Louse","floor":11,"turns":2},{"damage":9,"enemies":"The Mushroom Lair","floor":13,"turns":3},{"damage":25,"enemies":"3 Sentries","floor":14,"turns":6},{"damage":43,"enemies":"Slime Boss","floor":16,"turns":5}],"seed_played":"-5584556392758791384","potions_obtained":[{"floor":1,"key":"BloodPotion"},{"floor":3,"key":"Fire Potion"},{"floor":11,"key":"SkillPotion"}],"is_trial":false,"path_per_floor":["M","?","M","$","?","R","E","?","T","E","M","R","?","E","R","B"],"character_chosen":"IRONCLAD","items_purchased":["Twin Strike"],"campfire_rested":0,"item_purchase_floors":[4],"current_hp_per_floor":[74,68,68,68,68,68,68,68,68,58,64,64,61,42,42,0,0],"gold":245,"neow_bonus":"THREE_ENEMY_KILL","is_daily":false,"chose_seed":false,"campfire_upgraded":3,"win_rate":0.0,"timestamp":1614398811,"path_taken":["M","?","M","$","?","R","E","?","T","E","M","R","?","E","R","BOSS"],"items_purchased_type":["Card"],"build_version":"2020-12-22","purchased_purges":1,"victory":false,"max_hp_per_floor":[75,68,68,68,68,68,68,68,68,68,68,68,68,68,68,68,68],"card_choices":[{"not_picked":["Evolve","Dark Embrace","Feel No Pain"],"picked":"SKIP","floor":1},{"not_picked":["Body Slam","Bloodletting","Havoc"],"picked":"SKIP","floor":3},{"not_picked":["Anger","Wild Strike"],"picked":"Perfected Strike","floor":7},{"not_picked":["Anger","Whirlwind"],"picked":"Disarm","floor":10},{"not_picked":["Disarm","Body Slam"],"picked":"Cleave","floor":11},{"not_picked":["Headbutt","Iron Wave"],"picked":"Twin Strike","floor":13},{"not_picked":["Flex","Havoc"],"picked":"Rampage","floor":14}],"player_experience":750715,"relics_obtained":[{"floor":7,"key":"Bag of Preparation"},{"floor":9,"key":"Dream Catcher"},{"floor":10,"key":"HornCleat"},{"floor":13,"key":"Odd Mushroom"},{"floor":14,"key":"Darkstone Periapt"}],"event_choices":[{"damage_healed":0,"gold_gain":0,"player_choice":"Lose Max HP","damage_taken":0,"relics_obtained":["Golden Idol"],"max_hp_gain":0,"max_hp_loss":7,"event_name":"Golden Idol","floor":2,"gold_loss":0},{"damage_healed":0,"gold_gain":0,"player_choice":"Ignored","damage_taken":0,"max_hp_gain":0,"max_hp_loss":0,"event_name":"Liars Game","floor":5,"gold_loss":0},{"damage_healed":0,"gold_gain":0,"player_choice":"Leave","damage_taken":0,"max_hp_gain":0,"max_hp_loss":0,"event_name":"The Cleric","floor":8,"gold_loss":0},{"damage_healed":0,"gold_gain":0,"player_choice":"Fought Mushrooms","damage_taken":0,"max_hp_gain":0,"max_hp_loss":0,"event_name":"Mushrooms","floor":13,"gold_loss":0}],"is_beta":false,"boss_relics":[],"items_purged_floors":[4],"is_endless":false,"potions_floor_spawned":[1,3,11],"killed_by":"Slime Boss","ascension_level":17}}