{"host":"e7sl0pd4xxdbbdh2","time":1614431131,"event":{"mods":["AchievementEnabler","BaseMod","Colored Map","Colored Powertips","Minty Spire (QoL Compilation)","StSLib"],"gold_per_floor":[159,195,240,80,110,110,170,248,272,284,386,548,665,62,62,287,287,332,512,286,331,331,424,484,514,514,514,514],"floor_reached":27,"language":"SPA","playtime":1609,"items_purged":[],"score":681,"play_id":"ca4626c9-d375-4f6e-9f3c-7f568a7a6fbe","local_time":"20210227100531","daily_mods":["Insanity","Red Cards","Midas"],"is_ascension_mode":true,"campfire_choices":[{"floor":6,"key":"RECALL"},{"floor":10,"key":"REST"},{"floor":15,"key":"REST"}],"circlet_count":0,"master_deck":["AscendersBane","Blizzard","Stack","Tempest","Barrage","Recycle","Gash","Seeing Red","Steam Power","Melter","Barrage","Streamline","Rampage","Skim","Stack","Beam Cell","Wild Strike","Barrage","Wild Strike","Havoc","Compile Driver","Scrape","Flame Barrier","Reprogram","Iron Wave","Rebound","Disarm","Flex+1","Ball Lightning","Armaments","Sweeping Beam","True Grit","Wild Strike","Cold Snap","Flex","Power Through","Streamline","Flex","Gash","Sentinel","Sweeping Beam","Ghostly Armor","Ball Lightning","Anger","Hemokinesis","Turbo","Armaments+1","Headbutt","Beam Cell","Perfected Strike","White Noise","Sword Boomerang","Pommel Strike","Twin Strike","Electrodynamics","Ball Lightning","Go for the Eyes","Core Surge","Undo","Apotheosis","Burning Pact","Immolate","Bloodletting+1","Feel No Pain","True Grit","Creative AI","Sweeping Beam","Whirlwind","Cold Snap","Chill","Static Discharge+1"],"relics":["Cracked Core","Frozen Eye","Prayer Wheel","MawBank","Boot","War Paint","Dead Branch","Snecko Eye","Lee\u0027s Waffle","Anchor","Girya"],"acts_visited":["Exordium","TheCity"],"potions_floor_usage":[8,23,27,27],"damage_taken":[{"damage":3,"enemies":"Jaw Worm","floor":1,"turns":4},{"damage":4,"enemies":"2 Louse","floor":2,"turns":2},{"damage":0,"enemies":"Cultist","floor":3,"turns":2},{"damage":4,"enemies":"2 Fungi Beasts","floor":5,"turns":2},{"damage":1,"enemies":"Exordium Wildlife","floor":7,"turns":4},{"damage":8,"enemies":"Gremlin Nob","floor":8,"turns":3},{"damage":22,"enemies":"Lagavulin","floor":11,"turns":5},{"damage":8,"enemies":"Gremlin Nob","floor":13,"turns":3},{"damage":0,"enemies":"Slime Boss","floor":16,"turns":4},{"damage":0,"enemies":"Chosen","floor":18,"turns":3},{"damage":0,"enemies":"3 Byrds","floor":21,"turns":5},{"damage":27,"enemies":"Gremlin Leader","floor":23,"turns":7},{"damage":5,"enemies":"Cultist and Chosen","floor":24,"turns":4},{"damage":1,"enemies":"Shelled Parasite and Fungi","floor":25,"turns":3},{"damage":48,"enemies":"Book of Stabbing","floor":27,"turns":5}],"seed_played":"516572179580031758","potions_obtained":[{"floor":1,"key":"GamblersBrew"},{"floor":2,"key":"GamblersBrew"},{"floor":3,"key":"Energy Potion"},{"floor":7,"key":"AttackPotion"},{"floor":11,"key":"SmokeBomb"},{"floor":23,"key":"AttackPotion"}],"is_trial":true,"path_per_floor":["M","M","M","$","M","R","M","E","T","R","E","?","E","$","R","B",null,"M","?","$","M","?","E","M","M","T","E"],"character_chosen":"DEFECT","items_purchased":["Frozen Eye","Apotheosis","Dead Branch","Burning Pact","Lee\u0027s Waffle","Weak Potion"],"campfire_rested":2,"item_purchase_floors":[4,14,14,14,20,20],"current_hp_per_floor":[61,57,57,57,53,53,52,44,44,65,43,43,35,35,56,56,67,67,48,78,78,78,51,46,45,45,0,0],"gold":514,"neow_bonus":"","is_daily":false,"chose_seed":false,"campfire_upgraded":0,"win_rate":0.0,"timestamp":1614431131,"path_taken":["M","M","M","$","M","R","M","E","T","R","E","?","E","?","R","BOSS","M","?","?","?","?","E","M","M","T","E"],"items_purchased_type":["Relic","Card","Relic","Card","Relic","Potion"],"build_version":"2020-12-22","purchased_purges":0,"victory":false,"max_hp_per_floor":[71,71,71,71,71,71,71,71,71,71,71,71,71,71,71,71,71,71,71,78,78,78,78,78,78,78,78,78],"card_choices":[{"not_picked":["Leap","Sentinel"],"picked":"Sword Boomerang","floor":1},{"not_picked":["Loop","Barrage"],"picked":"Pommel Strike","floor":2},{"not_picked":["Steam","Defragment"],"picked":"Twin Strike","floor":3},{"not_picked":["White Noise","Leap"],"picked":"Electrodynamics","floor":5},{"not_picked":["Reckless Charge","Second Wind"],"picked":"Ball Lightning","floor":7},{"not_picked":["Body Slam","Barrage"],"picked":"Go for the Eyes","floor":8},{"not_picked":["Combust","Brutality"],"picked":"Core Surge","floor":11},{"not_picked":["Gash","Entrench"],"picked":"Undo","floor":13},{"not_picked":["Hyperbeam","Juggernaut"],"picked":"Immolate","floor":16},{"not_picked":["Perfected Strike","Thunderclap"],"picked":"Bloodletting+1","floor":18},{"not_picked":["Ghostly Armor","Iron Wave"],"picked":"Feel No Pain","floor":18},{"not_picked":["Flex","Gash"],"picked":"True Grit","floor":21},{"not_picked":["Perfected Strike","Stack"],"picked":"Creative AI","floor":21},{"not_picked":["Twin Strike","Scrape"],"picked":"Sweeping Beam","floor":23},{"not_picked":["Defragment","Streamline"],"picked":"Whirlwind","floor":24},{"not_picked":["Iron Wave","Heatsinks"],"picked":"Cold Snap","floor":24},{"not_picked":["Flex+1","Compile Driver"],"picked":"Chill","floor":25},{"not_picked":["Genetic Algorithm","Iron Wave"],"picked":"Static Discharge+1","floor":25}],"player_experience":1707931,"relics_obtained":[{"floor":8,"key":"Prayer Wheel"},{"floor":9,"key":"MawBank"},{"floor":11,"key":"Boot"},{"floor":13,"key":"War Paint"},{"floor":23,"key":"Anchor"},{"floor":26,"key":"Girya"}],"event_choices":[{"damage_healed":0,"gold_gain":150,"player_choice":"AGREE","damage_taken":0,"max_hp_gain":0,"max_hp_loss":0,"event_name":"Liars Game","floor":12,"gold_loss":0,"cards_obtained":["Doubt"]},{"damage_healed":0,"gold_gain":180,"player_choice":"GOLD GOLD ","damage_taken":19,"max_hp_gain":0,"max_hp_loss":0,"event_name":"Knowing Skull","floor":19,"potions_obtained":[],"gold_loss":0,"cards_obtained":[]},{"cards_removed":["Doubt"],"damage_healed":0,"gold_gain":0,"player_choice":"Elegance","damage_taken":0,"max_hp_gain":0,"max_hp_loss":0,"event_name":"Back to Basics","floor":22,"gold_loss":0}],"is_beta":false,"boss_relics":[{"not_picked":["Sozu","Philosopher\u0027s Stone"],"picked":"Snecko Eye"}],"items_purged_floors":[],"is_endless":false,"potions_floor_spawned":[1,2,3,7,11,16,21,23],"killed_by":"Book of Stabbing","ascension_level":20}}