{"host":"xg4r5pv6chpuampg","time":1614458877,"event":{"mods":["AchievementEnabler","BaseMod","Googly Eyes","Minty Spire (QoL Compilation)","StSLib","Together in Spire"],"gold_per_floor":[111,58,77,4,4,40,40,64,91,266,305,305,318,337,337,468,468,493,518,589,79,99,99,138,138,138,63,86,99,99,198,198,198,198],"floor_reached":33,"language":"ENG","playtime":1115,"items_purged":[],"score":363,"play_id":"deba9ebe-b8ab-45c4-a3f2-dc40439e3580","local_time":"20210227234757","is_ascension_mode":true,"campfire_choices":[{"data":"Wallop","floor":7,"key":"SMITH"},{"floor":15,"key":"REST"},{"floor":23,"key":"RECALL"},{"floor":25,"key":"REST"},{"floor":32,"key":"REST"}],"circlet_count":0,"master_deck":["Strike_P","Strike_P","Strike_P","Defend_P+1","Defend_P","Defend_P","Defend_P","Eruption","Vigilance+1","FollowUp","EmptyFist","EmptyFist","Wallop+1","SashWhip","FollowUp","WheelKick","DeceiveReality","TalkToTheHand","FollowUp","DevaForm","EmptyBody","Prostrate+1","CutThroughFate","Collect+1","Halt+1","FollowUp","FollowUp+1"],"relics":["PureWater","NeowsBlessing","Golden Idol","Damaru","War Paint","Tiny Chest","Fusion Hammer","Toxic Egg 2","Sling","Matryoshka","Bag of Marbles","The Courier","Pear","Toy Ornithopter","Akabeko"],"acts_visited":["Exordium","TheCity"],"potions_floor_usage":[16,16,18],"damage_taken":[{"damage":0,"enemies":"Small Slimes","floor":1,"turns":1},{"damage":0,"enemies":"2 Louse","floor":3,"turns":1},{"damage":0,"enemies":"Gremlin Nob","floor":6,"turns":1},{"damage":0,"enemies":"Cultist","floor":8,"turns":2},{"damage":27,"enemies":"3 Sentries","floor":11,"turns":9},{"damage":0,"enemies":"3 Louse","floor":13,"turns":4},{"damage":0,"enemies":"Blue Slaver","floor":14,"turns":3},{"damage":27,"enemies":"Hexaghost","floor":16,"turns":10},{"damage":8,"enemies":"Spheric Guardian","floor":18,"turns":4},{"damage":8,"enemies":"2 Thieves","floor":19,"turns":5},{"damage":17,"enemies":"Sentry and Sphere","floor":22,"turns":6},{"damage":23,"enemies":"Gremlin Leader","floor":24,"turns":7},{"damage":27,"enemies":"Chosen and Byrds","floor":29,"turns":8},{"damage":59,"enemies":"Automaton","floor":33,"turns":6}],"seed_played":"67830930624863108","potions_obtained":[{"floor":6,"key":"LiquidMemories"},{"floor":8,"key":"StancePotion"},{"floor":14,"key":"Dexterity Potion"},{"floor":18,"key":"Fruit Juice"},{"floor":29,"key":"Weak Potion"}],"is_trial":false,"path_per_floor":["M","$","M","$","?","E","R","M","T","?","E","?","M","M","R","B",null,"M","M","T","$","M","R","E","R","T","?","T","M","$","?","R","B"],"character_chosen":"WATCHER","items_purchased":["EmptyFist","Wallop","Sling","Matryoshka","CutThroughFate","Collect+1"],"campfire_rested":3,"item_purchase_floors":[2,4,21,21,21,21],"current_hp_per_floor":[72,72,72,72,54,54,54,54,54,54,27,27,27,27,48,21,72,69,61,61,61,44,44,21,44,54,54,54,27,27,27,53,0,0],"gold":198,"neow_bonus":"THREE_ENEMY_KILL","is_daily":false,"chose_seed":false,"campfire_upgraded":1,"win_rate":0.0,"timestamp":1614458877,"path_taken":["M","$","M","$","?","E","R","M","T","?","E","?","M","M","R","BOSS","M","M","?","$","M","R","E","R","T","?","?","M","$","?","R","BOSS"],"items_purchased_type":["Card","Card","Relic","Relic","Card","Card"],"build_version":"2020-12-22","purchased_purges":0,"victory":false,"max_hp_per_floor":[72,72,72,72,72,72,72,72,72,72,72,72,72,72,72,72,72,77,77,77,77,77,77,77,77,87,87,87,87,87,87,87,87,87],"card_choices":[{"not_picked":["Consecrate","ClearTheMind"],"picked":"FollowUp","floor":1},{"not_picked":["WindmillStrike","Collect"],"picked":"EmptyFist","floor":3},{"not_picked":["ClearTheMind","Swivel"],"picked":"SashWhip","floor":6},{"not_picked":["PathToVictory","ReachHeaven"],"picked":"FollowUp","floor":8},{"not_picked":["WindmillStrike","Halt"],"picked":"WheelKick","floor":11},{"not_picked":["Vengeance","JustLucky"],"picked":"TalkToTheHand","floor":13},{"not_picked":["Collect","Evaluate"],"picked":"FollowUp","floor":14},{"not_picked":["Ragnarok","Alpha"],"picked":"DevaForm","floor":16},{"not_picked":["JustLucky","Protect"],"picked":"EmptyBody","floor":18},{"not_picked":["Collect","WreathOfFlame+1"],"picked":"Prostrate+1","floor":19},{"not_picked":["ThirdEye+1","JustLucky"],"picked":"Halt+1","floor":22},{"not_picked":["SpiritShield+1","FlurryOfBlows+1"],"picked":"FollowUp","floor":24},{"not_picked":["Worship+1","Halt+1"],"picked":"FollowUp+1","floor":29}],"player_experience":200117,"relics_obtained":[{"floor":6,"key":"Damaru"},{"floor":9,"key":"War Paint"},{"floor":11,"key":"Tiny Chest"},{"floor":20,"key":"Toxic Egg 2"},{"floor":24,"key":"Bag of Marbles"},{"floor":26,"key":"The Courier"},{"floor":26,"key":"Pear"},{"floor":28,"key":"Toy Ornithopter"},{"floor":28,"key":"Akabeko"}],"event_choices":[{"damage_healed":0,"gold_gain":0,"player_choice":"Take Damage","damage_taken":18,"relics_obtained":["Golden Idol"],"max_hp_gain":0,"max_hp_loss":0,"event_name":"Golden Idol","floor":5,"gold_loss":0},{"damage_healed":0,"gold_gain":175,"player_choice":"AGREE","damage_taken":0,"max_hp_gain":0,"max_hp_loss":0,"event_name":"Liars Game","floor":10,"gold_loss":0,"cards_obtained":["Doubt"]},{"damage_healed":0,"gold_gain":0,"cards_transformed":["Strike_P"],"player_choice":"Transformed","damage_taken":0,"max_hp_gain":0,"max_hp_loss":0,"event_name":"Transmorgrifier","floor":12,"gold_loss":0,"cards_obtained":["DeceiveReality"]},{"cards_removed":["Doubt"],"damage_healed":0,"gold_gain":0,"player_choice":"Gave Gold","damage_taken":0,"max_hp_gain":0,"max_hp_loss":0,"event_name":"Beggar","floor":27,"gold_loss":75},{"damage_healed":0,"gold_gain":99,"player_choice":"Stole From Cult","damage_taken":0,"max_hp_gain":0,"max_hp_loss":0,"event_name":"Nest","floor":31,"gold_loss":0}],"is_beta":false,"boss_relics":[{"not_picked":["Ectoplasm","Coffee Dripper"],"picked":"Fusion Hammer"}],"items_purged_floors":[],"is_endless":false,"potions_floor_spawned":[6,8,14,18,29],"killed_by":"Automaton","ascension_level":1}}