{"host":"338bkdl2yirdp2ct","time":1614452618,"event":{"mods":["AchievementEnabler","BaseMod","Challenge The Spire","Colored Powertips","Custom Start","Dark Map","DeckTracker","Highlight Path","Minty Spire (QoL Compilation)","Quick Restart","Random Character Button","Relic Sorter","Relic Stats","Uncapped","Unceasing Turn Reminder","slay the spire mod where everything is the same but ironclad has a cowboy hat"],"gold_per_floor":[446,117,145,177,202,202,202,54,86,113,140,140,140,140,173,207,239,270],"floor_reached":19,"language":"ENG","playtime":729,"items_purged":[],"score":430,"play_id":"aea2b9c8-94f3-4910-b6d4-2f8ccd733d98","local_time":"20210227110338","daily_mods":["challengethespire:Silver Difficulty","challengethespire:Elite Rush","Uncertain Future"],"is_ascension_mode":true,"campfire_choices":[{"data":"Entrench","floor":7,"key":"SMITH"},{"data":"Feel No Pain","floor":13,"key":"SMITH"}],"circlet_count":0,"master_deck":["AscendersBane","Strike_R","Strike_R","Strike_R","Strike_R+1","Strike_R","Defend_R","Defend_R","Defend_R","Defend_R","Bash","Dual Wield","Feel No Pain+1","Flex","Sword Boomerang+1","Disarm","Dramatic Entrance","Entrench+1","Headbutt","Shrug It Off","Ghostly Armor","Shrug It Off","Sword Boomerang","Immolate","Limit Break+1","Shrug It Off+1"],"relics":["Burning Blood","Black Star","Sling","PreservedInsect","TheAbacus","Ornamental Fan","Akabeko","Omamori","Boot","HornCleat","Shuriken","Gremlin Horn","Strawberry","Snecko Eye","Brimstone","Bottled Lightning","Bird Faced Urn","Kunai","Oddly Smooth Stone","Champion Belt","Toy Ornithopter","SacredBark","Toxic Egg 2","Lizard Tail","Whetstone","Bag of Preparation","Gambling Chip","Happy Flower","Thread and Needle","Regal Pillow"],"acts_visited":["Exordium"],"potions_floor_usage":[15,18],"damage_taken":[{"damage":26,"enemies":"Lagavulin","floor":3,"turns":5},{"damage":0,"enemies":"Gremlin Nob","floor":4,"turns":2},{"damage":10,"enemies":"3 Sentries","floor":5,"turns":5},{"damage":26,"enemies":"Book of Stabbing","floor":9,"turns":4},{"damage":8,"enemies":"Slavers","floor":10,"turns":5},{"damage":6,"enemies":"Gremlin Leader","floor":11,"turns":4},{"damage":13,"enemies":"Nemesis","floor":15,"turns":3},{"damage":7,"enemies":"Reptomancer","floor":16,"turns":3},{"damage":49,"enemies":"Giant Head","floor":17,"turns":6},{"damage":34,"enemies":"Shield and Spear","floor":18,"turns":3}],"seed_played":"-5638943408763947378","potions_obtained":[{"floor":4,"key":"CultistPotion"},{"floor":9,"key":"Strength Potion"},{"floor":18,"key":"BlessingOfTheForge"}],"is_trial":true,"path_per_floor":["$","$","E","E","E","T","R","$","E","E","E","T","R","$","E","E","E","E",null],"character_chosen":"IRONCLAD","items_purchased":["Dual Wield","Feel No Pain","Flex","TheAbacus","Ornamental Fan","Sword Boomerang","Akabeko","Disarm","Dramatic Entrance","Brimstone"],"campfire_rested":0,"item_purchase_floors":[1,1,1,1,1,2,2,2,2,8],"current_hp_per_floor":[72,72,52,58,61,61,61,61,41,43,43,43,43,43,43,44,49,26],"gold":270,"neow_bonus":"","is_daily":false,"chose_seed":false,"campfire_upgraded":2,"win_rate":0.0,"timestamp":1614452618,"path_taken":["$","$","E","E","E","T","R","$","E","E","E","T","R","$","E","E","E","E"],"items_purchased_type":["Card","Card","Card","Relic","Relic","Card","Relic","Card","Card","Relic"],"build_version":"2020-12-22","purchased_purges":0,"victory":true,"max_hp_per_floor":[80,80,80,80,87,87,87,87,87,87,87,87,87,87,87,87,87,87],"relic_stats":{"Regal Pillow":0,"Gremlin Horn":[10,10],"Happy Flower":[1],"counters":[10,40],"PreservedInsect":535,"Bag of Preparation":[4],"Whetstone":["Sword Boomerang","Strike_R"],"Boot":[4],"Burning Blood":60,"Lizard Tail":43,"TheAbacus":[54],"Ornamental Fan":[20],"Shuriken":[5],"Bird Faced Urn":[8],"Gambling Chip":[4],"Snecko Eye":[45,56,51,55],"Black Star":10,"Kunai":[4],"Champion Belt":[2],"obtain_stats":[{"Regal Pillow":18,"Gremlin Horn":5,"SacredBark":12,"Bag of Preparation":16,"Whetstone":16,"Sling":0,"Boot":3,"Burning Blood":0,"Lizard Tail":15,"TheAbacus":1,"HornCleat":4,"Strawberry":5,"Gambling Chip":17,"Kunai":10,"Toxic Egg 2":15,"Happy Flower":17,"Oddly Smooth Stone":10,"Thread and Needle":18,"PreservedInsect":0,"Omamori":3,"Akabeko":2,"Ornamental Fan":1,"Shuriken":4,"Brimstone":8,"Bird Faced Urn":9,"Snecko Eye":6,"Black Star":0,"Bottled Lightning":9,"Champion Belt":11,"Toy Ornithopter":11},{"Regal Pillow":10,"Gremlin Horn":3,"SacredBark":6,"Bag of Preparation":8,"Whetstone":8,"Sling":0,"Boot":1,"Burning Blood":0,"Lizard Tail":7,"TheAbacus":0,"HornCleat":2,"Strawberry":3,"Gambling Chip":9,"Kunai":5,"Toxic Egg 2":7,"Happy Flower":9,"Oddly Smooth Stone":5,"Thread and Needle":10,"PreservedInsect":0,"Omamori":1,"Akabeko":0,"Ornamental Fan":0,"Shuriken":2,"Brimstone":3,"Bird Faced Urn":4,"Snecko Eye":3,"Black Star":0,"Bottled Lightning":4,"Champion Belt":6,"Toy Ornithopter":6},{"Regal Pillow":40,"Gremlin Horn":12,"SacredBark":25,"Bag of Preparation":31,"Whetstone":31,"Sling":0,"Boot":5,"Burning Blood":0,"Lizard Tail":28,"TheAbacus":0,"HornCleat":7,"Strawberry":12,"Gambling Chip":37,"Kunai":21,"Toxic Egg 2":28,"Happy Flower":37,"Oddly Smooth Stone":21,"Thread and Needle":40,"PreservedInsect":0,"Omamori":5,"Akabeko":0,"Ornamental Fan":0,"Shuriken":7,"Brimstone":12,"Bird Faced Urn":16,"Snecko Eye":12,"Black Star":0,"Bottled Lightning":16,"Champion Belt":25,"Toy Ornithopter":25}],"Toy Ornithopter":10},"card_choices":[],"player_experience":1184219,"relics_obtained":[{"floor":3,"key":"Omamori"},{"floor":3,"key":"Boot"},{"floor":4,"key":"HornCleat"},{"floor":4,"key":"Shuriken"},{"floor":5,"key":"Gremlin Horn"},{"floor":5,"key":"Strawberry"},{"floor":9,"key":"Bottled Lightning"},{"floor":9,"key":"Bird Faced Urn"},{"floor":10,"key":"Kunai"},{"floor":10,"key":"Oddly Smooth Stone"},{"floor":11,"key":"Champion Belt"},{"floor":11,"key":"Toy Ornithopter"},{"floor":15,"key":"Toxic Egg 2"},{"floor":15,"key":"Lizard Tail"},{"floor":16,"key":"Whetstone"},{"floor":16,"key":"Bag of Preparation"},{"floor":17,"key":"Gambling Chip"},{"floor":17,"key":"Happy Flower"},{"floor":18,"key":"Thread and Needle"},{"floor":18,"key":"Regal Pillow"}],"event_choices":[],"is_beta":false,"boss_relics":[{"not_picked":["Mark of Pain","Ectoplasm"],"picked":"Snecko Eye"},{"not_picked":["Velvet Choker","Fusion Hammer"],"picked":"SacredBark"}],"items_purged_floors":[],"is_endless":false,"potions_floor_spawned":[4,9,18],"ascension_level":10}}