{"host":"hw9lt6p3yhr90vz0","time":1614398171,"event":{"mods":["BaseMod","DeckTracker","Minty Spire (QoL Compilation)","Relic Stats"],"gold_per_floor":[115,115,115,125,200,227,227,237,237,237,265,280,280,312,312,407,407,423,435,23,122,122,155,155,181,181,196,196,222,222,232,232,332,332,352,352,90,110,120,150,150,183,183,106,106,123,136,170,170,170],"floor_reached":51,"language":"ENG","playtime":5177,"items_purged":[],"score":1213,"play_id":"108f1007-9515-4632-9c60-97345048b9a0","local_time":"20210226225611","is_ascension_mode":true,"campfire_choices":[{"floor":13.0,"key":"REST"},{"floor":15.0,"key":"RECALL"},{"floor":24.0,"key":"REST"},{"floor":32.0,"key":"REST"},{"data":"Heatsinks","floor":41.0,"key":"SMITH"},{"data":"Buffer","floor":45,"key":"SMITH"},{"data":"Static Discharge","floor":49,"key":"SMITH"}],"circlet_count":0,"master_deck":["Zap+1","Dualcast","Self Repair","Sweeping Beam+1","Turbo","Biased Cognition","Chill","Static Discharge+1","Double Energy","Loop","All For One","Buffer+1","Beam Cell","Go for the Eyes","Heatsinks+1","Chaos","Machine Learning","FTL+1","Loop","Rebound+1","Gash","Redo","Beam Cell","Beam Cell","White Noise+1","Echo Form","Conserve Battery+1","Redo+1","Electrodynamics","CurseOfTheBell","Loop+1","Loop","Force Field+1","Go for the Eyes","Go for the Eyes+1","Scrape+1","Defragment","Storm+1","Gash+1","Steam+1"],"relics":["Cracked Core","Pear","Dream Catcher","White Beast Statue","Centennial Puzzle","Pandora\u0027s Box","Torii","Anchor","Whetstone","Toxic Egg 2","Emotion Chip","Calling Bell","Bag of Marbles","StrikeDummy","Thread and Needle","PreservedInsect","Kunai","Calipers","Shuriken","Frozen Egg 2"],"acts_visited":["Exordium","TheCity","TheBeyond"],"potions_floor_usage":[48,50,50],"damage_taken":[{"damage":1.0,"enemies":"2 Louse","floor":1.0,"turns":3.0},{"damage":1.0,"enemies":"Cultist","floor":4.0,"turns":3.0},{"damage":25.0,"enemies":"Lagavulin","floor":6.0,"turns":6.0},{"damage":4.0,"enemies":"Jaw Worm","floor":8.0,"turns":2.0},{"damage":0.0,"enemies":"3 Sentries","floor":11.0,"turns":8.0},{"damage":0.0,"enemies":"Large Slime","floor":12.0,"turns":5.0},{"damage":16.0,"enemies":"Lagavulin","floor":14.0,"turns":8.0},{"damage":55.0,"enemies":"Slime Boss","floor":16.0,"turns":11.0},{"damage":5.0,"enemies":"Chosen","floor":18.0,"turns":5.0},{"damage":8.0,"enemies":"Shell Parasite","floor":19.0,"turns":3.0},{"damage":0.0,"enemies":"3 Cultists","floor":22.0,"turns":2.0},{"damage":29.0,"enemies":"Book of Stabbing","floor":23.0,"turns":3.0},{"damage":1.0,"enemies":"Gremlin Leader","floor":25.0,"turns":6.0},{"damage":1.0,"enemies":"Snecko","floor":27.0,"turns":5.0},{"damage":42.0,"enemies":"Slavers","floor":29.0,"turns":4.0},{"damage":8.0,"enemies":"Cultist and Chosen","floor":31.0,"turns":5.0},{"damage":17.0,"enemies":"Champ","floor":33.0,"turns":7.0},{"damage":0.0,"enemies":"3 Shapes","floor":35.0,"turns":7.0},{"damage":10.0,"enemies":"Orb Walker","floor":38.0,"turns":3.0},{"damage":0.0,"enemies":"4 Shapes","floor":39.0,"turns":4.0},{"damage":17.0,"enemies":"Giant Head","floor":40.0,"turns":8.0},{"damage":1.0,"enemies":"Nemesis","floor":42.0,"turns":7.0},{"damage":16,"enemies":"Spire Growth","floor":46,"turns":5},{"damage":0,"enemies":"Transient","floor":47,"turns":5},{"damage":0,"enemies":"Giant Head","floor":48,"turns":5},{"damage":11,"enemies":"Donu and Deca","floor":50,"turns":4}],"seed_played":"5933243588093200123","potions_obtained":[{"floor":1.0,"key":"Fire Potion"},{"floor":6.0,"key":"Explosive Potion"},{"floor":12.0,"key":"EssenceOfSteel"},{"floor":14.0,"key":"FairyPotion"},{"floor":16.0,"key":"Ancient Potion"},{"floor":18.0,"key":"Strength Potion"},{"floor":19.0,"key":"EntropicBrew"},{"floor":23.0,"key":"DuplicationPotion"},{"floor":25.0,"key":"Block Potion"},{"floor":27.0,"key":"Regen Potion"},{"floor":29.0,"key":"FearPotion"},{"floor":31.0,"key":"Regen Potion"},{"floor":33.0,"key":"Strength Potion"},{"floor":35.0,"key":"Explosive Potion"},{"floor":38.0,"key":"Energy Potion"},{"floor":39.0,"key":"Fire Potion"},{"floor":40.0,"key":"GamblersBrew"},{"floor":42.0,"key":"Fire Potion"},{"floor":46,"key":"Energy Potion"},{"floor":48,"key":"Energy Potion"}],"is_trial":false,"path_per_floor":["M","?","?","M","?","E","?","M","T","?","E","M","R","E","R","B",null,"M","M","$","?","M","E","R","E","T","M","?","E","?","M","R","B",null,"M","?","$","M","M","E","R","E","T","$","R","M","M","E","R","B",null],"character_chosen":"DEFECT","items_purchased":["Torii","Loop","Rebound","PreservedInsect","Loop","Force Field+1","Defragment"],"campfire_rested":3,"item_purchase_floors":[20,20,20,37,37,37,44],"current_hp_per_floor":[74,67,67,73,62,54,36,39,39,39,46,53,80,71,71,23,75,77,76,76,76,76,47,74,80,80,79,79,56,56,48,75,80,89,92,92,92,82,82,72,72,85,85,85,85,76,83,90,90,86],"gold":170,"neow_bonus":"TEN_PERCENT_HP_BONUS","is_daily":false,"chose_seed":false,"campfire_upgraded":3,"win_rate":0.0,"timestamp":1614398171,"path_taken":["M","?","?","?","?","E","?","M","T","?","E","M","R","E","R","BOSS","M","M","$","?","M","E","R","E","T","M","?","E","?","M","R","BOSS","M","?","$","?","M","E","R","E","T","$","R","M","M","E","R","BOSS"],"items_purchased_type":["Relic","Card","Card","Relic","Card","Card","Card"],"build_version":"2020-12-22","purchased_purges":0,"victory":true,"max_hp_per_floor":[82,82,82,82,82,92,92,92,92,92,92,92,92,92,92,92,92,92,92,92,92,92,92,92,92,92,92,92,92,92,92,92,92,92,92,92,92,92,92,92,92,92,92,92,92,92,92,92,92,92],"relic_stats":{"Dream Catcher":3,"Centennial Puzzle":[42],"Emotion Chip":[24,17,6,1,0],"Torii":14,"counters":[26,132],"Shuriken":[12],"Pandora\u0027s Box":["Beam Cell","Go for the Eyes","Conserve Battery","Heatsinks","Chaos","Machine Learning"],"PreservedInsect":310,"Whetstone":["Rebound","FTL"],"Kunai":[17],"obtain_stats":[{"Pear":6,"Calipers":42,"Torii":20,"Thread and Needle":34,"PreservedInsect":37,"Whetstone":25,"Frozen Egg 2":48,"White Beast Statue":11,"Calling Bell":34,"Dream Catcher":9,"Centennial Puzzle":14,"Anchor":23,"Emotion Chip":29,"Shuriken":43,"Pandora\u0027s Box":17,"Bag of Marbles":34,"Kunai":40,"Toxic Egg 2":26,"Cracked Core":0,"StrikeDummy":34},{"Pear":3,"Calipers":22,"Torii":10,"Thread and Needle":17,"PreservedInsect":18,"Whetstone":13,"Frozen Egg 2":25,"White Beast Statue":5,"Calling Bell":17,"Dream Catcher":4,"Centennial Puzzle":7,"Anchor":12,"Emotion Chip":15,"Shuriken":22,"Pandora\u0027s Box":8,"Bag of Marbles":17,"Kunai":21,"Toxic Egg 2":13,"Cracked Core":0,"StrikeDummy":17},{"Pear":12,"Calipers":113,"Torii":54,"Thread and Needle":85,"PreservedInsect":92,"Whetstone":65,"Frozen Egg 2":128,"White Beast Statue":22,"Calling Bell":85,"Dream Catcher":14,"Centennial Puzzle":35,"Anchor":59,"Emotion Chip":73,"Shuriken":113,"Pandora\u0027s Box":46,"Bag of Marbles":85,"Kunai":106,"Toxic Egg 2":65,"Cracked Core":0,"StrikeDummy":85}]},"card_choices":[{"not_picked":["Compile Driver","Rebound"],"picked":"Self Repair","floor":1.0},{"not_picked":["Beam Cell","Barrage"],"picked":"Sweeping Beam","floor":4.0},{"not_picked":["Steam","Go for the Eyes"],"picked":"Turbo","floor":6.0},{"not_picked":["Scrape","Force Field"],"picked":"Biased Cognition","floor":8.0},{"not_picked":["Cold Snap","Recycle"],"picked":"Static Discharge","floor":11.0},{"not_picked":["Gash","Stack"],"picked":"Double Energy","floor":12.0},{"not_picked":["Beam Cell","Genetic Algorithm"],"picked":"Loop","floor":13.0},{"not_picked":["Gash","Redo"],"picked":"All For One","floor":14.0},{"not_picked":["All For One","Seek"],"picked":"Buffer","floor":16.0},{"not_picked":["Coolheaded","Compile Driver","Leap"],"picked":"SKIP","floor":18.0},{"not_picked":["Coolheaded+1","Consume"],"picked":"FTL","floor":19.0},{"not_picked":["Redo","Darkness+1"],"picked":"Gash","floor":23.0},{"not_picked":["Chaos","Cold Snap"],"picked":"Redo","floor":24.0},{"not_picked":["Thunder Strike","Conserve Battery+1"],"picked":"Beam Cell","floor":25.0},{"not_picked":["Barrage","Consume+1"],"picked":"Beam Cell","floor":27.0},{"not_picked":["Coolheaded+1","Go for the Eyes"],"picked":"Echo Form","floor":29.0},{"not_picked":["Ball Lightning","Leap+1"],"picked":"Conserve Battery+1","floor":31.0},{"not_picked":["Thunder Strike","Beam Cell"],"picked":"Redo+1","floor":32.0},{"not_picked":["Rainbow+1","Biased Cognition"],"picked":"Electrodynamics","floor":33.0},{"not_picked":["Ball Lightning+1","Capacitor"],"picked":"Loop+1","floor":35.0},{"not_picked":["Coolheaded+1","Compile Driver"],"picked":"Go for the Eyes","floor":38.0},{"not_picked":["Doom and Gloom+1","Tempest+1","Recycle+1"],"picked":"SKIP","floor":39.0},{"not_picked":["Stack+1","Ball Lightning"],"picked":"Go for the Eyes+1","floor":40.0},{"not_picked":["Glacier+1","Static Discharge"],"picked":"Scrape+1","floor":42.0},{"not_picked":["Meteor Strike","Streamline"],"picked":"Storm+1","floor":46},{"not_picked":["Stack+1","Cold Snap+1"],"picked":"Gash+1","floor":47},{"not_picked":["Meteor Strike","Doom and Gloom+1"],"picked":"Steam+1","floor":48}],"player_experience":1488284,"relics_obtained":[{"floor":6.0,"key":"Pear"},{"floor":9.0,"key":"Dream Catcher"},{"floor":11.0,"key":"White Beast Statue"},{"floor":14.0,"key":"Centennial Puzzle"},{"floor":23.0,"key":"Anchor"},{"floor":25.0,"key":"Whetstone"},{"floor":26.0,"key":"Toxic Egg 2"},{"floor":29.0,"key":"Emotion Chip"},{"floor":34.0,"key":"Bag of Marbles"},{"floor":34.0,"key":"StrikeDummy"},{"floor":34.0,"key":"Thread and Needle"},{"floor":40.0,"key":"Kunai"},{"floor":42.0,"key":"Calipers"},{"floor":43.0,"key":"Shuriken"},{"floor":48,"key":"Frozen Egg 2"}],"event_choices":[{"cards_removed":["Strike_B"],"damage_healed":0.0,"max_hp_gain":0.0,"max_hp_loss":0.0,"gold_gain":0.0,"event_name":"Golden Wing","player_choice":"Card Removal","floor":2.0,"gold_loss":0.0,"damage_taken":7.0},{"damage_healed":0.0,"max_hp_gain":0.0,"max_hp_loss":0.0,"gold_gain":0.0,"event_name":"Upgrade Shrine","player_choice":"Upgraded","floor":3.0,"gold_loss":0.0,"damage_taken":0.0,"cards_upgraded":["Zap"]},{"damage_healed":0.0,"max_hp_gain":0.0,"max_hp_loss":0.0,"gold_gain":75.0,"event_name":"World of Goop","player_choice":"Gather Gold","floor":5.0,"gold_loss":0.0,"damage_taken":11.0},{"damage_healed":0.0,"max_hp_gain":0.0,"max_hp_loss":0.0,"gold_gain":0.0,"event_name":"Shining Light","player_choice":"Entered Light","floor":7.0,"gold_loss":0.0,"damage_taken":18.0,"cards_upgraded":["Defend_B","Sweeping Beam"]},{"damage_healed":0.0,"max_hp_gain":0.0,"max_hp_loss":0.0,"gold_gain":0.0,"cards_transformed":["Strike_B"],"event_name":"Living Wall","player_choice":"Change","floor":10.0,"gold_loss":0.0,"damage_taken":0.0,"cards_obtained":["Chill"]},{"damage_healed":0.0,"max_hp_gain":0.0,"max_hp_loss":0.0,"gold_gain":99.0,"event_name":"Nest","player_choice":"Stole From Cult","floor":21.0,"gold_loss":0.0,"damage_taken":0.0},{"damage_healed":0.0,"max_hp_gain":0.0,"max_hp_loss":0.0,"gold_gain":0.0,"event_name":"The Library","player_choice":"Read","floor":28.0,"gold_loss":0.0,"damage_taken":0.0,"cards_obtained":["White Noise"]},{"damage_healed":0.0,"max_hp_gain":0.0,"max_hp_loss":0.0,"gold_gain":0.0,"event_name":"Beggar","player_choice":"Ignored","floor":30.0,"gold_loss":0.0,"damage_taken":0.0},{"cards_removed":["Conserve Battery"],"damage_healed":0.0,"max_hp_gain":0.0,"max_hp_loss":0.0,"gold_gain":0.0,"event_name":"Purifier","player_choice":"Purged","floor":36.0,"gold_loss":0.0,"damage_taken":0.0}],"is_beta":false,"boss_relics":[{"not_picked":["Astrolabe","Busted Crown"],"picked":"Pandora\u0027s Box"},{"not_picked":["Cursed Key","SacredBark"],"picked":"Calling Bell"}],"items_purged_floors":[],"is_endless":false,"potions_floor_spawned":[1,6,12,14,16,18,19,22,23,25,27,29,31,33,35,38,39,40,42,46,47,48],"ascension_level":8}}