{"host":"y0i0tbisecj7yjyn","time":1614413109,"event":{"mods":["2.2 Compatiblity","AchievementEnabler","AlwaysNeverKeys","BaseMod","Better Third Choice","BetterRewards","Colored Map","Curses Come First","Disable Question Mark Monsters","Displayed Cursed Tome","Highlight Path","Keyboard Shortcuts","Minty Spire (QoL Compilation)","Quick Restart","Random Character Button","Rare Cards Sparkle","Reliquary","Smile Girya","StSLib","Transform Curses","Weighted Paths"],"gold_per_floor":[117,130,144,158,158,158,215,227,282,282,282,353,20,51,51,181,181,202,202,202,202,202,202,236,236,236,51,51,51,75,90,90,191,191,211,211,211],"floor_reached":36,"language":"ENG","playtime":2385,"items_purged":["Regret","Injury"],"score":634,"play_id":"fb53dedd-3731-4b82-b2c9-4f2890b966ea","local_time":"20210227020509","is_ascension_mode":true,"campfire_choices":[{"floor":6.0,"key":"REST"},{"floor":11,"key":"REST"},{"data":"Phantasmal Killer","floor":15,"key":"SMITH"},{"data":"Doppelganger","floor":23,"key":"SMITH"},{"data":"1","floor":25,"key":"LIFT"},{"data":"2","floor":32,"key":"LIFT"}],"circlet_count":0,"master_deck":["Strike_G","Strike_G","Strike_G","Strike_G","Strike_G+1","Defend_G","Defend_G","Defend_G","Defend_G","Defend_G","Survivor","Neutralize+1","Distraction","Underhanded Strike","Doppelganger+1","Bandage Up","Blade Dance","Deadly Poison","Outmaneuver","Phantasmal Killer+1","Blade Dance","Distraction","Prepared","Footwork","Caltrops","Dramatic Entrance+1","Accuracy","Flying Knee+1","Bullet Time","Catalyst"],"relics":["Ring of the Serpent","reliquary:RosewoodLute","Calipers","Boot","Chemical X","reliquary:HotPoker","WingedGreaves","Darkstone Periapt","reliquary:SharkskinSheath","Whetstone","Bloody Idol","Eternal Feather","Mercury Hourglass","reliquary:TuningFork","Nilry\u0027s Codex","Girya","Molten Egg 2","MutagenicStrength","Omamori","Black Star"],"acts_visited":["Exordium","TheCity","TheBeyond"],"potions_floor_usage":[20,31,33,36],"damage_taken":[{"damage":10.0,"enemies":"Small Slimes","floor":1.0,"turns":3.0},{"damage":0.0,"enemies":"2 Louse","floor":2.0,"turns":2.0},{"damage":2.0,"enemies":"Jaw Worm","floor":3.0,"turns":3.0},{"damage":4.0,"enemies":"Blue Slaver","floor":4.0,"turns":4.0},{"damage":1.0,"enemies":"3 Sentries","floor":7.0,"turns":4.0},{"damage":13,"enemies":"2 Fungi Beasts","floor":8,"turns":4},{"damage":15,"enemies":"3 Sentries","floor":14,"turns":6},{"damage":8,"enemies":"Slime Boss","floor":16,"turns":6},{"damage":3,"enemies":"Chosen","floor":18,"turns":3},{"damage":7,"enemies":"Shell Parasite","floor":20,"turns":3},{"damage":38,"enemies":"Book of Stabbing","floor":24,"turns":5},{"damage":16,"enemies":"Snecko","floor":31,"turns":5},{"damage":67,"enemies":"Automaton","floor":33,"turns":8},{"damage":40,"enemies":"3 Darklings","floor":35,"turns":4},{"damage":63,"enemies":"2 Orb Walkers","floor":36,"turns":4}],"seed_played":"4844133235941676572","potions_obtained":[{"floor":1.0,"key":"SteroidPotion"},{"floor":4.0,"key":"Fire Potion"},{"floor":7.0,"key":"SmokeBomb"},{"floor":24,"key":"Block Potion"},{"floor":31,"key":"BlessingOfTheForge"},{"floor":35,"key":"Poison Potion"}],"is_trial":false,"path_per_floor":["M","M","M","M","?","R","?","M","T","?","R","T","$","E","R","B",null,"M","?","M","?","?","R","E","R","T","$","?","?","T","M","R","B",null,"M","?"],"character_chosen":"THE_SILENT","items_purchased":["reliquary:RosewoodLute","Distraction","Underhanded Strike","Boot","Chemical X","reliquary:HotPoker","Doppelganger","Bandage Up","Mercury Hourglass","Dramatic Entrance+1"],"campfire_rested":2,"item_purchase_floors":[0,0,0,0,0,0,0,0,13,27],"current_hp_per_floor":[22,22,24,24,30,52,55,46,46,52,76,76,76,65,77,73,82,79,63,60,60,60,75,46,61,61,61,61,61,66,59,74,16,82,51,0,0],"gold":211,"neow_bonus":"","is_daily":false,"chose_seed":false,"campfire_upgraded":2,"win_rate":0.0,"timestamp":1614413109,"path_taken":["M","M","M","M","?","R","?","M","T","?","R","?","$","E","R","BOSS","M","?","M","?","?","R","E","R","T","$","?","?","?","M","R","BOSS","M","?"],"items_purchased_type":["Relic","Card","Card","Relic","Relic","Relic","Card","Card","Relic","Card"],"build_version":"2020-12-22","purchased_purges":2,"victory":false,"max_hp_per_floor":[70,70,70,70,76,76,76,76,76,82,82,82,82,82,82,82,82,82,82,82,82,82,82,82,82,82,82,82,82,82,82,82,82,82,82,82,82],"card_choices":[{"not_picked":["Cloak And Dagger","Dagger Throw"],"picked":"Blade Dance","floor":1.0},{"not_picked":["Slice","Riddle With Holes"],"picked":"Deadly Poison","floor":2.0},{"not_picked":["Dagger Throw","Slice"],"picked":"Outmaneuver","floor":3.0},{"not_picked":["Deadly Poison","Cloak And Dagger"],"picked":"Phantasmal Killer","floor":4.0},{"not_picked":["Flechettes","Bane"],"picked":"Blade Dance","floor":7.0},{"not_picked":["PiercingWail","Bouncing Flask"],"picked":"Distraction","floor":8},{"not_picked":["PiercingWail","Grand Finale"],"picked":"Prepared","floor":14},{"not_picked":["Deflect+1","Dagger Spray"],"picked":"Footwork","floor":18},{"not_picked":["Reflex+1","Terror"],"picked":"Caltrops","floor":24},{"not_picked":["Poisoned Stab+1","Underhanded Strike+1"],"picked":"Flying Knee+1","floor":31},{"not_picked":["Burst","Wraith Form v2"],"picked":"Bullet Time","floor":33},{"not_picked":["Outmaneuver","Bane+1"],"picked":"Catalyst","floor":35}],"player_experience":571721,"relics_obtained":[{"floor":7.0,"key":"reliquary:SharkskinSheath"},{"floor":9,"key":"Whetstone"},{"floor":12,"key":"Eternal Feather"},{"floor":14,"key":"reliquary:TuningFork"},{"floor":24,"key":"Girya"},{"floor":26,"key":"Molten Egg 2"},{"floor":30,"key":"Omamori"}],"event_choices":[{"damage_healed":0.0,"max_hp_gain":0.0,"max_hp_loss":0.0,"gold_gain":0.0,"event_name":"Big Fish","player_choice":"Box","floor":5.0,"gold_loss":0.0,"damage_taken":0.0,"relics_obtained":["Darkstone Periapt"],"cards_obtained":["Regret"]},{"damage_healed":0.0,"max_hp_gain":0.0,"max_hp_loss":0.0,"gold_gain":0.0,"event_name":"Dead Adventurer","player_choice":"Searched \u00271\u0027 times","floor":7.0,"gold_loss":0.0,"damage_taken":0.0},{"damage_healed":0,"gold_gain":0,"player_choice":"Take Wound","damage_taken":0,"relics_obtained":["Golden Idol"],"max_hp_gain":0,"max_hp_loss":0,"event_name":"Golden Idol","floor":10,"gold_loss":0,"cards_obtained":["Injury"]},{"damage_healed":0,"gold_gain":0,"player_choice":"Obtained Book","damage_taken":16,"max_hp_gain":0,"max_hp_loss":0,"event_name":"Cursed Tome","floor":19,"gold_loss":0},{"damage_healed":0,"gold_gain":0,"player_choice":"Gave Idol","damage_taken":0,"relics_obtained":["Bloody Idol"],"max_hp_gain":0,"max_hp_loss":0,"event_name":"Forgotten Altar","floor":21,"relics_lost":["Golden Idol"],"gold_loss":0},{"damage_healed":0,"gold_gain":0,"player_choice":"Ignored","damage_taken":0,"max_hp_gain":0,"max_hp_loss":0,"event_name":"Ghosts","floor":22,"gold_loss":0},{"damage_healed":0,"gold_gain":0,"player_choice":"Read","damage_taken":0,"max_hp_gain":0,"max_hp_loss":0,"event_name":"The Library","floor":28,"gold_loss":0,"cards_obtained":["Accuracy"]},{"damage_healed":0,"gold_gain":0,"player_choice":"Inject Mutagens","damage_taken":0,"relics_obtained":["MutagenicStrength"],"max_hp_gain":0,"max_hp_loss":0,"event_name":"Drug Dealer","floor":29,"gold_loss":0},{"damage_healed":0,"gold_gain":0,"player_choice":"Fight","damage_taken":0,"max_hp_gain":0,"max_hp_loss":0,"event_name":"Mysterious Sphere","floor":36,"gold_loss":0}],"is_beta":false,"boss_relics":[{"not_picked":["Velvet Choker","reliquary:Ember"],"picked":"Ring of the Serpent"},{"not_picked":["Astrolabe","reliquary:Craggleroot"],"picked":"Black Star"}],"items_purged_floors":[13,27],"is_endless":false,"potions_floor_spawned":[1,4,7,24,31,35],"killed_by":"2 Orb Walkers","ascension_level":4}}