{"host":"1ot21gvocus9hpzo","time":1614386868,"event":{"mods":["BaseMod","Colored Map","Colored Powertips","Infinite Spire","Minty Spire (QoL Compilation)","StSLib"],"gold_per_floor":[110,35,35,54,54,83,83,83,83],"floor_reached":8,"language":"ENG","playtime":206,"items_purged":["Strike_G"],"score":108,"play_id":"1a9c1e20-26eb-4e70-b689-e2a19d29f7b6","local_time":"20210226164748","is_ascension_mode":true,"campfire_choices":[{"floor":7,"key":"REST"}],"circlet_count":0,"master_deck":["AscendersBane","Strike_G+1","Strike_G","Strike_G","Strike_G","Defend_G","Defend_G","Defend_G","Defend_G","Defend_G","Survivor","Neutralize","Envenom+1","Riddle With Holes","Caltrops","Poisoned Stab"],"relics":["Ring of the Snake","Tingsha","Dream Catcher"],"acts_visited":["Exordium"],"potions_floor_usage":[6],"damage_taken":[{"damage":3,"enemies":"2 Louse","floor":1,"turns":4},{"damage":4,"enemies":"Jaw Worm","floor":4,"turns":4},{"damage":26,"enemies":"Gremlin Nob","floor":6,"turns":4},{"damage":31,"enemies":"3 Sentries","floor":8,"turns":5}],"seed_played":"-540238499835640889","potions_obtained":[{"floor":4,"key":"DistilledChaos"}],"is_trial":false,"path_per_floor":["M","$","?","M","T","E","R","E"],"character_chosen":"THE_SILENT","items_purchased":[],"campfire_rested":1,"item_purchase_floors":[],"current_hp_per_floor":[56,56,36,32,32,6,25,0,0],"gold":83,"neow_bonus":"ONE_RANDOM_RARE_CARD","is_daily":false,"chose_seed":false,"campfire_upgraded":0,"win_rate":0.0,"timestamp":1614386868,"path_taken":["M","$","?","M","?","E","R","E"],"items_purchased_type":[],"build_version":"2020-12-22","purchased_purges":1,"victory":false,"max_hp_per_floor":[66,66,66,66,66,66,66,66,66],"card_choices":[{"not_picked":["Backflip","Flechettes"],"picked":"Riddle With Holes","floor":1},{"not_picked":["Flying Knee","Choke"],"picked":"Caltrops","floor":4},{"not_picked":["Outmaneuver","Tools of the Trade","PiercingWail"],"picked":"SKIP","floor":6},{"not_picked":["Calculated Gamble","Deadly Poison"],"picked":"Poisoned Stab","floor":7}],"player_experience":3877012,"relics_obtained":[{"floor":5,"key":"Tingsha"},{"floor":6,"key":"Dream Catcher"}],"event_choices":[{"damage_healed":0,"gold_gain":0,"player_choice":"Entered Light","damage_taken":20,"max_hp_gain":0,"max_hp_loss":0,"event_name":"Shining Light","floor":3,"gold_loss":0,"cards_upgraded":["Strike_G","Envenom"]}],"is_beta":false,"boss_relics":[],"items_purged_floors":[2],"is_endless":false,"potions_floor_spawned":[4],"killed_by":"3 Sentries","ascension_level":20}}