{"host":"d73an99q9oevilk5","time":1614405721,"event":{"mods":["2.2 Compatiblity","AchievementEnabler","Act Like it!","Aspiration","BaseMod","Beaked The Cultist","Better Third Choice","BetterRewards","Bossed Relics","Colored Map","Colored Powertips","Conspire","Downfall","GifTheSpireLib","GungeonMod","Halation","Hubris","Infinite Spire","Marisa????????","Mimic Mod","Minty Spire (QoL Compilation)","MostiFishMod","Quick Restart","Relic Sorter","Reliquary","Replay The Spire","Shop Mod","Spikes Relics","StSLib","Stuff the Spire","The Cursed","The Jungle","The Necromancer","The Saiyan","TheHero","Waifu the Spire","egg","slay the spire mod where everything is the same but ironclad has a cowboy hat"],"gold_per_floor":[114,39,39,39,59,88,88,105,140,159,185,195,28,39,39,142,142,155,170,170,270,287,312,312,328,353,372,392,408,408,408,408,512,512,528,546,375,375,0,0,0,20,51,78,78,78,105,105,105,105],"floor_reached":51,"language":"ENG","playtime":1612,"items_purged":[],"score":1387,"play_id":"b96685a2-4e23-49b2-a034-40ead59317ca","local_time":"20210226230201","is_ascension_mode":false,"campfire_choices":[{"data":"MostiFishMod:JungleRules","floor":24,"key":"SMITH"},{"data":"Defragment","floor":32,"key":"SMITH"},{"data":"BasicCrystalCard","floor":40,"key":"SMITH"},{"data":"CurseOfTheBell","floor":49,"key":"SMITH"}],"circlet_count":0,"master_deck":["Strike_B","Strike_B","Strike_B","Strike_B+1","Defend_B","Defend_B+1","Defend_B","Defend_B","Zap","Dualcast+1","conspire:SharedLibrary+1","Cold Snap","hubris:PowerSurge+1","MostiFishMod:Hijack","BasicCrystalCard","Ball Lightning","Leap","Amplify","Conserve Battery","MostiFishMod:JungleRules+1","Conserve Battery","Reboot","Defragment+1","Barrage","Chaos","Conserve Battery+1","MostiFishMod:ReadyAimFire+1","BasicCrystalCard+1","Chill+1","White Noise+1","Cold Snap+1"],"relics":["Cracked Core","DianPoetry","DaveBox","SacredBark","halation:Komachan","aspiration:MysteriousAuxiliaryCore","SynthV:TestCard","beaked:ShinyBauble","infinitespire:Broken Mirror","Pen Nib","hubris:ScarierMask","halation:AfternoonTea","Replay:Baseball","Prayer Wheel","Calling Bell","halation:PrussianBluePaint","RoseTintedShades","DemoMod:VorpalBullet","Civilization","halation:PinkSoulGem","Red Mask","hubris:SoftwareUpdate","DemoMod:GlassGuonStoneRelic","reliquary:RosewoodLute","StuffTheSpire:PointBlank"],"acts_visited":["Exordium","TheCity","TheBeyond"],"potions_floor_usage":[16,16,23,33,33,50,50,50],"damage_taken":[{"damage":6,"enemies":"Cultist","floor":1,"turns":3},{"damage":0,"enemies":"2 Louse","floor":5,"turns":2},{"damage":0,"enemies":"Replay:BlueRogue","floor":6,"turns":5},{"damage":0,"enemies":"conspire:RoseBush","floor":8,"turns":2},{"damage":0,"enemies":"Blue Slaver","floor":9,"turns":4},{"damage":2,"enemies":"Blue Slaver","floor":10,"turns":2},{"damage":7,"enemies":"Gremlin Nob","floor":11,"turns":3},{"damage":0,"enemies":"Gremlin Gang","floor":12,"turns":2},{"damage":4,"enemies":"Red Slaver","floor":14,"turns":3},{"damage":0,"enemies":"Hexaghost","floor":16,"turns":2},{"damage":1,"enemies":"Chosen","floor":18,"turns":3},{"damage":3,"enemies":"Spheric Guardian","floor":19,"turns":3},{"damage":0,"enemies":"conspire:HollyBat","floor":22,"turns":7},{"damage":0,"enemies":"Gremlin Leader","floor":23,"turns":6},{"damage":0,"enemies":"3 Cultists","floor":25,"turns":2},{"damage":0,"enemies":"Shelled Parasite and Fungi","floor":27,"turns":2},{"damage":0,"enemies":"Chosen and Byrds","floor":28,"turns":3},{"damage":0,"enemies":"Cultist and Chosen","floor":29,"turns":6},{"damage":0,"enemies":"conspire:MysteriousRune","floor":33,"turns":5},{"damage":3,"enemies":"3 Shapes","floor":35,"turns":2},{"damage":7,"enemies":"3 Darklings","floor":36,"turns":2},{"damage":0,"enemies":"Jaw Worm Horde","floor":42,"turns":2},{"damage":0,"enemies":"Spire Growth","floor":43,"turns":4},{"damage":0,"enemies":"Reptomancer","floor":44,"turns":3},{"damage":0,"enemies":"beaked:SuperParasite","floor":47,"turns":5},{"damage":0,"enemies":"hubris:GrandSnecko","floor":50,"turns":5}],"seed_played":"-4450747769157499947","potions_obtained":[{"floor":1,"key":"Strength Potion"},{"floor":5,"key":"Weak Potion"},{"floor":10,"key":"DuplicationPotion"},{"floor":16,"key":"PowerPotion"},{"floor":18,"key":"PowerPotion"},{"floor":25,"key":"Strength Potion"},{"floor":29,"key":"BlessingOfTheForge"},{"floor":33,"key":"SteroidPotion"},{"floor":44,"key":"GamblersBrew"},{"floor":47,"key":"PotionOfCapacity"}],"is_trial":false,"path_per_floor":["M","$","?","?","M","E","?","M","MIM","M","E","M","$","M","R_BF","B",null,"M","M","?","?","M","E","R","M","T","M","M","M","$","?","R","B",null,"M","M","$","?","?","R","$","M","MIM","E","?","$","E","?","R","B",null],"character_chosen":"DEFECT","items_purchased":["halation:Komachan","aspiration:MysteriousAuxiliaryCore","conspire:SharedLibrary","hubris:PowerSurge","MostiFishMod:JungleRules","Civilization","BasicCrystalCard"],"campfire_rested":0,"item_purchase_floors":[0,0,0,2,13,37,37],"current_hp_per_floor":[69,69,69,54,54,54,54,54,55,53,46,49,49,45,68,68,78,77,74,74,74,74,74,74,74,74,74,74,74,74,74,74,74,78,75,68,68,68,68,68,68,70,73,77,77,77,82,102,102,107],"gold":105,"neow_bonus":"","is_daily":false,"chose_seed":false,"campfire_upgraded":4,"win_rate":0.0,"timestamp":1614405721,"path_taken":["M","?","?","?","M","E","?","M","MIM","M","E","?","?","M","R_BF","BOSS","M","M","?","?","?","E","R","?","T","M","M","M","$","?","R","BOSS","M","M","$","?","?","R","?","M","MIM","E","?","?","E","?","R","BOSS"],"items_purchased_type":["Relic","Relic","Card","Card","Card","Relic","Card"],"build_version":"2020-12-22","purchased_purges":0,"victory":true,"max_hp_per_floor":[75,75,75,75,75,75,75,75,75,75,75,78,78,78,78,78,78,78,78,78,78,78,78,78,78,78,78,78,78,78,78,78,78,78,78,78,78,78,78,78,78,80,83,87,87,87,92,102,102,107],"card_choices":[{"not_picked":["Ball Lightning","Redo"],"picked":"Cold Snap","floor":1},{"not_picked":["DiskWipe","StuffTheSpire:CleanHardDrive","MostiFishMod:PushDownKick","ReplaySolidLightProjector","Reprogram"],"picked":"SKIP","floor":5},{"not_picked":["Static Discharge","StuffTheSpire:ShieldGenerator","StuffTheSpire:Rend","Reboot"],"picked":"MostiFishMod:Hijack","floor":6},{"not_picked":["Compile Driver","Steam","Coolheaded","Turbo"],"picked":"BasicCrystalCard","floor":8},{"not_picked":["Tempest","StuffTheSpire:LoadUp","Stack","StuffTheSpire:ShieldGenerator"],"picked":"Ball Lightning","floor":9},{"not_picked":["Gash","StuffTheSpire:SnapShoot","Auto Shields","hubris:PowerSurge"],"picked":"Leap","floor":10},{"not_picked":["Doom and Gloom","RefreshScreen","Streamline","Hello World"],"picked":"Amplify","floor":11},{"not_picked":["Genetic Algorithm","StuffTheSpire:Coldhearted","hubris:PowerSurge","Gash"],"picked":"Conserve Battery","floor":12},{"not_picked":["Panic Button","Ball Lightning","Barrage","Coolheaded"],"picked":"Conserve Battery","floor":14},{"not_picked":["MostiFishMod:Culaccino","MostiFishMod:ActiveDefenseSystem","MostiFishMod:Overload","ReplayTheSpireMod:Omega Cannon"],"picked":"Reboot","floor":16},{"not_picked":["Static Discharge+1","Rebound+1","Coolheaded","Ball Lightning","Steam"],"picked":"SKIP","floor":18},{"not_picked":["Reinforced Body","ReplayTheSpireMod:Reroute Power","Hologram","Double Energy","Sweeping Beam+1"],"picked":"SKIP","floor":19},{"not_picked":["aspiration:Polymerization+1","Fusion","StuffTheSpire:Coldhearted","ReplayGash","ReplayTheSpireMod:Dual Polarity"],"picked":"SKIP","floor":22},{"not_picked":["Steam+1","Seek","StuffTheSpire:Plugnplay","Redo","StuffTheSpire:SnapShoot"],"picked":"SKIP","floor":23},{"not_picked":["StuffTheSpire:CleanHardDrive+1","StuffTheSpire:LoadUp","MostiFishMod:PushDownKick","Scrape"],"picked":"Defragment","floor":25},{"not_picked":["aspiration:Polymerization","StuffTheSpire:LoadUp","StuffTheSpire:CleanHardDrive+1","Compile Driver","MostiFishMod:PushDownKick"],"picked":"SKIP","floor":27},{"not_picked":["MostiFishMod:InterfaceCompatibility","Coolheaded","Leap","Turbo","MostiFishMod:PushDownKick"],"picked":"SKIP","floor":28},{"not_picked":["Hologram","MostiFishMod:FluxCapactior+1","Leap","conspire:SharedLibrary"],"picked":"Barrage","floor":29},{"not_picked":["Cold Snap","Hologram","Turbo","Steam"],"picked":"Chaos","floor":29},{"not_picked":["Steam Power+1","Double Energy+1","aspiration:Polymerization+1","Cold Snap"],"picked":"Conserve Battery+1","floor":35},{"not_picked":["BootSequence+1","StuffTheSpire:Rend","Hologram+1","Sweeping Beam","aspiration:Polymerization"],"picked":"SKIP","floor":35},{"not_picked":["Barrage+1","Panic Button","Gash+1","Redo"],"picked":"MostiFishMod:ReadyAimFire","floor":36},{"not_picked":["Go for the Eyes+1","Skim","Conserve Battery+1","Sweeping Beam","Beam Cell+1"],"picked":"SKIP","floor":36},{"not_picked":["Steam+1","Redo","ReplayTheSpireMod:Dual Polarity+1","Leap+1"],"picked":"Chill+1","floor":42},{"not_picked":["Turbo","Ball Lightning+1","Beam Cell+1","StuffTheSpire:LoadUp+1"],"picked":"White Noise+1","floor":42},{"not_picked":["Leap+1","Compile Driver","Sweeping Beam","MostiFishMod:Overload","Streamline+1"],"picked":"SKIP","floor":44},{"not_picked":["PanicButton","MostiFishMod:ForestofLight","Blind","PlatinumSkin"],"picked":"DemoMod:Invincible","floor":45},{"not_picked":["MostiFishMod:Impulse","Darkness+1","Turbo","Ball Lightning+1"],"picked":"Cold Snap+1","floor":47}],"player_experience":2011984,"relics_obtained":[{"floor":1,"key":"SynthV:TestCard"},{"floor":6,"key":"beaked:ShinyBauble"},{"floor":9,"key":"infinitespire:Broken Mirror"},{"floor":11,"key":"Pen Nib"},{"floor":23,"key":"halation:AfternoonTea"},{"floor":26,"key":"Replay:Baseball"},{"floor":34,"key":"halation:PrussianBluePaint"},{"floor":34,"key":"RoseTintedShades"},{"floor":34,"key":"DemoMod:VorpalBullet"},{"floor":43,"key":"hubris:SoftwareUpdate"},{"floor":44,"key":"reliquary:RosewoodLute"},{"floor":47,"key":"StuffTheSpire:PointBlank"}],"event_choices":[{"damage_healed":69,"gold_gain":0,"player_choice":"Upgrade","damage_taken":15,"max_hp_gain":0,"max_hp_loss":75,"event_name":"betterThird:BetterShining","floor":4,"gold_loss":0,"cards_upgraded":["Defend_B","Dualcast"]},{"damage_healed":0,"gold_gain":0,"player_choice":"Leave","damage_taken":0,"max_hp_gain":0,"max_hp_loss":0,"event_name":"conspire:Investor","floor":20,"gold_loss":0},{"damage_healed":0,"gold_gain":100,"player_choice":"Pray","damage_taken":0,"max_hp_gain":0,"max_hp_loss":0,"event_name":"Golden Shrine","floor":21,"gold_loss":0},{"damage_healed":0,"gold_gain":0,"player_choice":"Paid","damage_taken":0,"relics_obtained":["Red Mask"],"max_hp_gain":0,"max_hp_loss":0,"event_name":"Tomb of Lord Red Mask","floor":39,"gold_loss":375},{"damage_healed":0,"gold_gain":0,"player_choice":"Memory 1","damage_taken":0,"max_hp_gain":0,"max_hp_loss":0,"event_name":"SensoryStone","floor":45,"gold_loss":0},{"cards_removed":["DemoMod:Invincible"],"damage_healed":10,"gold_gain":0,"player_choice":"Offered Rare","damage_taken":0,"max_hp_gain":10,"max_hp_loss":0,"event_name":"Bonfire Elementals","floor":48,"gold_loss":0}],"is_beta":false,"boss_relics":[{"not_picked":["FrozenCore","TimeKeys"],"picked":"hubris:ScarierMask"},{"not_picked":["halation:Risk","Transparent"],"picked":"Calling Bell"}],"items_purged_floors":[],"is_endless":false,"potions_floor_spawned":[1,5,10,11,16,18,22,25,29,33,44,47],"ascension_level":0}}