{"host":"n2sr453jcjz6vvl4","time":1614437379,"event":{"mods":["BaseMod","Colored Map","Minty Spire (QoL Compilation)","Permanent Neow","Relic Stats","StSLib"],"gold_per_floor":[114,114,44,44,61,61,91,91,91,119,133,148,167,182,182,287,287,301,291,301,301,6,40,2,2,2,2,2,18,18,34,34,138,138,149,149,149,160,13,48,48,76,76,93,93,15,15,29,29,29],"floor_reached":51,"language":"ENG","playtime":4200,"items_purged":["Defend_G"],"score":948,"play_id":"497f5583-c23d-4f1a-94bc-ee71afea105a","local_time":"20210227104939","is_ascension_mode":true,"campfire_choices":[{"floor":6,"key":"REST"},{"floor":8,"key":"REST"},{"floor":15,"key":"REST"},{"floor":25,"key":"DIG"},{"data":"Catalyst","floor":27,"key":"SMITH"},{"floor":30,"key":"DIG"},{"floor":32,"key":"DIG"},{"floor":45,"key":"REST"},{"floor":47,"key":"DIG"},{"data":"1","floor":49,"key":"LIFT"}],"circlet_count":0,"master_deck":["Strike_G","Strike_G","Strike_G","Strike_G","Defend_G","Defend_G","Defend_G+1","Defend_G+1","Survivor","Neutralize","Blur","Noxious Fumes","Poisoned Stab","Blur","Deadly Poison","Deadly Poison","Blur","Dash","Riddle With Holes","Malaise","Skewer+1","Catalyst+1","Crippling Poison","Bane","Venomology","Flying Knee+1","Backflip+1","Backflip","Parasite"],"relics":["Ring of the Snake","Shovel","War Paint","Toy Ornithopter","Mango","MealTicket","Snecko Eye","Dream Catcher","Membership Card","Bronze Scales","Bag of Preparation","Happy Flower","Turnip","Frozen Egg 2","Darkstone Periapt","Bottled Tornado","Busted Crown","Ancient Tea Set","Art of War","Ninja Scroll","Oddly Smooth Stone","PreservedInsect","Orichalcum","Girya"],"acts_visited":["Exordium","TheCity","TheBeyond"],"potions_floor_usage":[7,14,16,16,20,20,31,33,33,40,42,42,42,50,50,50,50],"damage_taken":[{"damage":13,"enemies":"Jaw Worm","floor":1,"turns":5},{"damage":5,"enemies":"Small Slimes","floor":5,"turns":4},{"damage":27,"enemies":"3 Sentries","floor":7,"turns":8},{"damage":23,"enemies":"Gremlin Nob","floor":10,"turns":6},{"damage":0,"enemies":"Cultist","floor":11,"turns":4},{"damage":13,"enemies":"Lots of Slimes","floor":12,"turns":6},{"damage":29,"enemies":"Exordium Thugs","floor":13,"turns":6},{"damage":5,"enemies":"2 Fungi Beasts","floor":14,"turns":4},{"damage":43,"enemies":"Hexaghost","floor":16,"turns":10},{"damage":0,"enemies":"Spheric Guardian","floor":18,"turns":4},{"damage":0,"enemies":"2 Thieves","floor":19,"turns":4},{"damage":37,"enemies":"Centurion and Healer","floor":20,"turns":7},{"damage":11,"enemies":"Book of Stabbing","floor":23,"turns":5},{"damage":0,"enemies":"Snake Plant","floor":29,"turns":4},{"damage":4,"enemies":"Chosen and Byrds","floor":31,"turns":3},{"damage":70,"enemies":"Champ","floor":33,"turns":12},{"damage":0,"enemies":"3 Shapes","floor":35,"turns":7},{"damage":0,"enemies":"Orb Walker","floor":38,"turns":2},{"damage":0,"enemies":"Reptomancer","floor":40,"turns":7},{"damage":73,"enemies":"Nemesis","floor":42,"turns":9},{"damage":0,"enemies":"Maw","floor":44,"turns":7},{"damage":3,"enemies":"Writhing Mass","floor":48,"turns":5},{"damage":66,"enemies":"Awakened One","floor":50,"turns":15}],"seed_played":"-3005014661919269026","potions_obtained":[{"floor":1,"key":"Ancient Potion"},{"floor":4,"key":"EntropicBrew"},{"floor":4,"key":"ColorlessPotion"},{"floor":12,"key":"FairyPotion"},{"floor":14,"key":"Fruit Juice"},{"floor":19,"key":"Regen Potion"},{"floor":23,"key":"Explosive Potion"},{"floor":29,"key":"EssenceOfSteel"},{"floor":35,"key":"SpeedPotion"},{"floor":42,"key":"SkillPotion"},{"floor":48,"key":"Energy Potion"}],"is_trial":false,"path_per_floor":["M","?","$","?","M","R","E","R","T","E","M","M","M","M","R","B",null,"M","M","M","?","$","E","$","R","T","R","$","M","R","M","R","B",null,"M","?","?","M","$","E","$","E","T","M","R","$","R","M","R","B",null],"character_chosen":"THE_SILENT","items_purchased":["Noxious Fumes","Membership Card","Bronze Scales","Bag of Preparation","Ancient Tea Set","Art of War","Orichalcum"],"campfire_rested":4,"item_purchase_floors":[3,22,22,22,39,39,46],"current_hp_per_floor":[50,25,25,25,20,38,11,29,43,20,20,7,7,12,36,3,62,62,62,35,35,50,39,54,54,54,54,69,69,69,70,70,19,66,66,66,66,66,81,82,82,19,19,19,43,58,58,61,61,15],"gold":29,"neow_bonus":"ONE_RARE_RELIC","is_daily":false,"chose_seed":false,"campfire_upgraded":1,"win_rate":0.0,"timestamp":1614437379,"path_taken":["M","?","$","?","M","R","E","R","T","E","M","?","M","?","R","BOSS","M","M","M","?","$","E","$","R","T","R","?","M","R","M","R","BOSS","M","?","?","M","$","E","$","E","T","M","R","?","R","M","R","BOSS"],"items_purchased_type":["Card","Relic","Relic","Relic","Relic","Relic","Relic"],"build_version":"2020-12-22","purchased_purges":1,"victory":true,"max_hp_per_floor":[63,63,63,63,63,63,63,63,77,77,77,77,77,82,82,82,82,82,82,82,82,82,82,82,82,82,82,82,82,82,82,82,82,82,82,82,82,82,82,82,82,82,82,82,82,82,82,88,88,88],"relic_stats":{"Darkstone Periapt":6,"Happy Flower":[23],"counters":[23,144],"PreservedInsect":0,"Bag of Preparation":[7],"War Paint":["Defend_G","Defend_G"],"Orichalcum":[24],"Dream Catcher":1,"Shovel":4,"Busted Crown":16,"Bronze Scales":[238],"Snecko Eye":[154,155,162,149],"MealTicket":75,"Turnip":[11],"Art of War":[3],"obtain_stats":[{"Darkstone Periapt":30,"Girya":47,"Happy Flower":23,"Oddly Smooth Stone":42,"Mango":9,"PreservedInsect":43,"Bag of Preparation":22,"War Paint":2,"Frozen Egg 2":26,"Bottled Tornado":32,"Orichalcum":46,"Ancient Tea Set":39,"Dream Catcher":21,"Shovel":0,"Busted Crown":34,"Ninja Scroll":40,"Bronze Scales":22,"Snecko Eye":17,"MealTicket":10,"Turnip":25,"Art of War":39,"Membership Card":22,"Toy Ornithopter":7,"Ring of the Snake":0},{"Darkstone Periapt":14,"Girya":21,"Happy Flower":13,"Oddly Smooth Stone":20,"Mango":3,"PreservedInsect":20,"Bag of Preparation":12,"War Paint":1,"Frozen Egg 2":13,"Bottled Tornado":15,"Orichalcum":21,"Ancient Tea Set":18,"Dream Catcher":12,"Shovel":0,"Busted Crown":16,"Ninja Scroll":19,"Bronze Scales":12,"Snecko Eye":9,"MealTicket":4,"Turnip":13,"Art of War":18,"Membership Card":12,"Toy Ornithopter":3,"Ring of the Snake":0},{"Darkstone Periapt":77,"Girya":124,"Happy Flower":73,"Oddly Smooth Stone":117,"Mango":17,"PreservedInsect":117,"Bag of Preparation":68,"War Paint":5,"Frozen Egg 2":73,"Bottled Tornado":80,"Orichalcum":124,"Ancient Tea Set":101,"Dream Catcher":68,"Shovel":0,"Busted Crown":92,"Ninja Scroll":108,"Bronze Scales":68,"Snecko Eye":53,"MealTicket":23,"Turnip":73,"Art of War":101,"Membership Card":68,"Toy Ornithopter":17,"Ring of the Snake":0}],"Toy Ornithopter":71,"Ring of the Snake":[38]},"card_choices":[{"not_picked":["Outmaneuver","Dagger Throw"],"picked":"Blur","floor":1},{"not_picked":["Slice","Quick Slash"],"picked":"Poisoned Stab","floor":5},{"not_picked":["Eviscerate","Distraction"],"picked":"Blur","floor":7},{"not_picked":["Endless Agony","Prepared"],"picked":"Deadly Poison","floor":10},{"not_picked":["Masterful Stab","Poisoned Stab"],"picked":"Deadly Poison","floor":11},{"not_picked":["Deadly Poison","Outmaneuver"],"picked":"Blur","floor":12},{"not_picked":["Dagger Throw","Prepared"],"picked":"Dash","floor":13},{"not_picked":["Acrobatics","Setup"],"picked":"Riddle With Holes","floor":14},{"not_picked":["Storm of Steel","Grand Finale"],"picked":"Malaise","floor":16},{"not_picked":["Outmaneuver","Tactician"],"picked":"Skewer+1","floor":18},{"not_picked":["Prepared","Calculated Gamble","Concentrate"],"picked":"SKIP","floor":19},{"not_picked":["Reflex+1","Outmaneuver"],"picked":"Catalyst","floor":20},{"not_picked":["Predator","Dash"],"picked":"Crippling Poison","floor":23},{"not_picked":["All Out Attack","Poisoned Stab"],"picked":"Bane","floor":29},{"not_picked":["Accuracy+1","Die Die Die","Deflect+1"],"picked":"SKIP","floor":31},{"not_picked":["Storm of Steel","Phantasmal Killer"],"picked":"Venomology","floor":33},{"not_picked":["Dagger Throw"],"picked":"SKIP","floor":35},{"not_picked":["Outmaneuver+1"],"picked":"SKIP","floor":38},{"not_picked":[],"picked":"Flying Knee+1","floor":40},{"not_picked":[],"picked":"Backflip+1","floor":42},{"not_picked":["Poisoned Stab+1"],"picked":"SKIP","floor":44},{"not_picked":[],"picked":"Backflip","floor":45},{"not_picked":["Cloak And Dagger"],"picked":"SKIP","floor":48}],"player_experience":264364,"relics_obtained":[{"floor":7,"key":"Toy Ornithopter"},{"floor":9,"key":"Mango"},{"floor":10,"key":"MealTicket"},{"floor":21,"key":"Dream Catcher"},{"floor":23,"key":"Happy Flower"},{"floor":25,"key":"Turnip"},{"floor":26,"key":"Frozen Egg 2"},{"floor":30,"key":"Darkstone Periapt"},{"floor":32,"key":"Bottled Tornado"},{"floor":40,"key":"Ninja Scroll"},{"floor":42,"key":"Oddly Smooth Stone"},{"floor":43,"key":"PreservedInsect"},{"floor":47,"key":"Girya"}],"event_choices":[{"damage_healed":0,"gold_gain":0,"player_choice":"Success","damage_taken":25,"relics_obtained":["War Paint"],"max_hp_gain":0,"max_hp_loss":0,"event_name":"Scrap Ooze","floor":2,"gold_loss":0},{"damage_healed":0,"gold_gain":0,"player_choice":"Got Potions","damage_taken":0,"max_hp_gain":0,"max_hp_loss":0,"event_name":"Lab","floor":4,"gold_loss":0},{"damage_healed":0,"gold_gain":0,"player_choice":"Relic","damage_taken":0,"max_hp_gain":0,"max_hp_loss":0,"event_name":"Wheel of Change","floor":21,"gold_loss":0},{"damage_healed":0,"gold_gain":0,"player_choice":"Memory 1","damage_taken":0,"max_hp_gain":0,"max_hp_loss":0,"event_name":"SensoryStone","floor":36,"gold_loss":0},{"cards_removed":["Strike_G"],"damage_healed":0,"gold_gain":0,"player_choice":"Removed Attack","damage_taken":0,"max_hp_gain":0,"max_hp_loss":0,"event_name":"Falling","floor":37,"gold_loss":0}],"is_beta":false,"boss_relics":[{"not_picked":["Cursed Key","Runic Dome"],"picked":"Snecko Eye"},{"not_picked":["WristBlade","Calling Bell"],"picked":"Busted Crown"}],"items_purged_floors":[24],"is_endless":false,"potions_floor_spawned":[1,12,14,16,19,23,29,35,42,48],"ascension_level":6}}