{"host":"pnjthw6sukprvbcr","time":1614461662,"event":{"mods":["AchievementEnabler","BaseMod","Block Reminder","Highlight Path","Minty Spire (QoL Compilation)","Relic Stats"],"gold_per_floor":[209,221,27,46,64,64,91,103,140,178,190,202,226,272,284,401,413,409,421,443,465,36,36,50,50,75,109,30,30,30,55,55,158,158,178,192,205,205,205,205,205,205,205,236,252,271,282,282,282,282,282],"floor_reached":50,"language":"ENG","playtime":2820,"items_purged":[],"score":627,"play_id":"3e12d4d5-657a-499d-b620-3136bf180904","local_time":"20210227163422","is_ascension_mode":true,"campfire_choices":[{"data":"Panache","floor":6.0,"key":"SMITH"},{"data":"Blade Dance","floor":8.0,"key":"SMITH"},{"data":"Blade Dance","floor":15.0,"key":"SMITH"},{"floor":23.0,"key":"RECALL"},{"data":"Panache","floor":25.0,"key":"SMITH"},{"data":"Neutralize","floor":30.0,"key":"SMITH"},{"data":"1","floor":32.0,"key":"LIFT"},{"data":"2","floor":40.0,"key":"LIFT"},{"data":"3","floor":42.0,"key":"LIFT"},{"floor":49,"key":"REST"}],"circlet_count":0,"master_deck":["Strike_G","Strike_G","Defend_G","Defend_G","Defend_G","Defend_G","Defend_G","Survivor","Neutralize+1","Blade Dance+1","Bouncing Flask","Panache+1","Blade Dance+1","Infinite Blades","Escape Plan","PiercingWail","Prepared","Corpse Explosion","Bullet Time","Dash+1","Sucker Punch+1","Panache+1","Slice+1","A Thousand Cuts","Accuracy","Heel Hook","Adrenaline+1","Deflect","Sucker Punch+1","Finisher","PiercingWail","Parasite","Backflip+1","Deflect+1"],"relics":["Ring of the Snake","MawBank","Blood Vial","Odd Mushroom","Vajra","Dream Catcher","Empty Cage","Tiny Chest","Kunai","Lantern","MutagenicStrength","Girya","Fusion Hammer","Question Card","Darkstone Periapt","Ancient Tea Set"],"acts_visited":["Exordium","TheCity","TheBeyond"],"potions_floor_usage":[50,50],"damage_taken":[{"damage":1.0,"enemies":"Cultist","floor":1.0,"turns":5.0},{"damage":1.0,"enemies":"2 Louse","floor":2.0,"turns":4.0},{"damage":0.0,"enemies":"Jaw Worm","floor":4.0,"turns":2.0},{"damage":0.0,"enemies":"2 Fungi Beasts","floor":5.0,"turns":1.0},{"damage":17.0,"enemies":"3 Sentries","floor":7.0,"turns":7.0},{"damage":2.0,"enemies":"The Mushroom Lair","floor":10.0,"turns":2.0},{"damage":0.0,"enemies":"Lots of Slimes","floor":13.0,"turns":1.0},{"damage":0.0,"enemies":"Gremlin Nob","floor":14.0,"turns":2.0},{"damage":38.0,"enemies":"Slime Boss","floor":16.0,"turns":7.0},{"damage":12.0,"enemies":"2 Thieves","floor":18.0,"turns":4.0},{"damage":0.0,"enemies":"Shell Parasite","floor":20.0,"turns":4.0},{"damage":1.0,"enemies":"Cultist and Chosen","floor":21.0,"turns":4.0},{"damage":5.0,"enemies":"Snake Plant","floor":24.0,"turns":4.0},{"damage":6.0,"enemies":"Book of Stabbing","floor":27.0,"turns":4.0},{"damage":0.0,"enemies":"Slavers","floor":31.0,"turns":1.0},{"damage":45.0,"enemies":"Automaton","floor":33.0,"turns":7.0},{"damage":0.0,"enemies":"3 Darklings","floor":35.0,"turns":1.0},{"damage":0.0,"enemies":"Orb Walker","floor":36.0,"turns":2.0},{"damage":12.0,"enemies":"4 Shapes","floor":37.0,"turns":4.0},{"damage":22,"enemies":"Nemesis","floor":44,"turns":5},{"damage":26,"enemies":"3 Darklings","floor":45,"turns":4},{"damage":2,"enemies":"Transient","floor":46,"turns":5},{"damage":0,"enemies":"Writhing Mass","floor":47,"turns":4},{"damage":69,"enemies":"Time Eater","floor":50,"turns":11}],"seed_played":"-3939671806237128741","potions_obtained":[{"floor":4.0,"key":"DuplicationPotion"},{"floor":5.0,"key":"Poison Potion"},{"floor":7.0,"key":"PowerPotion"},{"floor":14.0,"key":"EssenceOfSteel"},{"floor":21.0,"key":"Fire Potion"},{"floor":24.0,"key":"Energy Potion"},{"floor":31.0,"key":"FairyPotion"},{"floor":33.0,"key":"EssenceOfSteel"},{"floor":44,"key":"DuplicationPotion"},{"floor":45,"key":"LiquidMemories"}],"is_trial":false,"path_per_floor":["M","M","$","M","M","R","E","R","T","?","?","$","M","E","R","B",null,"M","?","M","M","$","R","M","R","T","E","$","?","R","E","R","B",null,"M","M","M","$","T","R","?","R","T","E","M","M","M","?","R","B"],"character_chosen":"THE_SILENT","items_purchased":["Panache","Kunai","Panache","Accuracy"],"campfire_rested":1,"item_purchase_floors":[3,22,22,28],"current_hp_per_floor":[69,68,68,68,68,68,51,51,51,51,48,48,50,52,52,16,70,58,58,60,61,61,61,58,58,58,54,54,54,54,56,56,13,70,70,70,58,58,58,58,58,58,58,38,14,14,22,22,44,0,0],"gold":282,"neow_bonus":"HUNDRED_GOLD","is_daily":false,"chose_seed":false,"campfire_upgraded":5,"win_rate":0.0,"timestamp":1614461662,"path_taken":["M","?","$","M","M","R","E","R","T","?","?","$","M","E","R","BOSS","M","?","M","?","$","R","M","R","T","E","?","?","R","E","R","BOSS","M","M","M","$","?","R","?","R","T","E","M","?","M","?","R","BOSS"],"items_purchased_type":["Card","Relic","Card","Card"],"build_version":"2020-12-22","purchased_purges":0,"victory":false,"max_hp_per_floor":[70,70,70,70,70,70,70,70,70,70,70,70,70,70,70,70,70,70,70,70,70,70,70,70,70,70,70,70,70,70,70,70,70,70,70,70,70,70,70,70,70,70,70,70,70,70,76,76,76,76,76],"relic_stats":{"Blood Vial":30,"Darkstone Periapt":6,"Dream Catcher":1,"counters":[24,95],"Tiny Chest":1,"Kunai":[31],"MawBank":180,"Question Card":5,"obtain_stats":[{"Darkstone Periapt":43,"Girya":31,"Lantern":27,"Vajra":11,"Odd Mushroom":10,"MawBank":7,"Empty Cage":17,"Question Card":39,"Ancient Tea Set":44,"Blood Vial":9,"Dream Catcher":14,"MutagenicStrength":29,"Tiny Chest":19,"Fusion Hammer":34,"Kunai":22,"Ring of the Snake":0},{"Darkstone Periapt":19,"Girya":15,"Lantern":14,"Vajra":6,"Odd Mushroom":6,"MawBank":5,"Empty Cage":9,"Question Card":19,"Ancient Tea Set":20,"Blood Vial":5,"Dream Catcher":8,"MutagenicStrength":14,"Tiny Chest":10,"Fusion Hammer":16,"Kunai":12,"Ring of the Snake":0},{"Darkstone Periapt":66,"Girya":52,"Lantern":51,"Vajra":21,"Odd Mushroom":21,"MawBank":19,"Empty Cage":31,"Question Card":66,"Ancient Tea Set":71,"Blood Vial":19,"Dream Catcher":24,"MutagenicStrength":51,"Tiny Chest":35,"Fusion Hammer":59,"Kunai":43,"Ring of the Snake":0}],"Ring of the Snake":[48]},"card_choices":[{"not_picked":["Underhanded Strike","Deadly Poison"],"picked":"Blade Dance","floor":1.0},{"not_picked":["Well Laid Plans","Backflip"],"picked":"Bouncing Flask","floor":2.0},{"not_picked":["Riddle With Holes","Poisoned Stab"],"picked":"Blade Dance","floor":4.0},{"not_picked":["Catalyst","Dodge and Roll"],"picked":"Infinite Blades","floor":5.0},{"not_picked":["Outmaneuver","Caltrops"],"picked":"Escape Plan","floor":7.0},{"not_picked":["Reflex","Deadly Poison"],"picked":"PiercingWail","floor":10.0},{"not_picked":["Outmaneuver","Backstab"],"picked":"Prepared","floor":13.0},{"not_picked":["Eviscerate","Acrobatics"],"picked":"Corpse Explosion","floor":14.0},{"not_picked":["Corpse Explosion","Phantasmal Killer"],"picked":"Bullet Time","floor":16.0},{"not_picked":["Blade Dance","Dagger Throw"],"picked":"Dash+1","floor":18.0},{"not_picked":["Quick Slash","Outmaneuver","Poisoned Stab+1"],"picked":"SKIP","floor":20.0},{"not_picked":["Acrobatics","Flying Knee"],"picked":"Sucker Punch+1","floor":21.0},{"not_picked":["Dodge and Roll+1","Concentrate"],"picked":"Slice+1","floor":24.0},{"not_picked":["Slice+1","Well Laid Plans"],"picked":"A Thousand Cuts","floor":27.0},{"not_picked":["Backflip","Bouncing Flask"],"picked":"Heel Hook","floor":31.0},{"not_picked":["Venomology","Grand Finale"],"picked":"Adrenaline","floor":33.0},{"not_picked":["Acrobatics","Backstab"],"picked":"Deflect","floor":35.0},{"not_picked":["Tools of the Trade","Acrobatics+1"],"picked":"Sucker Punch+1","floor":36.0},{"not_picked":["Terror","Masterful Stab","Dagger Spray+1"],"picked":"SKIP","floor":37.0},{"not_picked":["Terror","Masterful Stab","Dagger Spray+1"],"picked":"SKIP","floor":37.0},{"not_picked":["Crippling Poison+1","Quick Slash","Leg Sweep+1"],"picked":"Finisher","floor":44},{"not_picked":["Skewer","Acrobatics","Leg Sweep","Flying Knee"],"picked":"SKIP","floor":45},{"not_picked":["Dodge and Roll","Acrobatics+1","Envenom"],"picked":"PiercingWail","floor":46},{"not_picked":["Choke","Deadly Poison+1","Flying Knee"],"picked":"Backflip+1","floor":47},{"not_picked":["Dagger Spray+1","Backflip+1","Slice+1"],"picked":"Deflect+1","floor":49}],"player_experience":212524,"relics_obtained":[{"floor":7.0,"key":"MawBank"},{"floor":9.0,"key":"Blood Vial"},{"floor":10.0,"key":"Odd Mushroom"},{"floor":14.0,"key":"Dream Catcher"},{"floor":27.0,"key":"Lantern"},{"floor":31.0,"key":"Girya"},{"floor":39.0,"key":"Question Card"},{"floor":43,"key":"Darkstone Periapt"},{"floor":44,"key":"Ancient Tea Set"}],"event_choices":[{"damage_healed":0.0,"max_hp_gain":0.0,"max_hp_loss":0.0,"gold_gain":0.0,"event_name":"Mushrooms","player_choice":"Fought Mushrooms","floor":10.0,"gold_loss":0.0,"damage_taken":0.0},{"damage_healed":0.0,"max_hp_gain":0.0,"max_hp_loss":0.0,"gold_gain":0.0,"event_name":"Scrap Ooze","player_choice":"Success","floor":11.0,"gold_loss":0.0,"damage_taken":3.0,"relics_obtained":["Vajra"]},{"damage_healed":0.0,"max_hp_gain":0.0,"max_hp_loss":0.0,"gold_gain":0.0,"event_name":"WeMeetAgain","player_choice":"Gave Potion","floor":19.0,"gold_loss":0.0,"damage_taken":0.0,"relics_obtained":["Tiny Chest"]},{"damage_healed":0.0,"max_hp_gain":0.0,"max_hp_loss":0.0,"gold_gain":0.0,"event_name":"Drug Dealer","player_choice":"Inject Mutagens","floor":29.0,"gold_loss":0.0,"damage_taken":0.0,"relics_obtained":["MutagenicStrength"]},{"damage_healed":0.0,"max_hp_gain":0.0,"max_hp_loss":0.0,"gold_gain":0.0,"event_name":"Accursed Blacksmith","player_choice":"Forge","floor":41.0,"gold_loss":0.0,"damage_taken":0.0,"cards_upgraded":["Adrenaline"]},{"cards_removed":["Strike_G"],"damage_healed":0,"gold_gain":0,"player_choice":"Removed Attack","damage_taken":0,"max_hp_gain":0,"max_hp_loss":0,"event_name":"Falling","floor":48,"gold_loss":0}],"is_beta":false,"boss_relics":[{"not_picked":["Ectoplasm","Velvet Choker"],"picked":"Empty Cage"},{"not_picked":["Runic Pyramid","Black Star"],"picked":"Fusion Hammer"}],"items_purged_floors":[],"is_endless":false,"potions_floor_spawned":[4,5,7,14,21,24,31,33,37,44,45,47],"killed_by":"Time Eater","ascension_level":2}}