{"host":"9v3x998ddbx8o276","time":1614460995,"event":{"mods":["AchievementEnabler","BaseMod","Colored Map","Colored Powertips","Highlight Path","Minty Spire (QoL Compilation)","Quick Restart","Rare Cards Sparkle"],"gold_per_floor":[115,115,130,143,48,48,75,92,119,119,119,152,165,1,1,79,79,92,92,92,110,3,3,3,3],"floor_reached":24,"language":"ENG","playtime":732,"items_purged":["Strike_B","Strike_B"],"score":408,"play_id":"402cf49a-60e1-4ff4-9ca0-fdbfc1fc8cd7","local_time":"20210228075315","is_ascension_mode":true,"campfire_choices":[{"data":"Loop","floor":6.0,"key":"SMITH"},{"floor":10.0,"key":"REST"},{"floor":15.0,"key":"REST"},{"floor":23.0,"key":"REST"}],"circlet_count":0,"master_deck":["AscendersBane","Defend_B","Defend_B","Defend_B","Defend_B","Zap","Dualcast","Core Surge","Gash","Coolheaded","Loop+1","Darkness+1","Ball Lightning","Turbo","Ball Lightning","Coolheaded","Creative AI","Melter+1","Stack","Fusion","Barrage","Cold Snap"],"relics":["Cracked Core","Smiling Mask","Boot","Bag of Marbles","Sozu","Enchiridion"],"acts_visited":["Exordium","TheCity"],"potions_floor_usage":[],"damage_taken":[{"damage":11.0,"enemies":"Small Slimes","floor":1.0,"turns":3.0},{"damage":1.0,"enemies":"Cultist","floor":3.0,"turns":3.0},{"damage":2.0,"enemies":"Jaw Worm","floor":4.0,"turns":2.0},{"damage":31.0,"enemies":"Lagavulin","floor":7.0,"turns":8.0},{"damage":6.0,"enemies":"Large Slime","floor":8.0,"turns":8.0},{"damage":25.0,"enemies":"3 Sentries","floor":12.0,"turns":7.0},{"damage":8.0,"enemies":"Blue Slaver","floor":13.0,"turns":3.0},{"damage":10.0,"enemies":"Hexaghost","floor":16.0,"turns":8.0},{"damage":26.0,"enemies":"3 Byrds","floor":18.0,"turns":5.0},{"damage":0.0,"enemies":"Spheric Guardian","floor":21.0,"turns":3.0},{"damage":0,"enemies":"Book of Stabbing","floor":24,"turns":1}],"seed_played":"2231586506050853261","potions_obtained":[{"floor":1.0,"key":"DuplicationPotion"},{"floor":12.0,"key":"FocusPotion"}],"is_trial":false,"path_per_floor":["M","?","M","M","$","R","E","M","T","R","?","E","M","$","R","B",null,"M","?","?","M","$","R","E"],"character_chosen":"DEFECT","items_purchased":["Loop","PowerPotion","Coolheaded","Block Potion","Cold Snap"],"campfire_rested":3,"item_purchase_floors":[5,5,14,14,22],"current_hp_per_floor":[53,53,52,50,50,50,19,13,13,34,34,9,1,1,22,12,56,30,9,9,9,9,30,30,30],"gold":3,"neow_bonus":"THREE_RARE_CARDS","is_daily":false,"chose_seed":false,"campfire_upgraded":1,"win_rate":0.0,"timestamp":1614460995,"path_taken":["M","?","?","M","$","R","E","M","T","R","?","E","M","$","R","BOSS","M","?","?","M","$","R","E"],"items_purchased_type":["Card","Potion","Card","Potion","Card"],"build_version":"2020-12-22","purchased_purges":2,"victory":false,"max_hp_per_floor":[71,71,71,71,71,71,71,71,71,71,71,71,71,71,71,71,71,71,71,71,71,71,71,71,71],"card_choices":[{"not_picked":["Hyperbeam","Seek"],"picked":"Core Surge","floor":0.0},{"not_picked":["Loop","Consume"],"picked":"Gash","floor":1.0},{"not_picked":["Force Field","Steam"],"picked":"Coolheaded","floor":3.0},{"not_picked":["Force Field","Rebound","Redo"],"picked":"SKIP","floor":4.0},{"not_picked":["Force Field","Fusion"],"picked":"Darkness","floor":7.0},{"not_picked":["Blizzard","Force Field"],"picked":"Ball Lightning","floor":8.0},{"not_picked":["Consume","Sweeping Beam"],"picked":"Turbo","floor":12.0},{"not_picked":["Stack","Conserve Battery"],"picked":"Ball Lightning","floor":13.0},{"not_picked":["Core Surge","Hyperbeam"],"picked":"Creative AI","floor":16.0},{"not_picked":["Gash","Darkness+1"],"picked":"Melter+1","floor":18.0},{"not_picked":["Rip and Tear","Conserve Battery"],"picked":"Barrage","floor":21.0}],"player_experience":2264696,"relics_obtained":[{"floor":7.0,"key":"Smiling Mask"},{"floor":9.0,"key":"Boot"},{"floor":12.0,"key":"Bag of Marbles"},{"floor":19.0,"key":"Enchiridion"}],"event_choices":[{"cards_removed":["Shame"],"damage_healed":0.0,"max_hp_gain":0.0,"max_hp_loss":0.0,"gold_gain":0.0,"event_name":"Purifier","player_choice":"Purged","floor":2.0,"gold_loss":0.0,"damage_taken":0.0},{"damage_healed":0.0,"max_hp_gain":0.0,"max_hp_loss":0.0,"gold_gain":0.0,"event_name":"Living Wall","player_choice":"Grow","floor":11.0,"gold_loss":0.0,"damage_taken":0.0,"cards_upgraded":["Darkness"]},{"damage_healed":0.0,"max_hp_gain":0.0,"max_hp_loss":0.0,"gold_gain":0.0,"event_name":"Cursed Tome","player_choice":"Obtained Book","floor":19.0,"gold_loss":0.0,"damage_taken":21.0},{"damage_healed":0.0,"max_hp_gain":0.0,"max_hp_loss":0.0,"gold_gain":0.0,"cards_transformed":["Strike_B","Strike_B"],"event_name":"Drug Dealer","player_choice":"Became Test Subject","floor":20.0,"gold_loss":0.0,"damage_taken":0.0,"cards_obtained":["Stack","Fusion"]}],"is_beta":false,"boss_relics":[{"not_picked":["Pandora\u0027s Box","Philosopher\u0027s Stone"],"picked":"Sozu"}],"items_purged_floors":[14,22],"is_endless":false,"potions_floor_spawned":[1,7,8,12],"killed_by":"Book of Stabbing","ascension_level":20}}