{"host":"sc0o2qwpf9j16a4i","time":1614439619,"event":{"mods":["AchievementEnabler","BaseMod","BetterRewards","Block Reminder","Colored Map","Colored Powertips","Custom Start","Highlight Path","Minty Spire (QoL Compilation)","Relic Stats"],"gold_per_floor":[115,17,17,31,49,81,95,43,68,99,99,161,180,253,253,356,356,372,287,287,300,300,327,327,327,350,350,350,378,389,389,389,489,489,507,507,518,518,530,562,573,605,605,617,627,42,73,0,0,0],"floor_reached":51,"language":"ENG","playtime":1891,"items_purged":[],"score":1083,"play_id":"7c7c4e87-c4c5-43a1-a24f-671659880372","local_time":"20210227172659","daily_mods":["Chimera","Colorless Cards","Binary"],"is_ascension_mode":false,"campfire_choices":[{"floor":11,"key":"REST"},{"floor":15,"key":"REST"},{"floor":24,"key":"REST"},{"data":"Ghostly","floor":28,"key":"SMITH"},{"data":"Ghostly","floor":32,"key":"SMITH"},{"data":"Ghostly","floor":49,"key":"SMITH"}],"circlet_count":0,"master_deck":["Bash+1","Survivor","Eruption+1","Strike_R","Strike_G","Strike_B+1","Defend_R","Defend_G+1","Defend_P","Quick Slash","Blade Dance","All Out Attack","Accuracy","Endless Agony","Dagger Spray","Cloak And Dagger+1","Outmaneuver","Escape Plan","Secret Weapon","Cloak And Dagger","PiercingWail","PiercingWail","Ghostly+1","Ghostly+1","Ghostly+1","Ghostly","Ghostly","Accuracy","Flying Knee","RitualDagger","Bullet Time","Calculated Gamble","Madness","Dramatic Entrance","Dark Shackles","Accuracy","Cloak And Dagger","Infinite Blades+1","Infinite Blades+1"],"relics":["Ring of the Snake","Whetstone","War Paint","Bronze Scales","Smiling Mask","Runic Pyramid","Bird Faced Urn","Nilry\u0027s Codex","PreservedInsect","Bag of Preparation","White Beast Statue","Philosopher\u0027s Stone","Toy Ornithopter","Singing Bowl","Nunchaku","Dream Catcher","Toxic Egg 2","Frozen Egg 2","Oddly Smooth Stone"],"acts_visited":["Exordium","TheCity","TheBeyond"],"potions_floor_usage":[4,10,23,33,33,40,42,47,47,47,47,50,50,50],"damage_taken":[{"damage":0,"enemies":"Cultist","floor":1,"turns":3},{"damage":0,"enemies":"Jaw Worm","floor":4,"turns":2},{"damage":0,"enemies":"2 Louse","floor":5,"turns":2},{"damage":14,"enemies":"Gremlin Nob","floor":6,"turns":3},{"damage":17,"enemies":"Exordium Thugs","floor":7,"turns":4},{"damage":0,"enemies":"3 Sentries","floor":10,"turns":1},{"damage":21,"enemies":"3 Sentries","floor":12,"turns":4},{"damage":5,"enemies":"Looter","floor":13,"turns":2},{"damage":0,"enemies":"Slime Boss","floor":16,"turns":3},{"damage":0,"enemies":"Spheric Guardian","floor":18,"turns":3},{"damage":7,"enemies":"Shell Parasite","floor":21,"turns":4},{"damage":26,"enemies":"Slavers","floor":23,"turns":3},{"damage":0,"enemies":"Gremlin Leader","floor":29,"turns":5},{"damage":0,"enemies":"Shelled Parasite and Fungi","floor":30,"turns":4},{"damage":0,"enemies":"Automaton","floor":33,"turns":8},{"damage":0,"enemies":"Orb Walker","floor":35,"turns":3},{"damage":0,"enemies":"3 Shapes","floor":37,"turns":4},{"damage":0,"enemies":"Spire Growth","floor":39,"turns":3},{"damage":0,"enemies":"Reptomancer","floor":40,"turns":2},{"damage":0,"enemies":"Jaw Worm Horde","floor":41,"turns":4},{"damage":0,"enemies":"Giant Head","floor":42,"turns":6},{"damage":0,"enemies":"4 Shapes","floor":44,"turns":3},{"damage":0,"enemies":"Maw","floor":45,"turns":5},{"damage":2,"enemies":"Reptomancer","floor":47,"turns":7},{"damage":2,"enemies":"Donu and Deca","floor":50,"turns":7}],"seed_played":"-4423334953605106466","potions_obtained":[{"floor":5,"key":"DistilledChaos"},{"floor":12,"key":"Dexterity Potion"},{"floor":13,"key":"Weak Potion"},{"floor":21,"key":"GamblersBrew"},{"floor":23,"key":"BlessingOfTheForge"},{"floor":30,"key":"AttackPotion"},{"floor":33,"key":"Block Potion"},{"floor":35,"key":"Dexterity Potion"},{"floor":37,"key":"LiquidMemories"},{"floor":39,"key":"Fire Potion"},{"floor":40,"key":"EntropicBrew"},{"floor":41,"key":"CunningPotion"},{"floor":42,"key":"Weak Potion"},{"floor":47,"key":"Regen Potion"}],"is_trial":true,"path_per_floor":["M","$","?","M","M","E","M","$","T","E","R","?","M","?","R","B",null,"M","?","?","M","?","E","R","?","T","?","R","E","M","?","R","B",null,"M","?","M","?","M","E","M","E","T","M","M","$","E","$","R","B",null],"character_chosen":"THE_SILENT","items_purchased":["Fire Potion","Blade Dance","Cloak And Dagger","Toxic Egg 2","Frozen Egg 2","Infinite Blades+1","Infinite Blades+1"],"campfire_rested":3,"item_purchase_floors":[2,2,8,46,46,46,48],"current_hp_per_floor":[70,70,70,70,70,56,39,39,39,39,60,39,34,34,55,55,70,70,70,70,63,47,23,44,31,31,31,31,31,33,27,27,31,37,37,27,29,29,31,39,39,41,41,41,43,43,43,43,43,45],"gold":0,"neow_bonus":"","is_daily":false,"chose_seed":false,"campfire_upgraded":3,"win_rate":0.0,"timestamp":1614439619,"path_taken":["M","$","?","M","?","E","M","?","T","E","R","?","M","?","R","BOSS","M","?","?","?","?","E","R","?","T","?","R","E","M","?","R","BOSS","M","?","M","?","M","E","M","E","T","M","?","$","E","$","R","BOSS"],"items_purchased_type":["Potion","Card","Card","Relic","Relic","Card","Card"],"build_version":"2020-12-22","purchased_purges":0,"victory":true,"max_hp_per_floor":[70,70,70,70,70,70,70,70,70,70,70,70,70,70,70,70,70,70,70,70,70,70,70,70,75,75,37,37,37,37,37,37,37,37,37,37,37,37,37,39,39,41,41,41,43,43,45,45,45,45],"relic_stats":{"Singing Bowl":8,"counters":[25,95],"PreservedInsect":286,"Bag of Preparation":[27],"Whetstone":["Strike_B","Eruption"],"War Paint":["Defend_G","Cloak And Dagger"],"Smiling Mask":0,"Nunchaku":[7],"Dream Catcher":0,"Bronze Scales":[183],"Bird Faced Urn":[15],"obtain_stats":[{"Singing Bowl":40,"Nilry\u0027s Codex":22,"Oddly Smooth Stone":47,"PreservedInsect":23,"Bag of Preparation":26,"Whetstone":6,"War Paint":9,"Frozen Egg 2":46,"Smiling Mask":12,"White Beast Statue":29,"Nunchaku":42,"Dream Catcher":43,"Bronze Scales":10,"Bird Faced Urn":19,"Philosopher\u0027s Stone":34,"Toxic Egg 2":46,"Toy Ornithopter":38,"Ring of the Snake":0,"Runic Pyramid":17},{"Singing Bowl":19,"Nilry\u0027s Codex":11,"Oddly Smooth Stone":24,"PreservedInsect":12,"Bag of Preparation":12,"Whetstone":4,"War Paint":5,"Frozen Egg 2":23,"Smiling Mask":7,"White Beast Statue":13,"Nunchaku":21,"Dream Catcher":21,"Bronze Scales":6,"Bird Faced Urn":10,"Philosopher\u0027s Stone":15,"Toxic Egg 2":23,"Toy Ornithopter":17,"Ring of the Snake":0,"Runic Pyramid":9},{"Singing Bowl":63,"Nilry\u0027s Codex":31,"Oddly Smooth Stone":88,"PreservedInsect":34,"Bag of Preparation":34,"Whetstone":10,"War Paint":14,"Frozen Egg 2":81,"Smiling Mask":19,"White Beast Statue":39,"Nunchaku":73,"Dream Catcher":73,"Bronze Scales":15,"Bird Faced Urn":27,"Philosopher\u0027s Stone":51,"Toxic Egg 2":81,"Toy Ornithopter":58,"Ring of the Snake":0,"Runic Pyramid":24}],"Toy Ornithopter":7,"Ring of the Snake":[52]},"card_choices":[{"not_picked":["Outmaneuver"],"picked":"Quick Slash","floor":1},{"not_picked":["Underhanded Strike"],"picked":"All Out Attack","floor":4},{"not_picked":["Dodge and Roll"],"picked":"Accuracy","floor":5},{"not_picked":["Sucker Punch"],"picked":"Endless Agony","floor":6},{"not_picked":["Distraction"],"picked":"Dagger Spray","floor":7},{"not_picked":["Impatience","Dodge and Roll"],"picked":"SKIP","floor":10},{"not_picked":["Underhanded Strike"],"picked":"Outmaneuver","floor":12},{"not_picked":["Dagger Spray"],"picked":"Escape Plan","floor":13},{"not_picked":["Chrysalis"],"picked":"Secret Weapon","floor":16},{"not_picked":["Slice"],"picked":"Cloak And Dagger","floor":18},{"not_picked":["Swift Strike"],"picked":"PiercingWail","floor":21},{"not_picked":["Dodge and Roll"],"picked":"PiercingWail","floor":23},{"not_picked":["Deflect+1"],"picked":"Accuracy","floor":29},{"not_picked":["Caltrops"],"picked":"Flying Knee","floor":30},{"not_picked":["Thinking Ahead"],"picked":"Bullet Time","floor":33},{"not_picked":["Flying Knee"],"picked":"Calculated Gamble","floor":35},{"not_picked":["Finesse"],"picked":"Madness","floor":36},{"not_picked":["Swift Strike"],"picked":"Dramatic Entrance","floor":36},{"not_picked":["Blind"],"picked":"Dark Shackles","floor":36},{"not_picked":["Forethought","Crippling Poison+1"],"picked":"SKIP","floor":37},{"not_picked":["Expertise+1","Reflex"],"picked":"SKIP","floor":39},{"not_picked":["Crippling Poison+1","Envenom"],"picked":"Singing Bowl","floor":40},{"not_picked":["Choke+1"],"picked":"Accuracy","floor":41},{"not_picked":["Prepared+1","Setup"],"picked":"Singing Bowl","floor":42},{"not_picked":["Deadly Poison+1"],"picked":"Cloak And Dagger","floor":44},{"not_picked":["Sucker Punch+1","Bane"],"picked":"Singing Bowl","floor":45},{"not_picked":["Deadly Poison+1","Dodge and Roll+1"],"picked":"Singing Bowl","floor":47}],"player_experience":1600446,"relics_obtained":[{"floor":6,"key":"Whetstone"},{"floor":9,"key":"War Paint"},{"floor":10,"key":"Bronze Scales"},{"floor":12,"key":"Smiling Mask"},{"floor":22,"key":"Nilry\u0027s Codex"},{"floor":23,"key":"PreservedInsect"},{"floor":26,"key":"Bag of Preparation"},{"floor":29,"key":"White Beast Statue"},{"floor":40,"key":"Singing Bowl"},{"floor":42,"key":"Nunchaku"},{"floor":43,"key":"Dream Catcher"},{"floor":47,"key":"Oddly Smooth Stone"}],"event_choices":[{"damage_healed":0,"gold_gain":0,"player_choice":"Upgraded","damage_taken":0,"max_hp_gain":0,"max_hp_loss":0,"event_name":"Upgrade Shrine","floor":3,"gold_loss":0,"cards_upgraded":["Bash"]},{"damage_healed":0,"gold_gain":30,"player_choice":"Searched \u00272\u0027 times","damage_taken":0,"max_hp_gain":0,"max_hp_loss":0,"event_name":"Dead Adventurer","floor":12,"gold_loss":0},{"damage_healed":0,"gold_gain":73,"player_choice":"Gained Gold","damage_taken":0,"max_hp_gain":0,"max_hp_loss":0,"event_name":"Golden Wing","floor":14,"gold_loss":0},{"damage_healed":0,"gold_gain":0,"player_choice":"Obtained Relic","damage_taken":0,"relics_obtained":["Bird Faced Urn"],"max_hp_gain":0,"max_hp_loss":0,"event_name":"Addict","floor":19,"gold_loss":85},{"cards_removed":["Zap"],"damage_healed":0,"gold_gain":0,"player_choice":"Purged","damage_taken":0,"max_hp_gain":0,"max_hp_loss":0,"event_name":"Purifier","floor":20,"gold_loss":0},{"damage_healed":0,"gold_gain":0,"player_choice":"Obtained Book","damage_taken":16,"max_hp_gain":0,"max_hp_loss":0,"event_name":"Cursed Tome","floor":22,"gold_loss":0},{"damage_healed":0,"gold_gain":0,"player_choice":"Shed Blood","damage_taken":18,"max_hp_gain":5,"max_hp_loss":0,"event_name":"Forgotten Altar","floor":25,"gold_loss":0},{"damage_healed":0,"gold_gain":0,"player_choice":"Became a Ghost","damage_taken":0,"max_hp_gain":0,"max_hp_loss":38,"event_name":"Ghosts","floor":27,"gold_loss":0,"cards_obtained":["Ghostly","Ghostly","Ghostly","Ghostly","Ghostly"]},{"damage_healed":0,"gold_gain":0,"player_choice":"Joined the Cult","damage_taken":6,"max_hp_gain":0,"max_hp_loss":0,"event_name":"Nest","floor":31,"gold_loss":0,"cards_obtained":["RitualDagger"]},{"damage_healed":0,"gold_gain":0,"player_choice":"Memory 3","damage_taken":10,"max_hp_gain":0,"max_hp_loss":0,"event_name":"SensoryStone","floor":36,"gold_loss":0},{"damage_healed":0,"gold_gain":0,"player_choice":"Gave Potion","damage_taken":0,"relics_obtained":["Toy Ornithopter"],"max_hp_gain":0,"max_hp_loss":0,"event_name":"WeMeetAgain","floor":38,"gold_loss":0}],"is_beta":false,"boss_relics":[{"not_picked":["Fusion Hammer","Ring of the Serpent"],"picked":"Runic Pyramid"},{"not_picked":["SlaversCollar","Black Star"],"picked":"Philosopher\u0027s Stone"}],"items_purged_floors":[],"is_endless":false,"potions_floor_spawned":[5,12,13,21,23,30,33,35,37,39,40,41,42,44,45,47],"ascension_level":0}}