{"host":"r4aerl4ckfvw1dw3","time":1614456893,"event":{"mods":["BaseMod","BetterRewards","Minty Spire (QoL Compilation)","Quick Restart","StSLib"],"gold_per_floor":[111,127,147,23,42,42,69,69,122,135,135,146,172,185,185,287,287,299,313,324,109,122,122,148,14,92,92,92],"floor_reached":27,"language":"ENG","playtime":1408,"items_purged":["Strike_B"],"score":371,"play_id":"d7b783e0-3cc2-4628-9c92-1af01fb56f2a","local_time":"20210227121453","is_ascension_mode":true,"campfire_choices":[{"data":"White Noise","floor":6,"key":"SMITH"},{"data":"Zap","floor":8,"key":"SMITH"},{"data":"Consume","floor":11,"key":"SMITH"},{"data":"Recycle","floor":15,"key":"SMITH"},{"floor":23,"key":"REST"}],"circlet_count":0,"master_deck":["AscendersBane","Strike_B","Strike_B","Strike_B","Defend_B","Defend_B","Defend_B","Defend_B","Zap+1","Dualcast","Reinforced Body","BootSequence","Consume+1","Ball Lightning","Recycle+1","White Noise+1","Sweeping Beam","Glacier","Sunder","Compile Driver","Gash","Biased Cognition","Leap+1","Ball Lightning","Buffer","Barrage","Skim","Panacea"],"relics":["Cracked Core","Mercury Hourglass","Omamori","Boot","Inserter","Eternal Feather","Molten Egg 2"],"acts_visited":["Exordium","TheCity"],"potions_floor_usage":[5,18,18,18,24,24,24],"damage_taken":[{"damage":4,"enemies":"Small Slimes","floor":1,"turns":3},{"damage":2,"enemies":"Jaw Worm","floor":2,"turns":4},{"damage":0,"enemies":"2 Louse","floor":3,"turns":3},{"damage":11,"enemies":"Exordium Thugs","floor":5,"turns":5},{"damage":6,"enemies":"Lagavulin","floor":7,"turns":6},{"damage":0,"enemies":"Red Slaver","floor":10,"turns":3},{"damage":0,"enemies":"Looter","floor":12,"turns":3},{"damage":11,"enemies":"3 Sentries","floor":13,"turns":4},{"damage":0,"enemies":"3 Louse","floor":14,"turns":2},{"damage":22,"enemies":"The Guardian","floor":16,"turns":13},{"damage":15,"enemies":"3 Byrds","floor":18,"turns":3},{"damage":13,"enemies":"Shell Parasite","floor":19,"turns":4},{"damage":7,"enemies":"Shelled Parasite and Fungi","floor":20,"turns":6},{"damage":18,"enemies":"Centurion and Healer","floor":22,"turns":7},{"damage":26,"enemies":"Slavers","floor":24,"turns":4},{"damage":18,"enemies":"Snecko","floor":27,"turns":5}],"seed_played":"-5034762175304654213","potions_obtained":[{"floor":0,"key":"EssenceOfDarkness"},{"floor":0,"key":"SpeedPotion"},{"floor":0,"key":"EntropicBrew"},{"floor":5,"key":"Energy Potion"},{"floor":10,"key":"AttackPotion"},{"floor":13,"key":"FocusPotion"},{"floor":22,"key":"Ancient Potion"}],"is_trial":false,"path_per_floor":["M","M","M","$","M","R","E","R","T","M","R","M","E","M","R","B",null,"M","M","M","$","M","R","E","$","T","M"],"character_chosen":"DEFECT","items_purchased":["Ball Lightning","Recycle","Buffer","Panacea","SpeedPotion"],"campfire_rested":1,"item_purchase_floors":[4,4,21,25,25],"current_hp_per_floor":[64,62,62,62,51,51,45,45,45,45,45,45,34,34,34,12,59,44,31,24,24,6,28,2,2,2,0,0],"gold":92,"neow_bonus":"THREE_SMALL_POTIONS","is_daily":false,"chose_seed":false,"campfire_upgraded":4,"win_rate":0.0,"timestamp":1614456893,"path_taken":["M","M","M","$","M","R","E","R","T","M","R","M","E","M","R","BOSS","M","M","M","$","M","R","E","$","T","M"],"items_purchased_type":["Card","Card","Card","Card","Potion"],"build_version":"2020-12-22","purchased_purges":1,"victory":false,"max_hp_per_floor":[75,75,75,75,75,75,75,75,75,75,75,75,75,75,75,75,75,75,75,75,75,75,75,75,75,75,75,75],"card_choices":[{"not_picked":["Lockon","Stack"],"picked":"Reinforced Body","floor":1},{"not_picked":["Reboot","Chaos"],"picked":"BootSequence","floor":2},{"not_picked":["FTL","Go for the Eyes"],"picked":"Consume","floor":3},{"not_picked":["Darkness","Gash"],"picked":"White Noise","floor":5},{"not_picked":["Streamline","Heatsinks"],"picked":"Sweeping Beam","floor":7},{"not_picked":["Self Repair","Leap"],"picked":"Glacier","floor":10},{"not_picked":["Aggregate","Streamline"],"picked":"Sunder","floor":12},{"not_picked":["Heatsinks","Hyperbeam"],"picked":"Compile Driver","floor":13},{"not_picked":["Redo","Stack"],"picked":"Gash","floor":14},{"not_picked":["Reboot","Hyperbeam"],"picked":"Biased Cognition","floor":16},{"not_picked":["Sweeping Beam","Blizzard","Turbo"],"picked":"SKIP","floor":18},{"not_picked":["Redo","Compile Driver+1"],"picked":"Leap+1","floor":19},{"not_picked":["Hello World","Redo"],"picked":"Ball Lightning","floor":20},{"not_picked":["Leap+1","Tempest"],"picked":"Barrage","floor":22},{"not_picked":["Go for the Eyes+1","Streamline+1"],"picked":"Skim","floor":24}],"player_experience":733945,"relics_obtained":[{"floor":7,"key":"Mercury Hourglass"},{"floor":9,"key":"Omamori"},{"floor":13,"key":"Boot"},{"floor":24,"key":"Eternal Feather"},{"floor":26,"key":"Molten Egg 2"}],"event_choices":[],"is_beta":false,"boss_relics":[{"not_picked":["Astrolabe","Nuclear Battery"],"picked":"Inserter"}],"items_purged_floors":[21],"is_endless":false,"potions_floor_spawned":[5,10,13,14,16,22],"killed_by":"Snecko","ascension_level":10}}