{"host":"v0dnu0zs4qo0v13s","time":1614453702,"event":{"mods":["BaseMod","Colored Map","Colored Powertips","Minty Spire (QoL Compilation)","Relic Stats","StSLib","SuperFastMode","everything is the same but u backflip on backflip"],"gold_per_floor":[110,185,200,212,46,74,87,122,122,122,132,132,407,422,422,497,497,512,523,67,80,99,129,129,156,224,224,224,274,286,306,306,377,377,396,410,135,146,146,146,22,39,39,39,59,9,9,37,37,37],"floor_reached":51,"language":"ENG","playtime":3448,"items_purged":["Strike_R","Strike_R","Defend_R","Pain","Doubt"],"score":1233,"play_id":"92c30377-8789-4159-af3c-ce69aa33da11","local_time":"20210227142142","is_ascension_mode":true,"campfire_choices":[{"floor":10.0,"key":"REST"},{"data":"Uppercut","floor":15.0,"key":"SMITH"},{"floor":24.0,"key":"REST"},{"floor":28.0,"key":"REST"},{"floor":32.0,"key":"REST"},{"floor":40.0,"key":"REST"},{"data":"Berserk","floor":47.0,"key":"SMITH"},{"data":"Feel No Pain","floor":49.0,"key":"SMITH"}],"circlet_count":0,"master_deck":["AscendersBane","Defend_R","Defend_R","Defend_R","Bash","Twin Strike+1","Bludgeon+1","Dual Wield+1","Whirlwind","True Grit+1","Evolve","Uppercut+1","Shrug It Off","Burning Pact","Immolate","Wild Strike","Seeing Red+1","Barricade","Offering+1","Dark Embrace","True Grit+1","Headbutt","Demon Form+1","Berserk+1","Feed","Feel No Pain+1","Metallicize","Sever Soul","Second Wind+1"],"relics":["Astrolabe","Champion Belt","Smiling Mask","Toxic Egg 2","Snecko Eye","Charon\u0027s Ashes","Question Card","MealTicket","Matryoshka","Cursed Key","Ancient Tea Set","WarpedTongs","CeramicFish","Pocketwatch"],"acts_visited":["Exordium","TheCity","TheBeyond"],"potions_floor_usage":[],"damage_taken":[{"damage":4.0,"enemies":"Small Slimes","floor":1.0,"turns":2.0},{"damage":0.0,"enemies":"2 Louse","floor":3.0,"turns":1.0},{"damage":0.0,"enemies":"Cultist","floor":4.0,"turns":2.0},{"damage":0.0,"enemies":"Lagavulin","floor":6.0,"turns":4.0},{"damage":8.0,"enemies":"Exordium Wildlife","floor":7.0,"turns":4.0},{"damage":17.0,"enemies":"3 Sentries","floor":8.0,"turns":8.0},{"damage":3.0,"enemies":"Looter","floor":11.0,"turns":2.0},{"damage":5.0,"enemies":"Exordium Thugs","floor":14.0,"turns":2.0},{"damage":18.0,"enemies":"The Guardian","floor":16.0,"turns":10.0},{"damage":0.0,"enemies":"3 Byrds","floor":18.0,"turns":4.0},{"damage":19.0,"enemies":"2 Thieves","floor":19.0,"turns":2.0},{"damage":11.0,"enemies":"3 Cultists","floor":21.0,"turns":4.0},{"damage":6.0,"enemies":"Centurion and Healer","floor":22.0,"turns":2.0},{"damage":12.0,"enemies":"Slavers","floor":23.0,"turns":4.0},{"damage":20.0,"enemies":"Book of Stabbing","floor":25.0,"turns":4.0},{"damage":6.0,"enemies":"Cultist and Chosen","floor":30.0,"turns":2.0},{"damage":0.0,"enemies":"3 Cultists","floor":31.0,"turns":1.0},{"damage":26.0,"enemies":"Automaton","floor":33.0,"turns":5.0},{"damage":14.0,"enemies":"3 Darklings","floor":35.0,"turns":3.0},{"damage":6.0,"enemies":"3 Shapes","floor":36.0,"turns":2.0},{"damage":12.0,"enemies":"3 Darklings","floor":38.0,"turns":3.0},{"damage":0.0,"enemies":"Jaw Worm Horde","floor":42.0,"turns":2.0},{"damage":21.0,"enemies":"4 Shapes","floor":45.0,"turns":4.0},{"damage":24.0,"enemies":"Spire Growth","floor":48.0,"turns":3.0},{"damage":47,"enemies":"Donu and Deca","floor":50,"turns":10}],"seed_played":"5552728039708337665","potions_obtained":[{"floor":4.0,"key":"DistilledChaos"},{"floor":8.0,"key":"HeartOfIron"},{"floor":11.0,"key":"Fire Potion"},{"floor":18.0,"key":"FearPotion"},{"floor":19.0,"key":"Swift Potion"},{"floor":21.0,"key":"Energy Potion"},{"floor":23.0,"key":"Explosive Potion"},{"floor":35.0,"key":"PowerPotion"},{"floor":36.0,"key":"FearPotion"},{"floor":38.0,"key":"ColorlessPotion"},{"floor":45.0,"key":"Ancient Potion"}],"is_trial":false,"path_per_floor":["M","?","M","M","$","E","M","E","T","R","M","?","?","M","R","B",null,"M","M","$","M","M","E","R","E","T","?","R","?","M","M","R","B",null,"M","M","$","M","?","R","$","M","T","?","M","$","R","M","R","B",null],"character_chosen":"IRONCLAD","items_purchased":["Uppercut","Energy Potion","Charon\u0027s Ashes","Dark Embrace","True Grit+1","Feel No Pain","Ancient Tea Set","Metallicize"],"campfire_rested":5,"item_purchase_floors":[5,5,20,20,20,37,37,41],"current_hp_per_floor":[64,53,53,53,53,53,45,28,28,50,47,47,47,42,42,24,62,62,43,43,32,26,14,36,16,16,16,38,38,32,32,54,28,63,49,46,61,49,49,72,78,78,78,78,57,72,72,51,51,4],"gold":37,"neow_bonus":"BOSS_RELIC","is_daily":false,"chose_seed":false,"campfire_upgraded":3,"win_rate":0.0,"timestamp":1614453702,"path_taken":["M","?","M","M","$","E","M","E","T","R","M","?","?","M","R","BOSS","M","?","$","M","M","E","R","E","T","?","R","?","?","M","R","BOSS","M","M","$","?","?","R","?","M","T","?","M","$","R","?","R","BOSS"],"items_purchased_type":["Card","Potion","Relic","Card","Card","Card","Relic","Card"],"build_version":"2020-12-22","purchased_purges":5,"victory":true,"max_hp_per_floor":[75,75,75,75,75,75,75,75,75,75,75,75,75,75,75,75,75,75,75,75,75,75,75,75,75,75,75,75,75,75,75,75,75,75,75,78,78,78,78,78,78,78,78,78,78,78,78,81,81,81],"relic_stats":{"counters":[25,90],"Astrolabe":["Twin Strike","Bludgeon","Dual Wield"],"CeramicFish":9,"Charon\u0027s Ashes":[399],"Smiling Mask":350,"Question Card":11,"Cursed Key":1,"WarpedTongs":[17],"Snecko Eye":[104,118,110,107],"MealTicket":36,"Champion Belt":[28],"obtain_stats":[{"Astrolabe":0,"CeramicFish":43,"Charon\u0027s Ashes":20,"Smiling Mask":8,"Question Card":23,"Cursed Key":34,"Ancient Tea Set":37,"Burning Blood":0,"WarpedTongs":39,"Matryoshka":26,"Snecko Eye":17,"MealTicket":25,"Champion Belt":6,"Toxic Egg 2":9,"Pocketwatch":43},{"Astrolabe":0,"CeramicFish":22,"Charon\u0027s Ashes":11,"Smiling Mask":6,"Question Card":14,"Cursed Key":18,"Ancient Tea Set":20,"Burning Blood":0,"WarpedTongs":21,"Matryoshka":15,"Snecko Eye":9,"MealTicket":15,"Champion Belt":4,"Toxic Egg 2":6,"Pocketwatch":22},{"Astrolabe":0,"CeramicFish":73,"Charon\u0027s Ashes":41,"Smiling Mask":21,"Question Card":51,"Cursed Key":63,"Ancient Tea Set":68,"Burning Blood":0,"WarpedTongs":71,"Matryoshka":55,"Snecko Eye":35,"MealTicket":55,"Champion Belt":9,"Toxic Egg 2":21,"Pocketwatch":73}],"Pocketwatch":[15]},"card_choices":[{"not_picked":["Flex","Headbutt"],"picked":"Whirlwind","floor":1.0},{"not_picked":["Combust","Havoc"],"picked":"True Grit","floor":3.0},{"not_picked":["Armaments","Flex"],"picked":"Evolve","floor":4.0},{"not_picked":["Fiend Fire","Body Slam"],"picked":"Shrug It Off","floor":6.0},{"not_picked":["Heavy Blade","Shrug It Off"],"picked":"Burning Pact","floor":7.0},{"not_picked":["Burning Pact","Combust"],"picked":"Immolate","floor":8.0},{"not_picked":["Anger","Whirlwind"],"picked":"Wild Strike","floor":11.0},{"not_picked":["Burning Pact+1","Blood for Blood"],"picked":"Seeing Red+1","floor":14.0},{"not_picked":["Fiend Fire","Limit Break+1"],"picked":"Barricade","floor":16.0},{"not_picked":["Twin Strike","Body Slam","Havoc+1"],"picked":"SKIP","floor":18.0},{"not_picked":["Heavy Blade","Pommel Strike"],"picked":"Offering+1","floor":19.0},{"not_picked":["Wild Strike","Clothesline","Heavy Blade"],"picked":"SKIP","floor":21.0},{"not_picked":["Sword Boomerang","Infernal Blade+1"],"picked":"Headbutt","floor":22.0},{"not_picked":["Anger","Sword Boomerang"],"picked":"Demon Form","floor":23.0},{"not_picked":["Wild Strike","Carnage","Armaments+1","Rage+1"],"picked":"SKIP","floor":25.0},{"not_picked":["Shrug It Off+1","Iron Wave","Anger","True Grit+1"],"picked":"SKIP","floor":30.0},{"not_picked":["Iron Wave+1","Reckless Charge","Flex+1"],"picked":"Berserk","floor":31.0},{"not_picked":["Immolate","Juggernaut","Demon Form"],"picked":"Feed","floor":33.0},{"not_picked":["Clothesline","True Grit+1","Havoc+1","Evolve"],"picked":"SKIP","floor":35.0},{"not_picked":["Dropkick+1","True Grit+1","Sword Boomerang+1","Rampage+1"],"picked":"SKIP","floor":36.0},{"not_picked":["Entrench+1","Infernal Blade+1","Anger","Warcry+1"],"picked":"SKIP","floor":38.0},{"not_picked":["Flex+1","Armaments+1","True Grit+1"],"picked":"Sever Soul","floor":42.0},{"not_picked":["Headbutt","Clothesline","Rage+1","Cleave"],"picked":"SKIP","floor":45.0},{"not_picked":["Clash","Fire Breathing","Wild Strike+1"],"picked":"Second Wind+1","floor":48.0}],"player_experience":793427,"relics_obtained":[{"floor":6.0,"key":"Champion Belt"},{"floor":8.0,"key":"Smiling Mask"},{"floor":9.0,"key":"Toxic Egg 2"},{"floor":23.0,"key":"Question Card"},{"floor":25.0,"key":"MealTicket"},{"floor":26.0,"key":"Matryoshka"},{"floor":43.0,"key":"CeramicFish"},{"floor":43.0,"key":"Pocketwatch"}],"event_choices":[{"damage_healed":0.0,"max_hp_gain":0.0,"max_hp_loss":0.0,"gold_gain":75.0,"event_name":"World of Goop","player_choice":"Gather Gold","floor":2.0,"gold_loss":0.0,"damage_taken":11.0},{"damage_healed":0.0,"max_hp_gain":0.0,"max_hp_loss":0.0,"gold_gain":0.0,"event_name":"Living Wall","player_choice":"Grow","floor":12.0,"gold_loss":0.0,"damage_taken":0.0,"cards_upgraded":["True Grit"]},{"damage_healed":0.0,"max_hp_gain":0.0,"max_hp_loss":0.0,"gold_gain":275.0,"event_name":"Golden Shrine","player_choice":"Desecrate","floor":13.0,"gold_loss":0.0,"damage_taken":0.0,"cards_obtained":["Regret"]},{"cards_removed":["Regret"],"damage_healed":0.0,"max_hp_gain":0.0,"max_hp_loss":0.0,"gold_gain":0.0,"event_name":"Back to Basics","player_choice":"Elegance","floor":27.0,"gold_loss":0.0,"damage_taken":0.0},{"damage_healed":0.0,"max_hp_gain":0.0,"max_hp_loss":0.0,"gold_gain":50.0,"event_name":"Nest","player_choice":"Stole From Cult","floor":29.0,"gold_loss":0.0,"damage_taken":0.0},{"damage_healed":0.0,"max_hp_gain":0.0,"max_hp_loss":0.0,"gold_gain":0.0,"event_name":"Accursed Blacksmith","player_choice":"Rummage","floor":39.0,"gold_loss":0.0,"damage_taken":0.0,"relics_obtained":["WarpedTongs"],"cards_obtained":["Pain"]},{"damage_healed":0.0,"max_hp_gain":0.0,"max_hp_loss":0.0,"gold_gain":0.0,"event_name":"Upgrade Shrine","player_choice":"Upgraded","floor":44.0,"gold_loss":0.0,"damage_taken":0.0,"cards_upgraded":["Demon Form"]}],"is_beta":false,"boss_relics":[{"not_picked":["Philosopher\u0027s Stone","Runic Dome"],"picked":"Snecko Eye"},{"not_picked":["Pandora\u0027s Box","SlaversCollar"],"picked":"Cursed Key"}],"items_purged_floors":[5,20,37,41,46],"is_endless":false,"potions_floor_spawned":[4,8,11,18,19,21,23,35,36,38,45],"ascension_level":15}}