{"host":"o3b7ow6d1xe49css","time":1614403222,"event":{"mods":["Act Like it!","Aspiration","BaseMod","Bestiary","Better Altar","Better Match","Better Note","Better Sensory Stone","Better Skull","Better Third Choice","Colored Powertips","Conspire","Energized Spire","Force Act Four","GifTheSpireLib","Halation","Hermit","Hubris","Infinite Spire","Lobotomy","Minty Spire (QoL Compilation)","Quick Restart","Rare Cards Sparkle","Relic Filter Mod","Reliquary","Replay The Spire","Spicy Shops","Spikes Relics","StSLib","Stuff the Spire","The Blue Laboratory","The Jungle","Wandering Minibosses"],"gold_per_floor":[110,124,139,139,139,174,205,205,205,205,219,254,254,287,287,363,363,383,383,383,399,399,399,431,464,464,496,293,318,347,347,347,422,422,436,41,58,58,358,385,385,416,416,416,441,471,471,487,578,650,727,727,727,160,193,270],"floor_reached":57,"language":"ENG","playtime":8296,"items_purged":["Strike_P","Normality","Strike_P","Injury"],"score":3136,"play_id":"4f734669-9bfe-480f-930f-f848a1b6aeba","local_time":"20210226202022","daily_mods":["Heirloom","Flight"],"is_ascension_mode":true,"campfire_choices":[{"floor":8.0,"key":"REST"},{"data":"Worship","floor":10.0,"key":"SMITH"},{"data":"BattleHymn","floor":13.0,"key":"SMITH"},{"floor":15.0,"key":"RECALL"},{"floor":23.0,"key":"REST"},{"data":"Fasting2","floor":32.0,"key":"SMITH"},{"data":"Replay:AllIn","floor":41.0,"key":"SMITH"},{"data":"Vigilance","floor":44.0,"key":"SMITH"}],"circlet_count":0,"master_deck":["Strike_P","Strike_P+1","Defend_P","Defend_P","Defend_P","Defend_P+1","Eruption","Vigilance+1","Worship+1","Scorched","UniverseFragment","Replay:AllIn+1","BattleHymn+1","Worship+1","Halt+1","Fasting2+1","Good Instincts+1","Apotheosis+1","EmptyMind+1","Consecrate+1","Protect+1","Scrawl+1","Vault+1","Halt+1","hubris:DuctTapeCard","Worship+1"],"relics":["PureWater","Ring of Chaos","FossilizedHelix","CogitoBucket","Toxic Egg 2","StuffTheSpire:HeavyRock","reliquary:PorcupineQuills","CloakClasp","AspirationHeart","halation:PromiseList","MiniBlackHole","CosmicIsotope","BlackRope","Blood Vial","hubris:DuctTape","Art of War","reliquary:WeakTea","aspiration:HatOfInfinitePower","halation:WeightlessCrab","Strawberry","energizedSpire:SpiderWeb","Ice Cream","halation:EternalFortune","Blood Vial","infinitespire:Satchel","Matryoshka","Mercury Hourglass","Potion Belt","Singing Bowl","Fusion Hammer","Bag of Preparation","Membership Card","ReplayTheSpireMod:Shallot","StuffTheSpire:GrapeVine","Smiling Mask"],"acts_visited":["Exordium","TheCity","TheBeyond","Exordium","TheEnding"],"potions_floor_usage":[55,56,56,56],"damage_taken":[{"damage":0.0,"enemies":"2 Louse","floor":1.0,"turns":3.0},{"damage":0.0,"enemies":"Jaw Worm","floor":2.0,"turns":2.0},{"damage":0.0,"enemies":"Small Slimes","floor":3.0,"turns":1.0},{"damage":7.0,"enemies":"3 Sentries","floor":6.0,"turns":3.0},{"damage":17.0,"enemies":"Gremlin Nob","floor":7.0,"turns":4.0},{"damage":8.0,"enemies":"Blue Slaver","floor":11.0,"turns":4.0},{"damage":0.0,"enemies":"Lagavulin","floor":12.0,"turns":4.0},{"damage":8.0,"enemies":"3 Sentries","floor":14.0,"turns":3.0},{"damage":9.0,"enemies":"Hexaghost","floor":16.0,"turns":8.0},{"damage":10.0,"enemies":"2 Thieves","floor":18.0,"turns":6.0},{"damage":0.0,"enemies":"Shell Parasite","floor":21.0,"turns":4.0},{"damage":12.0,"enemies":"Replay:Snechameleon","floor":24.0,"turns":3.0},{"damage":0.0,"enemies":"conspire:Head Lice","floor":25.0,"turns":3.0},{"damage":0.0,"enemies":"conspire:SneckoGhost","floor":27.0,"turns":4.0},{"damage":0.0,"enemies":"Nightmare","floor":29.0,"turns":6.0},{"damage":0.0,"enemies":"conspire:MimicChest","floor":30.0,"turns":4.0},{"damage":0.0,"enemies":"conspire:MysteriousRune","floor":33.0,"turns":4.0},{"damage":0.0,"enemies":"3 Shapes","floor":35.0,"turns":8.0},{"damage":0.0,"enemies":"Orb Walker","floor":37.0,"turns":2.0},{"damage":0.0,"enemies":"Giant Head","floor":40.0,"turns":4.0},{"damage":0.0,"enemies":"R_Hoarder","floor":42.0,"turns":4.0},{"damage":0.0,"enemies":"Nemesis","floor":45.0,"turns":3.0},{"damage":0.0,"enemies":"R_Hoarder","floor":46.0,"turns":4.0},{"damage":0.0,"enemies":"Jaw Worm Horde","floor":48.0,"turns":2.0},{"damage":0.0,"enemies":"Donu and Deca","floor":50.0,"turns":3.0},{"damage":0.0,"enemies":"Replay:Hell Engine","floor":51.0,"turns":4.0},{"damage":0,"enemies":"Shield and Spear","floor":55,"turns":3},{"damage":37,"enemies":"The Heart","floor":56,"turns":7}],"seed_played":"1440030789618894393","potions_obtained":[{"floor":2.0,"key":"Block Potion"},{"floor":3.0,"key":"blueLaboratory:EmptyBottle"},{"floor":6.0,"key":"Elixir"},{"floor":7.0,"key":"blueLaboratory:PressurePotion"},{"floor":12.0,"key":"blueLaboratory:AbyssPotion"},{"floor":14.0,"key":"Swift Potion"},{"floor":27.0,"key":"EssenceOfSteel"},{"floor":29.0,"key":"blueLaboratory:BottleOfVodka"},{"floor":40.0,"key":"AttackPotion"},{"floor":46.0,"key":"LiquidBronze"},{"floor":48.0,"key":"blueLaboratory:BottledTrinity"},{"floor":55,"key":"BlessingOfTheForge"}],"is_trial":true,"path_per_floor":["M","M","M","?","?","E","E","R","T","R","M","E","R","E","R","B",null,"M","?","AVR","M","?","R","E","E","T","E","$","NM","?","?","R","B",null,"M","$","M","?","?","E","R","E","T","R","E","E","AVR","M","R","B","B",null,"R","$","E","B",null],"character_chosen":"WATCHER","items_purchased":["aspiration:HatOfInfinitePower","Ice Cream","Swift Potion","Bag of Preparation","Membership Card","ReplayTheSpireMod:Shallot","DistilledChaos","Halt+1","StuffTheSpire:GrapeVine"],"campfire_rested":2,"item_purchase_floors":[28,36,36,54,54,54,54,54,54],"current_hp_per_floor":[61,61,61,41,41,34,17,37,37,37,39,39,39,31,31,22,64,54,54,54,54,30,53,43,45,45,47,47,49,58,58,58,60,79,83,83,85,88,88,88,88,88,88,88,88,88,88,90,90,92,92,92,92,92,92,55],"gold":270,"neow_bonus":"","is_daily":false,"chose_seed":false,"campfire_upgraded":5,"win_rate":0.0,"timestamp":1614403222,"path_taken":["M","M","M","?","?","E","E","R","T","R","M","E","R","E","R","BOSS","M","?","AVR","M","?","R","E","E","T","E","$","NM","?","?","R","BOSS","M","$","M","?","?","E","R","E","T","R","E","E","AVR","?","R","BOSS","BOSS","R","$","E","BOSS"],"items_purchased_type":["Relic","Relic","Potion","Relic","Relic","Relic","Potion","Card","Relic"],"build_version":"2020-12-22","purchased_purges":4,"victory":true,"max_hp_per_floor":[68,68,68,68,68,68,68,68,68,68,78,78,78,78,78,78,78,78,78,78,78,78,78,78,78,78,78,78,78,85,85,85,85,85,85,85,85,88,88,88,88,88,88,88,88,88,88,90,90,92,92,92,92,92,92,92],"card_choices":[{"not_picked":["Conclude","ThirdEye"],"picked":"Worship","floor":1.0},{"not_picked":["CherryBlossoms","Bloodbath","BigBird"],"picked":"Singing Bowl","floor":1.0},{"not_picked":["Variant","WallGazer"],"picked":"Scorched","floor":1.0},{"not_picked":["Murderer","QueenOfHatred"],"picked":"UniverseFragment","floor":2.0},{"not_picked":["WreathOfFlame","CrushJoints","Adaptation"],"picked":"SKIP","floor":2.0},{"not_picked":["FlyingSleeves","BowlingBash"],"picked":"Replay:AllIn","floor":3.0},{"not_picked":["Replay:ManipulateFuture+1","FollowUp","CarveReality"],"picked":"SKIP","floor":6.0},{"not_picked":["Replay:ManipulateFuture+1","Tantrum","Adaptation"],"picked":"SKIP","floor":7.0},{"not_picked":["ClearTheMind+1","SashWhip"],"picked":"BattleHymn","floor":11.0},{"not_picked":["Conclude","FlyingSleeves"],"picked":"Worship+1","floor":12.0},{"not_picked":["FlurryOfBlows","SashWhip"],"picked":"Halt+1","floor":14.0},{"not_picked":["ForeignInfluence+1","FollowUp"],"picked":"Fasting2","floor":18.0},{"not_picked":["Jack Of All Trades+1","PanicButton+1"],"picked":"Good Instincts+1","floor":19.0},{"not_picked":["Flash of Steel","Finesse+1"],"picked":"Apotheosis+1","floor":19.0},{"not_picked":["Prostrate+1","Indignation+1","SandsOfTime+1"],"picked":"SKIP","floor":21.0},{"not_picked":["Replay:Vibes+1","BowlingBash","Pray+1"],"picked":"SKIP","floor":24.0},{"not_picked":["PathToVictory+1","SandsOfTime"],"picked":"EmptyMind+1","floor":25.0},{"not_picked":["FollowUp","Conclude","Swivel+1"],"picked":"SKIP","floor":27.0},{"not_picked":["Tantrum","Replay:ManipulateFuture+1","LessonLearned"],"picked":"SKIP","floor":29.0},{"not_picked":["Replay:DivineShield+1","CutThroughFate+1"],"picked":"Consecrate+1","floor":30.0},{"not_picked":["EmptyBody+1","CrushJoints","CutThroughFate"],"picked":"SKIP","floor":35.0},{"not_picked":["EmptyMind+1","SpiritShield+1"],"picked":"Protect+1","floor":37.0},{"not_picked":["LessonLearned","Protect+1","Halt+1"],"picked":"SKIP","floor":40.0},{"not_picked":["CrushJoints","FollowUp","Fasting2"],"picked":"SKIP","floor":42.0},{"not_picked":["Replay:Vibes+1","BowlingBash","Consecrate+1"],"picked":"SKIP","floor":45.0},{"not_picked":["Crescendo+1","Tantrum"],"picked":"Scrawl+1","floor":46.0},{"not_picked":["BowlingBash","Protect+1","SignatureMove"],"picked":"Singing Bowl","floor":48.0},{"not_picked":["Alpha+1","Wish+1","MasterReality"],"picked":"Singing Bowl","floor":50.0},{"not_picked":["Ragnarok","MasterReality"],"picked":"Vault+1","floor":51.0},{"not_picked":["Replay:Hum+1","Halt+1"],"picked":"Worship+1","floor":55}],"player_experience":1509513,"relics_obtained":[{"floor":6.0,"key":"StuffTheSpire:HeavyRock"},{"floor":7.0,"key":"reliquary:PorcupineQuills"},{"floor":9.0,"key":"CloakClasp"},{"floor":12.0,"key":"halation:PromiseList"},{"floor":14.0,"key":"MiniBlackHole"},{"floor":24.0,"key":"hubris:DuctTape"},{"floor":25.0,"key":"Art of War"},{"floor":27.0,"key":"reliquary:WeakTea"},{"floor":29.0,"key":"halation:WeightlessCrab"},{"floor":30.0,"key":"Strawberry"},{"floor":40.0,"key":"Blood Vial"},{"floor":42.0,"key":"infinitespire:Satchel"},{"floor":43.0,"key":"Matryoshka"},{"floor":45.0,"key":"Mercury Hourglass"},{"floor":46.0,"key":"Potion Belt"},{"floor":55,"key":"Smiling Mask"}],"event_choices":[{"damage_healed":61.0,"max_hp_gain":0.0,"max_hp_loss":68.0,"gold_gain":0.0,"event_name":"betterThird:BetterShining","player_choice":"Upgrade","floor":4.0,"gold_loss":0.0,"damage_taken":20.0,"cards_upgraded":["Strike_P","Defend_P"]},{"damage_healed":0.0,"max_hp_gain":0.0,"max_hp_loss":0.0,"gold_gain":2.0,"event_name":"betterStone:BetterStone","player_choice":"1","floor":19.0,"gold_loss":0.0,"damage_taken":0.0},{"damage_healed":0.0,"max_hp_gain":54.0,"max_hp_loss":30.0,"gold_gain":0.0,"event_name":"betterAltar:BetterAltar","player_choice":" Vial ","floor":22.0,"potions_obtained":[],"relics_lost":[],"gold_loss":0.0,"damage_taken":24.0,"relics_obtained":["Blood Vial"]},{"damage_healed":0.0,"max_hp_gain":0.0,"max_hp_loss":0.0,"gold_gain":300.0,"event_name":"Wheel of Change","player_choice":"Gold","floor":39.0,"gold_loss":0.0,"damage_taken":0.0}],"is_beta":false,"boss_relics":[{"not_picked":["hubris:BlackHole","Replay:Ancient Bell"],"picked":"CosmicIsotope"},{"not_picked":["Replay:Drink Me","hubris:Stopwatch"],"picked":"energizedSpire:SpiderWeb"},{"not_picked":["reliquary:Craggleroot","SlaversCollar"],"picked":"Fusion Hammer"}],"items_purged_floors":[20,28,47,54],"is_endless":true,"potions_floor_spawned":[2,3,6,7,12,14,27,29,40,46,48,50,55],"ascension_level":20}}