{"host":"1buigr2wepn3ivn6","time":1614442721,"event":{"mods":["100% Spire Juice","BaseMod","Better Altar","BetterRewards","CapriCore","GifTheSpireLib","Minty Spire (QoL Compilation)","MostiFishMod","Reliquary","Replay The Spire","Spicy Shops","StSLib","TestMod","Transform Curses","【功能Mod】聪明的最终Boss","【遗物卡牌】REMEMod"],"gold_per_floor":[114,114,134,134,134,244,4,39,39,39,39],"floor_reached":10,"language":"ZHS","playtime":383,"items_purged":[],"score":148,"play_id":"1eaac067-2073-4f16-8780-49dfd8923f68","local_time":"20210228001841","daily_mods":["Vintage","Heirloom","DeadlyEvents","Elite Swarm","Lethality"],"is_ascension_mode":true,"campfire_choices":[{"floor":7,"key":"REST"}],"circlet_count":0,"master_deck":["AscendersBane","Moonworks:Strike","Moonworks:Strike","Moonworks:Strike","Moonworks:Strike","Moonworks:Defend","Moonworks:Defend","Moonworks:Defend","Moonworks:Ambush","Moonworks:LongDistanceShot","REME_WheelOfFate","Moonworks:MeltingMemories","Moonworks:SinkOrSwim"],"relics":["Moonworks:BrokenBomb","Moonworks:Homemark","testmod-TestBox","REME_ComplimentaryCards","DaveBox","TungstenRod","Dodecahedron","testmod-ChristmasGift","Molten Egg 2","SynthV:TestCard","Orichalcum","Moonworks:LittleGull","Replay:Towering Pillar of Hats","Omamori","reliquary:PorcupineQuills","Replay:Wax Seal"],"acts_visited":["Exordium"],"potions_floor_usage":[6,6,8,8,10],"damage_taken":[{"damage":0,"enemies":"Small Slimes","floor":1,"turns":2},{"damage":0,"enemies":"Cultist","floor":3,"turns":2},{"damage":55,"enemies":"3 Sentries","floor":6,"turns":4},{"damage":16,"enemies":"Lagavulin","floor":8,"turns":3},{"damage":18,"enemies":"3 Sentries","floor":10,"turns":3}],"seed_played":"-5885231040693712048","potions_obtained":[{"floor":3,"key":"FearPotion"},{"floor":8,"key":"PowerPotion"}],"is_trial":true,"path_per_floor":["M","?","M","?","?","E","R","E","T","E"],"character_chosen":"THE_STARBREAKER","items_purchased":[],"campfire_rested":1,"item_purchase_floors":[],"current_hp_per_floor":[50,50,54,54,54,17,33,22,22,5,5],"gold":39,"neow_bonus":"","is_daily":false,"chose_seed":false,"campfire_upgraded":0,"win_rate":0.0,"timestamp":1614442721,"path_taken":["M","?","?","?","?","E","R","E","T","E"],"items_purchased_type":[],"build_version":"2020-12-22","purchased_purges":0,"victory":false,"max_hp_per_floor":[55,55,55,55,55,55,55,55,55,55,55],"card_choices":[{"not_picked":["Moonworks:EvilMastermind","Moonworks:AccelHyper","Moonworks:SubspaceTunnel","Moonworks:StarBlastingFuse"],"picked":"Moonworks:MeltingMemories","floor":6},{"not_picked":["Moonworks:GoAway","Moonworks:Accelerator","Moonworks:LeapThroughSpace","Moonworks:OutOfAmmo"],"picked":"Moonworks:SinkOrSwim","floor":8}],"player_experience":196553,"relics_obtained":[{"floor":1,"key":"Molten Egg 2"},{"floor":1,"key":"SynthV:TestCard"},{"floor":3,"key":"Orichalcum"},{"floor":6,"key":"Replay:Towering Pillar of Hats"},{"floor":8,"key":"Omamori"},{"floor":9,"key":"reliquary:PorcupineQuills"}],"event_choices":[{"cards_removed":["Moonworks:Defend"],"damage_healed":0,"gold_gain":0,"player_choice":"Purged","damage_taken":0,"max_hp_gain":0,"max_hp_loss":0,"event_name":"Purifier","floor":2,"gold_loss":0},{"damage_healed":0,"gold_gain":0,"player_choice":"Ignored","damage_taken":0,"max_hp_gain":0,"max_hp_loss":0,"event_name":"Golden Wing","floor":4,"gold_loss":0},{"damage_healed":0,"gold_gain":0,"player_choice":"Gave Potion","damage_taken":0,"relics_obtained":["Moonworks:LittleGull"],"max_hp_gain":0,"max_hp_loss":0,"event_name":"WeMeetAgain","floor":5,"gold_loss":0}],"is_beta":false,"boss_relics":[],"items_purged_floors":[],"is_endless":false,"potions_floor_spawned":[3,8],"killed_by":"3 Sentries","ascension_level":20}}