{"host":"ovrsgtrqs2noafxn","time":1614413651,"event":{"mods":["BaseMod","Hermit","Minty Spire (QoL Compilation)","Reliquary","Replay The Spire","StSLib","The Gatherer"],"gold_per_floor":[112,112,131,147,1,34,46,46,122,122,139,104,104,117,117,216,216,235,330,245,259,269,303,303,303,328,10,28,28,28,3,13,27,126,225,225,239,254,270,115,164,164,164,164],"floor_reached":42,"language":"RUS","playtime":3310,"items_purged":[],"score":520,"play_id":"8d0d11c8-533f-47e2-8cf9-2a55c3b23852","local_time":"20210227111411","is_ascension_mode":false,"metric_token":480,"campfire_choices":[{"floor":8.0,"key":"REST"},{"data":"Gatherer:FruitForce","floor":10.0,"key":"SMITH"},{"data":"Gatherer:FlowerBeam+2","floor":15.0,"key":"SMITH"},{"floor":25.0,"key":"REST"}],"circlet_count":0,"master_deck":["Gatherer:Strike_Gatherer","Gatherer:Strike_Gatherer","Gatherer:Strike_Gatherer","Gatherer:Strike_Gatherer","Gatherer:Strike_Gatherer","Gatherer:Defend_Gatherer","Gatherer:Defend_Gatherer","Gatherer:Defend_Gatherer","Gatherer:Defend_Gatherer","Gatherer:Centralize","Gatherer:FlowerWhip+3","Gatherer:FruitForce+1","Gatherer:FlowerBeam+3","Gatherer:Nutrients+1","Gatherer:Snatch","Gatherer:Nutrients","Gatherer:MindSearch","Blood for Blood","Gatherer:CarefulStrike+1","Gatherer:FlowerBeam+1","Gatherer:EchoOfNature+1","Gatherer:Nutrients","Gatherer:BalancedGrowth+1","Gatherer:FinishingStrike","Gatherer:FragileHammer","Gatherer:AromaProtection","Gatherer:ScrollOfWall","Gatherer:FragileHammer","Gatherer:FinishingStrike","Gatherer:AromaProtection+1","Gatherer:FlowerBeam","Gatherer:Transmute"],"relics":["Gatherer:AlchemyBag","NeowsBlessing","Gremlin Food","Replay:Towering Pillar of Hats","Iron Hammer","NlothsMask","Philosopher\u0027s Stone","MealTicket","Regal Pillow","Replay:Ringing Soul","ChewingGum","Replay:Wax Seal","Dead Branch"],"acts_visited":["Exordium","TheCity","TheBeyond"],"potions_floor_usage":[41,42,42],"damage_taken":[{"damage":0.0,"enemies":"Small Slimes","floor":1.0,"turns":1.0},{"damage":0.0,"enemies":"Cultist","floor":3.0,"turns":1.0},{"damage":0.0,"enemies":"Jaw Worm","floor":4.0,"turns":1.0},{"damage":6.0,"enemies":"Gremlin Nob","floor":6.0,"turns":3.0},{"damage":35.0,"enemies":"Exordium Thugs","floor":7.0,"turns":4.0},{"damage":12.0,"enemies":"Blue Slaver","floor":11.0,"turns":2.0},{"damage":0.0,"enemies":"2 Fungi Beasts","floor":14.0,"turns":2.0},{"damage":0.0,"enemies":"Slime Boss","floor":16.0,"turns":5.0},{"damage":17.0,"enemies":"Shell Parasite","floor":18.0,"turns":4.0},{"damage":0.0,"enemies":"Spheric Guardian","floor":21.0,"turns":1.0},{"damage":0.0,"enemies":"Centurion and Healer","floor":22.0,"turns":4.0},{"damage":30.0,"enemies":"Gremlin Leader","floor":23.0,"turns":3.0},{"damage":7.0,"enemies":"Snake Plant","floor":28.0,"turns":4.0},{"damage":0.0,"enemies":"Shelled Parasite and Fungi","floor":32.0,"turns":2.0},{"damage":6.0,"enemies":"Centurion and Healer","floor":33.0,"turns":3.0},{"damage":69.0,"enemies":"Collector","floor":35.0,"turns":10.0},{"damage":16.0,"enemies":"3 Darklings","floor":37.0,"turns":3.0},{"damage":0.0,"enemies":"Orb Walker","floor":38.0,"turns":1.0},{"damage":0,"enemies":"3 Darklings","floor":39,"turns":1},{"damage":32,"enemies":"2 Orb Walkers","floor":41,"turns":4},{"damage":90,"enemies":"Nemesis","floor":42,"turns":8}],"seed_played":"5953856191940315724","potions_obtained":[{"floor":1.0,"key":"SkillPotion"},{"floor":4.0,"key":"SpeedPotion"},{"floor":11.0,"key":"BlessingOfTheForge"},{"floor":16.0,"key":"LifebloodPotion"},{"floor":21.0,"key":"Adrenaline Potion"},{"floor":28.0,"key":"Dexterity Potion"},{"floor":35.0,"key":"Reflective Coating"},{"floor":37.0,"key":"EssenceOfSteel"},{"floor":39,"key":"BloodPotion"}],"is_trial":false,"path_per_floor":["M","?","M","M","$","E","M","R","T","R","M","?","?","M","R","B",null,"M","?","?","M","M","E","?","R","T","$","M","PTL","PTL","$","M","M","R","B",null,"M","M","M","$","?","E"],"character_chosen":"THE_GATHERER","items_purchased":["Gremlin Food","Replay:Ringing Soul","Gatherer:FinishingStrike","Gatherer:AromaProtection","Replay:Wax Seal","Gatherer:FlowerBeam"],"campfire_rested":2,"item_purchase_floors":[5,27,27,31,40,40],"current_hp_per_floor":[76,76,76,76,76,70,35,57,57,57,45,64,64,64,64,64,76,59,59,59,59,59,29,29,66,66,79,75,75,75,85,88,85,85,19,94,78,78,81,99,70,0,0,0],"gold":164,"neow_bonus":"THREE_ENEMY_KILL","is_daily":false,"chose_seed":false,"campfire_upgraded":2,"win_rate":0.0,"timestamp":1614413651,"path_taken":["M","?","?","M","$","E","M","R","T","R","M","?","?","M","R","BOSS","M","?","?","M","M","E","?","R","T","$","M","PTL","PTL","$","M","M","R","BOSS","M","M","M","$","?","E"],"items_purchased_type":["Relic","Relic","Card","Card","Relic","Card"],"build_version":"2020-12-22","purchased_purges":0,"victory":false,"max_hp_per_floor":[76,76,76,76,76,76,76,76,76,76,76,76,76,76,76,76,76,76,76,76,76,76,76,76,76,76,79,82,82,82,85,88,91,91,94,94,94,94,97,100,103,103,103,103],"card_choices":[{"not_picked":["Gatherer:Uplift","Gatherer:Enchant"],"picked":"Gatherer:FruitForce","floor":1.0},{"not_picked":["Gatherer:Transmute","Gatherer:FragileHammer"],"picked":"Gatherer:FlowerBeam","floor":3.0},{"not_picked":["Gatherer:WoolGloves","Gatherer:FeelingFine"],"picked":"Gatherer:Nutrients","floor":4.0},{"not_picked":["Gatherer:BambuSword","Gatherer:Liquidism"],"picked":"Gatherer:Snatch","floor":6.0},{"not_picked":["Gatherer:Misfortune","Gatherer:TreeGrowth","Gatherer:SealedBomb"],"picked":"SKIP","floor":7.0},{"not_picked":["Gatherer:RecipeChange","Gatherer:VenomBarrier"],"picked":"Gatherer:Nutrients","floor":11.0},{"not_picked":["Gatherer:Duplicator","Gatherer:Uplift"],"picked":"Gatherer:MindSearch","floor":14.0},{"not_picked":["Gatherer:LuckyClover","Gatherer:Examine"],"picked":"Gatherer:GrowBook","floor":16.0},{"not_picked":["Gatherer:AromaProtection","Gatherer:TreeGrowth"],"picked":"Gatherer:CarefulStrike+1","floor":18.0},{"not_picked":["Gatherer:AcidicSpray+1","Gatherer:FlowerFalling"],"picked":"Gatherer:FlowerBeam","floor":19.0},{"not_picked":["Gatherer:Snatch+1","Gatherer:QuickSynthesis"],"picked":"Gatherer:EchoOfNature+1","floor":19.0},{"not_picked":["Gatherer:Duality","Gatherer:SaveValuables"],"picked":"Gatherer:Nutrients","floor":19.0},{"not_picked":["Gatherer:Convert+1","Gatherer:TreeGrowth","Gatherer:QuickSynthesis"],"picked":"SKIP","floor":21.0},{"not_picked":["Gatherer:Duplicator","Gatherer:ScherryThrow+1","Gatherer:OddSpoils"],"picked":"SKIP","floor":22.0},{"not_picked":["Gatherer:Duality","Gatherer:FlowerPower"],"picked":"Gatherer:BalancedGrowth","floor":23.0},{"not_picked":["Gatherer:EchoOfNature","Gatherer:GlowingPlant+1"],"picked":"Gatherer:FragileHammer","floor":28.0},{"not_picked":["Gatherer:EchoOfNature+1","Gatherer:CarefulStrike"],"picked":"Gatherer:ScrollOfWall","floor":32.0},{"not_picked":["Gatherer:RottenStipe","Gatherer:StoneFence"],"picked":"Gatherer:FragileHammer","floor":33.0},{"not_picked":["Gatherer:HeartToFruit","Gatherer:PoisonMastery"],"picked":"Gatherer:FinishingStrike","floor":35.0},{"not_picked":["Gatherer:OddSpoils","Gatherer:AlchemyTrial","Gatherer:FragileHammer"],"picked":"SKIP","floor":37.0},{"not_picked":["Gatherer:WitheringStrike","Gatherer:Uplift+1","Gatherer:RottenStipe"],"picked":"SKIP","floor":38.0},{"not_picked":["Gatherer:TacticalStrike+1","Gatherer:CarefulStrike"],"picked":"Gatherer:AromaProtection+1","floor":39},{"not_picked":["Gatherer:TreeGrowth+1","Gatherer:FlowerFalling"],"picked":"Gatherer:Transmute","floor":41}],"player_experience":365642,"relics_obtained":[{"floor":6.0,"key":"Replay:Towering Pillar of Hats"},{"floor":9.0,"key":"Iron Hammer"},{"floor":23.0,"key":"Regal Pillow"},{"floor":41,"key":"Dead Branch"}],"event_choices":[{"cards_removed":["Gatherer:Defend_Gatherer"],"damage_healed":0.0,"max_hp_gain":0.0,"max_hp_loss":0.0,"gold_gain":0.0,"event_name":"Purifier","player_choice":"Purged","floor":2.0,"gold_loss":0.0,"damage_taken":0.0},{"damage_healed":19.0,"max_hp_gain":0.0,"max_hp_loss":0.0,"gold_gain":0.0,"event_name":"The Cleric","player_choice":"Healed","floor":12.0,"gold_loss":35.0,"damage_taken":0.0},{"damage_healed":0.0,"max_hp_gain":0.0,"max_hp_loss":0.0,"gold_gain":0.0,"event_name":"FaceTrader","player_choice":"Trade","floor":13.0,"gold_loss":0.0,"damage_taken":0.0,"relics_obtained":["NlothsMask"]},{"damage_healed":0.0,"max_hp_gain":0.0,"max_hp_loss":0.0,"gold_gain":0.0,"event_name":"Addict","player_choice":"Obtained Relic","floor":20.0,"gold_loss":85.0,"damage_taken":0.0,"relics_obtained":["MealTicket"]},{"damage_healed":0.0,"max_hp_gain":0.0,"max_hp_loss":0.0,"gold_gain":0.0,"event_name":"Beggar","player_choice":"Ignored","floor":24.0,"gold_loss":0.0,"damage_taken":0.0},{"damage_healed":0.0,"max_hp_gain":0.0,"max_hp_loss":0.0,"gold_gain":99.0,"event_name":"Nest","player_choice":"Stole From Cult","floor":34.0,"gold_loss":0.0,"damage_taken":0.0},{"damage_healed":0,"gold_gain":0,"player_choice":"Fight","damage_taken":0,"max_hp_gain":0,"max_hp_loss":0,"event_name":"Mysterious Sphere","floor":41,"gold_loss":0}],"is_beta":false,"boss_relics":[{"not_picked":["Cursed Key","Replay:Drink Me"],"picked":"Philosopher\u0027s Stone"},{"not_picked":["Empty Cage","Velvet Choker"],"picked":"ChewingGum"}],"items_purged_floors":[],"is_endless":false,"potions_floor_spawned":[1,4,11,16,21,28,35,37,39],"killed_by":"Nemesis","ascension_level":0}}