{"host":"bvp2uifzy1c463d9","time":1614452554,"event":{"mods":["AchievementEnabler","BaseMod","Better Note","Block Reminder","Bossed Relics","Colored Map","Colored Powertips","Hermit","Highlight Path","Hubris","Infinite Spire","Minty Spire (QoL Compilation)","Relic Sorter","Relic Stats","Reliquary","Replay The Spire","StSLib","The Blue Laboratory","Wandering Minibosses"],"gold_per_floor":[110,110,127,77,22,22,22,56,104,52,79,79,97,128,128,128,128],"floor_reached":16,"language":"ENG","playtime":731,"items_purged":["hermit:Strike_Hermit"],"score":145,"play_id":"d444305f-b9de-4edf-9e61-74a8443f272a","local_time":"20210227130234","is_ascension_mode":true,"campfire_choices":[{"data":"hermit:CursedWeapon","floor":6,"key":"SMITH"},{"floor":12,"key":"REST"},{"floor":15,"key":"REST"}],"circlet_count":0,"master_deck":["hermit:Strike_Hermit","hermit:Strike_Hermit","hermit:Defend_Hermit","hermit:Defend_Hermit","hermit:Defend_Hermit","hermit:Defend_Hermit","hermit:Snapshot+1","hermit:Covet+1","hermit:LowProfile","hermit:Virtue","hubris:Gluttony","hermit:CursedWeapon+1","hermit:Desperado","hermit:LuckOfTheDraw","hermit:SprayPray","hermit:Determination","hermit:Gestalt","Pot Of Greed","Pot Of Greed","hermit:ShadowCloak"],"relics":["hermit:Momento","ReplayTheSpireMod:CursedCoin","infinitespire:PuzzleCube","Bag of Preparation","ReplayTheSpireMod:Ninjato","Grinning Jar"],"acts_visited":["Exordium"],"potions_floor_usage":[16],"damage_taken":[{"damage":1,"enemies":"Cultist","floor":1,"turns":4},{"damage":6,"enemies":"Small Slimes","floor":3,"turns":4},{"damage":40,"enemies":"Gremlin Nob","floor":8,"turns":5},{"damage":18,"enemies":"3 Sentries","floor":11,"turns":9},{"damage":19,"enemies":"infinitespire:Voidling","floor":13,"turns":4},{"damage":4,"enemies":"Gremlin Nob","floor":14,"turns":4},{"damage":32,"enemies":"Hexaghost","floor":16,"turns":9}],"seed_played":"-1312039735277563502","potions_obtained":[{"floor":3,"key":"blueLaboratory:Moonshine"},{"floor":8,"key":"FearPotion"},{"floor":11,"key":"blueLaboratory:BubblePotion"}],"is_trial":false,"path_per_floor":["M","?","M","?","$","R","?","E","T","$","E","R","M","E","R","B"],"character_chosen":"HERMIT","items_purchased":["ReplayTheSpireMod:CursedCoin","hermit:CursedWeapon","hermit:Desperado","hermit:SprayPray"],"campfire_rested":2,"item_purchase_floors":[5,5,5,10],"current_hp_per_floor":[74,74,68,68,68,68,68,28,28,28,10,32,13,9,31,0,0],"gold":128,"neow_bonus":"RANDOM_EVENT","is_daily":false,"chose_seed":false,"campfire_upgraded":1,"win_rate":0.0,"timestamp":1614452554,"path_taken":["M","?","M","?","$","R","?","E","T","$","E","R","M","E","R","BOSS"],"items_purchased_type":["Relic","Card","Card","Card"],"build_version":"2020-12-22","purchased_purges":1,"victory":false,"max_hp_per_floor":[75,75,75,75,75,75,75,75,75,75,75,75,75,75,75,75,75],"relic_stats":{"counters":[7,39],"Bag of Preparation":[8],"obtain_stats":[{"ReplayTheSpireMod:Ninjato":11,"ReplayTheSpireMod:CursedCoin":5,"Bag of Preparation":9,"Grinning Jar":14,"hermit:Momento":0,"infinitespire:PuzzleCube":8},{"ReplayTheSpireMod:Ninjato":4,"ReplayTheSpireMod:CursedCoin":2,"Bag of Preparation":3,"Grinning Jar":6,"hermit:Momento":0,"infinitespire:PuzzleCube":3},{"ReplayTheSpireMod:Ninjato":22,"ReplayTheSpireMod:CursedCoin":8,"Bag of Preparation":13,"Grinning Jar":30,"hermit:Momento":0,"infinitespire:PuzzleCube":13}]},"card_choices":[{"not_picked":["hermit:ItchyTrigger","hermit:Snipe"],"picked":"hermit:LowProfile","floor":1},{"not_picked":["hermit:Dive","hermit:BodyArmor"],"picked":"hermit:Virtue","floor":3},{"not_picked":["hermit:ItchyTrigger","hermit:TakeAim"],"picked":"hermit:LuckOfTheDraw","floor":8},{"not_picked":["hermit:Manifest","hermit:Maintenance"],"picked":"hermit:Determination","floor":11},{"not_picked":["hermit:Deadeye","hermit:BodyArmor"],"picked":"hermit:Gestalt","floor":13},{"not_picked":["hermit:Glare","hermit:Midnight"],"picked":"hermit:ShadowCloak","floor":14}],"player_experience":391709,"relics_obtained":[{"floor":8,"key":"infinitespire:PuzzleCube"},{"floor":9,"key":"Bag of Preparation"},{"floor":11,"key":"ReplayTheSpireMod:Ninjato"},{"floor":14,"key":"Grinning Jar"}],"event_choices":[{"damage_healed":0,"gold_gain":0,"player_choice":"Grow","damage_taken":0,"max_hp_gain":0,"max_hp_loss":0,"event_name":"Living Wall","floor":0,"gold_loss":0,"cards_upgraded":["hermit:Covet"]},{"cards_removed":["hermit:Strike_Hermit"],"damage_healed":0,"gold_gain":0,"player_choice":"Card Removal","damage_taken":0,"max_hp_gain":0,"max_hp_loss":0,"event_name":"The Cleric","floor":4,"gold_loss":50},{"damage_healed":0,"gold_gain":0,"player_choice":"0 cards matched","damage_taken":0,"max_hp_gain":0,"max_hp_loss":0,"event_name":"Match and Keep!","floor":7,"gold_loss":0,"cards_obtained":[]}],"is_beta":false,"boss_relics":[],"items_purged_floors":[5],"is_endless":false,"potions_floor_spawned":[3,8,11,13],"killed_by":"Hexaghost","ascension_level":5}}