{"host":"py7qdianp3jrm8dm","time":1614457410,"event":{"mods":["AchievementEnabler","BaseMod","Bestiary","Highlight Path","Minty Spire (QoL Compilation)","Relic Stats","StSLib"],"gold_per_floor":[109,128,24,24,35,35,63,28,55,87,87,102,102,62,62,167,167,186,201,216,230,230,230,263,263,263,53,53,53,70,70,70,172,222,242,167,167,217,217,252,252,284,284,284,284,284,74,89,89,89],"floor_reached":51,"language":"ENG","playtime":4186,"items_purged":["Eruption","Defend_P"],"score":1191,"play_id":"d17eae6b-6d4a-40d3-9b7d-0aa28d23309a","local_time":"20210227202330","is_ascension_mode":true,"campfire_choices":[{"data":"PathToVictory","floor":6.0,"key":"SMITH"},{"data":"PathToVictory","floor":11.0,"key":"SMITH"},{"data":"LikeWater","floor":13.0,"key":"SMITH"},{"data":"PathToVictory","floor":15.0,"key":"SMITH"},{"data":"Wish","floor":23.0,"key":"SMITH"},{"data":"Fasting2","floor":25.0,"key":"SMITH"},{"data":"LikeWater","floor":28.0,"key":"SMITH"},{"data":"DeceiveReality","floor":32.0,"key":"SMITH"},{"data":"Protect","floor":41.0,"key":"SMITH"},{"data":"Scrawl","floor":44.0,"key":"SMITH"},{"data":"Vigilance","floor":46,"key":"SMITH"},{"data":"Defend_P","floor":49,"key":"SMITH"}],"circlet_count":0,"master_deck":["Defend_P","Defend_P","Defend_P+1","Vigilance+1","PathToVictory+1","Protect+1","PathToVictory+1","CutThroughFate+1","JustLucky+1","DeceiveReality+1","PathToVictory+1","LikeWater+1","Scrawl+1","DevaForm+1","LikeWater+1","Fasting2+1","Sanctity+1","ThirdEye+1","Wish+1","ClearTheMind+1","LikeWater+1","Evaluate+1","Evaluate+1"],"relics":["Coffee Dripper","Oddly Smooth Stone","Lizard Tail","Astrolabe","Whetstone","CeramicFish","Strawberry","Tiny House","Torii","Toxic Egg 2","Bottled Tornado","Gremlin Horn"],"acts_visited":["Exordium","TheCity","TheBeyond"],"potions_floor_usage":[45,48],"damage_taken":[{"damage":0.0,"enemies":"Small Slimes","floor":1.0,"turns":2.0},{"damage":0.0,"enemies":"2 Louse","floor":2.0,"turns":2.0},{"damage":0.0,"enemies":"Cultist","floor":5.0,"turns":3.0},{"damage":43.0,"enemies":"3 Sentries","floor":7.0,"turns":11.0},{"damage":0.0,"enemies":"Gremlin Nob","floor":10.0,"turns":2.0},{"damage":0.0,"enemies":"Looter","floor":12.0,"turns":3.0},{"damage":11.0,"enemies":"Hexaghost","floor":16.0,"turns":6.0},{"damage":0.0,"enemies":"Chosen","floor":18.0,"turns":6.0},{"damage":14.0,"enemies":"3 Byrds","floor":19.0,"turns":4.0},{"damage":13.0,"enemies":"Snecko","floor":20.0,"turns":8.0},{"damage":0.0,"enemies":"Centurion and Healer","floor":21.0,"turns":7.0},{"damage":27.0,"enemies":"Gremlin Leader","floor":24.0,"turns":8.0},{"damage":0.0,"enemies":"Snake Plant","floor":30.0,"turns":6.0},{"damage":0.0,"enemies":"Champ","floor":33.0,"turns":7.0},{"damage":11.0,"enemies":"3 Darklings","floor":35.0,"turns":8.0},{"damage":0.0,"enemies":"Mind Bloom Boss Battle","floor":38.0,"turns":7.0},{"damage":73.0,"enemies":"Reptomancer","floor":40.0,"turns":9.0},{"damage":0.0,"enemies":"Nemesis","floor":42.0,"turns":9.0},{"damage":0,"enemies":"3 Shapes","floor":45,"turns":1},{"damage":0,"enemies":"3 Darklings","floor":48,"turns":6},{"damage":24,"enemies":"Awakened One","floor":50,"turns":12}],"seed_played":"7875863814313346391","potions_obtained":[{"floor":1.0,"key":"PowerPotion"},{"floor":2.0,"key":"BlessingOfTheForge"},{"floor":12.0,"key":"StancePotion"},{"floor":20.0,"key":"SneckoOil"},{"floor":24.0,"key":"DistilledChaos"},{"floor":30.0,"key":"Explosive Potion"},{"floor":34.0,"key":"LiquidBronze"},{"floor":35.0,"key":"GamblersBrew"},{"floor":42.0,"key":"SmokeBomb"}],"is_trial":false,"path_per_floor":["M","M","$","?","M","R","E","?","T","E","R","M","R","?","R","B",null,"M","M","M","M","?","R","E","R","T","$","R","$","M","?","R","B",null,"M","$","?","?","?","E","R","E","T","R","M","R","$","M","R","B",null],"character_chosen":"WATCHER","items_purchased":["PathToVictory","CutThroughFate","Strawberry","LikeWater","Regen Potion","Evaluate+1"],"campfire_rested":0,"item_purchase_floors":[3,3,27,27,47,47],"current_hp_per_floor":[65,65,65,65,65,65,22,40,40,40,40,40,40,40,40,29,61,61,47,34,34,34,34,7,7,7,14,14,14,14,14,14,14,68,57,57,57,57,94,21,21,21,21,21,21,21,21,36,36,12],"gold":89,"neow_bonus":"BOSS_RELIC","is_daily":false,"chose_seed":false,"campfire_upgraded":12,"win_rate":0.0,"timestamp":1614457410,"path_taken":["M","M","$","?","M","R","E","?","T","E","R","M","R","?","R","BOSS","M","M","M","M","?","R","E","R","T","$","R","$","?","?","R","BOSS","M","$","?","?","?","E","R","E","T","R","?","R","$","M","R","BOSS"],"items_purchased_type":["Card","Card","Relic","Card","Potion","Card"],"build_version":"2020-12-22","purchased_purges":2,"victory":true,"max_hp_per_floor":[72,72,72,72,72,72,72,72,72,72,72,72,72,72,72,72,72,72,72,72,72,72,72,72,72,72,79,79,79,79,79,79,79,84,84,84,84,84,94,94,94,94,94,94,94,94,94,94,94,94],"relic_stats":{"Lizard Tail":0,"Torii":4,"Gremlin Horn":[5,5],"counters":[21,127],"Astrolabe":["DevaForm","LikeWater","MasterReality"],"CeramicFish":27,"Whetstone":["JustLucky","Strike_P"],"obtain_stats":[{"Tiny House":34,"Torii":38,"Gremlin Horn":43,"Astrolabe":17,"CeramicFish":26,"Oddly Smooth Stone":7,"Whetstone":24,"Bottled Tornado":42,"Lizard Tail":10,"Strawberry":27,"Coffee Dripper":0,"PureWater":0,"Toxic Egg 2":40},{"Tiny House":14,"Torii":16,"Gremlin Horn":18,"Astrolabe":7,"CeramicFish":12,"Oddly Smooth Stone":4,"Whetstone":12,"Bottled Tornado":18,"Lizard Tail":5,"Strawberry":12,"Coffee Dripper":0,"PureWater":0,"Toxic Egg 2":17},{"Tiny House":75,"Torii":90,"Gremlin Horn":108,"Astrolabe":29,"CeramicFish":62,"Oddly Smooth Stone":18,"Whetstone":62,"Bottled Tornado":108,"Lizard Tail":20,"Strawberry":62,"Coffee Dripper":0,"PureWater":0,"Toxic Egg 2":99}]},"card_choices":[{"not_picked":["Worship","WreathOfFlame"],"picked":"PathToVictory","floor":1.0},{"not_picked":["Collect","Prostrate"],"picked":"Protect","floor":2.0},{"not_picked":["ClearTheMind","EmptyBody"],"picked":"JustLucky","floor":5.0},{"not_picked":["BowlingBash","FlyingSleeves"],"picked":"DeceiveReality","floor":7.0},{"not_picked":["EmptyMind","EmptyBody"],"picked":"PathToVictory","floor":10.0},{"not_picked":["DeceiveReality","Vengeance"],"picked":"LikeWater","floor":12.0},{"not_picked":["LessonLearned","Ragnarok"],"picked":"Scrawl","floor":16.0},{"not_picked":["BattleHymn","SashWhip+1"],"picked":"Fasting2","floor":18.0},{"not_picked":["JustLucky+1","Swivel+1"],"picked":"Sanctity+1","floor":19.0},{"not_picked":["CrushJoints","Adaptation"],"picked":"ThirdEye+1","floor":20.0},{"not_picked":["InnerPeace+1","CrushJoints+1"],"picked":"Wish","floor":21.0},{"not_picked":["Conclude","Crescendo+1"],"picked":"ClearTheMind+1","floor":24.0},{"not_picked":["PathToVictory","Crescendo","EmptyFist"],"picked":"SKIP","floor":30.0},{"not_picked":["Weave","EmptyFist+1"],"picked":"Evaluate+1","floor":35.0},{"not_picked":["ThirdEye+1","Nirvana","Worship+1"],"picked":"SKIP","floor":40.0},{"not_picked":["SandsOfTime","EmptyMind+1","SashWhip"],"picked":"SKIP","floor":42.0},{"not_picked":["JustLucky+1","EmptyFist","FearNoEvil+1"],"picked":"SKIP","floor":48}],"player_experience":613126,"relics_obtained":[{"floor":7.0,"key":"Oddly Smooth Stone"},{"floor":10.0,"key":"Lizard Tail"},{"floor":24.0,"key":"Whetstone"},{"floor":26.0,"key":"CeramicFish"},{"floor":38.0,"key":"Torii"},{"floor":40.0,"key":"Toxic Egg 2"},{"floor":42.0,"key":"Bottled Tornado"},{"floor":43.0,"key":"Gremlin Horn"}],"event_choices":[{"damage_healed":0.0,"max_hp_gain":0.0,"max_hp_loss":0.0,"gold_gain":0.0,"event_name":"Liars Game","player_choice":"Ignored","floor":4.0,"gold_loss":0.0,"damage_taken":0.0},{"damage_healed":18.0,"max_hp_gain":0.0,"max_hp_loss":0.0,"gold_gain":0.0,"event_name":"The Cleric","player_choice":"Healed","floor":8.0,"gold_loss":35.0,"damage_taken":0.0},{"damage_healed":0.0,"max_hp_gain":0.0,"max_hp_loss":0.0,"gold_gain":0.0,"event_name":"World of Goop","player_choice":"Left Gold","floor":14.0,"gold_loss":40.0,"damage_taken":0.0},{"damage_healed":0.0,"max_hp_gain":0.0,"max_hp_loss":0.0,"gold_gain":0.0,"event_name":"N\u0027loth","player_choice":"Ignored","floor":22.0,"gold_loss":0.0,"damage_taken":0.0},{"damage_healed":0.0,"max_hp_gain":0.0,"max_hp_loss":0.0,"gold_gain":0.0,"event_name":"Cursed Tome","player_choice":"Ignored","floor":31.0,"gold_loss":0.0,"damage_taken":0.0},{"cards_removed":["Strike_P"],"damage_healed":0.0,"max_hp_gain":0.0,"max_hp_loss":0.0,"gold_gain":0.0,"event_name":"Falling","player_choice":"Removed Attack","floor":37.0,"gold_loss":0.0,"damage_taken":0.0},{"damage_healed":0.0,"max_hp_gain":0.0,"max_hp_loss":0.0,"gold_gain":0.0,"event_name":"MindBloom","player_choice":"Fight","floor":38.0,"gold_loss":0.0,"damage_taken":0.0},{"cards_removed":["MasterReality"],"damage_healed":27.0,"max_hp_gain":10.0,"max_hp_loss":0.0,"gold_gain":0.0,"event_name":"Bonfire Elementals","player_choice":"Offered Rare","floor":39.0,"gold_loss":0.0,"damage_taken":0.0}],"is_beta":false,"boss_relics":[{"not_picked":["Cursed Key","Pandora\u0027s Box"],"picked":"Astrolabe"},{"not_picked":["Fusion Hammer","Runic Dome"],"picked":"Tiny House"}],"items_purged_floors":[36,47],"is_endless":false,"potions_floor_spawned":[1,2,12,20,24,30,35,42],"ascension_level":9}}