{"host":"338bkdl2yirdp2ct","time":1614451883,"event":{"mods":["AchievementEnabler","BaseMod","Challenge The Spire","Colored Powertips","Custom Start","Dark Map","DeckTracker","Highlight Path","Minty Spire (QoL Compilation)","Quick Restart","Random Character Button","Relic Sorter","Relic Stats","Uncapped","Unceasing Turn Reminder","slay the spire mod where everything is the same but ironclad has a cowboy hat"],"gold_per_floor":[283,283,314,346,380,380,380,32,61,103,142,154,166,178,190,190],"floor_reached":15,"language":"ENG","playtime":406,"items_purged":[],"score":240,"play_id":"d174f742-3bf0-43ce-ac5b-43d7eeb9846c","local_time":"20210227105123","daily_mods":["challengethespire:Silver Difficulty","challengethespire:Elite Rush","Uncertain Future"],"is_ascension_mode":true,"campfire_choices":[{"data":"Searing Blow","floor":2,"key":"SMITH"},{"data":"Whirlwind","floor":7,"key":"SMITH"},{"data":"Demon Form","floor":13,"key":"SMITH"},{"data":"Searing Blow+1","floor":14,"key":"SMITH"}],"circlet_count":0,"master_deck":["AscendersBane","Strike_R","Strike_R","Strike_R","Strike_R","Strike_R","Defend_R","Defend_R","Defend_R","Defend_R","Bash","Spot Weakness","Inflame","Flex","Searing Blow+2","Inflame","Whirlwind+1","Defend_R","Offering","Flex","Demon Form+1","Sword Boomerang"],"relics":["Black Blood","Black Star","Sling","PreservedInsect","Gremlin Horn","DollysMirror","Turnip","MealTicket","Red Skull","Bottled Lightning","Magic Flower","Strawberry","Astrolabe","Bag of Marbles","MawBank","Paper Frog","Lantern","Ornamental Fan","Art of War","Omamori"],"acts_visited":["Exordium"],"potions_floor_usage":[3,9],"damage_taken":[{"damage":25,"enemies":"Lagavulin","floor":3,"turns":5},{"damage":10,"enemies":"3 Sentries","floor":4,"turns":2},{"damage":8,"enemies":"Gremlin Nob","floor":5,"turns":3},{"damage":22,"enemies":"Slavers","floor":9,"turns":3},{"damage":36,"enemies":"Book of Stabbing","floor":10,"turns":3},{"damage":6,"enemies":"Gremlin Leader","floor":11,"turns":3},{"damage":58,"enemies":"Giant Head","floor":15,"turns":5}],"seed_played":"1676316300022621241","potions_obtained":[{"floor":5,"key":"Fire Potion"},{"floor":10,"key":"Swift Potion"},{"floor":11,"key":"Swift Potion"}],"is_trial":true,"path_per_floor":["$","R","E","E","E","T","R","$","E","E","E","T","R","R","E"],"character_chosen":"IRONCLAD","items_purchased":["Gremlin Horn","Spot Weakness","Inflame","Flex","Searing Blow","DollysMirror","LiquidMemories","Bag of Marbles","Offering","Flex"],"campfire_rested":0,"item_purchase_floors":[1,1,1,1,1,1,1,8,8,8],"current_hp_per_floor":[72,72,53,49,54,54,54,69,56,29,32,32,32,32,0,0],"gold":190,"neow_bonus":"","is_daily":false,"chose_seed":false,"campfire_upgraded":4,"win_rate":0.0,"timestamp":1614451883,"path_taken":["$","R","E","E","E","T","R","$","E","E","E","T","R","R","E"],"items_purchased_type":["Relic","Card","Card","Card","Card","Relic","Potion","Relic","Card","Card"],"build_version":"2020-12-22","purchased_purges":0,"victory":false,"max_hp_per_floor":[80,80,80,80,87,87,87,87,87,87,87,87,87,87,87,87],"relic_stats":{"Gremlin Horn":[8,8],"counters":[7,24],"Astrolabe":[],"Black Blood":45,"Magic Flower":[9],"PreservedInsect":347,"MawBank":72,"Ornamental Fan":[8],"MealTicket":15,"Turnip":[0],"Black Star":6,"Art of War":[0],"obtain_stats":[{"Lantern":10,"Gremlin Horn":1,"Astrolabe":6,"Magic Flower":5,"Black Blood":12,"PreservedInsect":0,"Omamori":11,"Sling":0,"MawBank":9,"Burning Blood":0,"DollysMirror":1,"Ornamental Fan":10,"Strawberry":5,"MealTicket":3,"Turnip":3,"Black Star":0,"Bag of Marbles":8,"Art of War":11,"Bottled Lightning":4,"Red Skull":4,"Paper Frog":9},{"Lantern":5,"Gremlin Horn":0,"Astrolabe":3,"Magic Flower":3,"Black Blood":6,"PreservedInsect":0,"Omamori":6,"Sling":0,"MawBank":4,"Burning Blood":0,"DollysMirror":0,"Ornamental Fan":5,"Strawberry":3,"MealTicket":1,"Turnip":1,"Black Star":0,"Bag of Marbles":3,"Art of War":6,"Bottled Lightning":2,"Red Skull":2,"Paper Frog":4},{"Lantern":16,"Gremlin Horn":0,"Astrolabe":10,"Magic Flower":10,"Black Blood":19,"PreservedInsect":0,"Omamori":19,"Sling":0,"MawBank":13,"Burning Blood":0,"DollysMirror":0,"Ornamental Fan":16,"Strawberry":10,"MealTicket":5,"Turnip":5,"Black Star":0,"Bag of Marbles":10,"Art of War":19,"Bottled Lightning":7,"Red Skull":7,"Paper Frog":13}]},"card_choices":[],"player_experience":1184219,"relics_obtained":[{"floor":3,"key":"Turnip"},{"floor":3,"key":"MealTicket"},{"floor":4,"key":"Red Skull"},{"floor":4,"key":"Bottled Lightning"},{"floor":5,"key":"Magic Flower"},{"floor":5,"key":"Strawberry"},{"floor":9,"key":"MawBank"},{"floor":9,"key":"Paper Frog"},{"floor":10,"key":"Lantern"},{"floor":10,"key":"Ornamental Fan"},{"floor":11,"key":"Art of War"},{"floor":11,"key":"Omamori"}],"event_choices":[],"is_beta":false,"boss_relics":[{"not_picked":["Sozu","Runic Cube"],"picked":"Astrolabe"},{"not_picked":["Coffee Dripper","Pandora\u0027s Box"],"picked":"Black Blood"}],"items_purged_floors":[],"is_endless":false,"potions_floor_spawned":[5,10,11],"killed_by":"Giant Head","ascension_level":10}}