{"host":"ef0di4u2iht71tvj","time":1614445091,"event":{"mods":["2.2 Compatiblity","Act Like it!","BaseMod","DeckTracker","Downfall","Hermit","HololiveMod","JesterMod","Koishi","Marisa????????","Minty Spire (QoL Compilation)","StSLib","SuperFastMode","Synergy Search","The Animator","The Bug Knight","The Clintock","The Construct","The Cursed","The Disciple","The Forsaken","The Gatherer","The Hierophant","The Jungle","The Servant 0.9.4"],"gold_per_floor":[110,127,302,13,33,33,63,74,74,74,74,85,100,126,126,231,231,244,263,8,8,8,33,33,33,59,90,100,11,39,53,53,149,149,162,179,191,191,20,55,70,97,121,121,421,432,140,152,152,152],"floor_reached":51,"language":"ENG","playtime":4427,"items_purged":["Doubt","HollowMod:QuickDashStart","Writhe","HollowMod:NailStrikeStart"],"score":997,"play_id":"9dda031e-8855-4c21-ba33-a76b4b90f7a1","local_time":"20210227175811","is_ascension_mode":true,"campfire_choices":[{"data":"HollowMod:MantisMark","floor":6.0,"key":"SMITH"},{"data":"HollowMod:GreatSlash","floor":11.0,"key":"SMITH"},{"data":"HollowMod:MawleksShell","floor":15.0,"key":"SMITH"},{"data":"HollowMod:LifebloodCore","floor":25.0,"key":"SMITH"},{"data":"HollowMod:CrystalDash","floor":32.0,"key":"SMITH"},{"data":"HollowMod:SlysStrikes","floor":44,"key":"SMITH"},{"floor":49,"key":"REST"}],"circlet_count":0,"master_deck":["HollowMod:NailStrikeStart","HollowMod:NailStrikeStart","HollowMod:NailStrikeStart","HollowMod:QuickDashStart","HollowMod:QuickDashStart","HollowMod:QuickDashStart","HollowMod:FocusHealStart+1","HollowMod:PogoStrike","HollowMod:NewLittleFool","HollowMod:GreatSlash+1","HollowMod:MantisMark+1","HollowMod:LifebloodCore+1","HollowMod:CloakDash","HollowMod:HeavyBlow","HollowMod:CrystalDash+1","HollowMod:MawleksShell+1","HollowMod:CornifersMapStart+1","HollowMod:LifebloodCore+1","HollowMod:HeavyBlow+1","HollowMod:ShadowDash+1","HollowMod:CrystalDash+1","HollowMod:DescendingDark+1","HollowMod:AbyssShriek+1","HollowMod:LuriensSpire+1","HollowMod:VengefulVoid","HollowMod:NewLittleFool+1","HollowMod:SlysStrikes+1","HollowMod:WraithStrike+1","HollowMod:CloakDash+1","HollowMod:CloakDash+1","HollowMod:GrimmsGift+1","HollowMod:SiblingsShadow+1","HollowMod:DungDefenderAura+1","Panacea+1","HollowMod:GoodIntentions+1"],"relics":["HollowMod:VesselMask","Strawberry","HornCleat","StrikeDummy","Toxic Egg 2","Philosopher\u0027s Stone","Oddly Smooth Stone","Bag of Marbles","Shuriken","PreservedInsect","InkBottle","Potion Belt","Runic Pyramid","Blue Candle","Anchor","Pear","Nunchaku"],"acts_visited":["Exordium","TheCity","TheBeyond"],"potions_floor_usage":[],"damage_taken":[{"damage":1.0,"enemies":"Cultist","floor":1.0,"turns":3.0},{"damage":0.0,"enemies":"Jaw Worm","floor":2.0,"turns":5.0},{"damage":3.0,"enemies":"2 Louse","floor":5.0,"turns":4.0},{"damage":30.0,"enemies":"3 Sentries","floor":7.0,"turns":8.0},{"damage":1.0,"enemies":"Exordium Wildlife","floor":8.0,"turns":5.0},{"damage":0.0,"enemies":"Blue Slaver","floor":12.0,"turns":7.0},{"damage":0.0,"enemies":"2 Fungi Beasts","floor":13.0,"turns":1.0},{"damage":0.0,"enemies":"Gremlin Nob","floor":14.0,"turns":3.0},{"damage":7.0,"enemies":"Slime Boss","floor":16.0,"turns":5.0},{"damage":4.0,"enemies":"2 Thieves","floor":18.0,"turns":3.0},{"damage":0.0,"enemies":"Spheric Guardian","floor":19.0,"turns":4.0},{"damage":0.0,"enemies":"HollowMod:Nosk","floor":23.0,"turns":8.0},{"damage":30.0,"enemies":"Book of Stabbing","floor":27.0,"turns":5.0},{"damage":2.0,"enemies":"Chosen and Byrds","floor":28.0,"turns":3.0},{"damage":8.0,"enemies":"Slavers","floor":30.0,"turns":9.0},{"damage":0.0,"enemies":"Snake Plant","floor":31.0,"turns":5.0},{"damage":64.0,"enemies":"Automaton","floor":33.0,"turns":12.0},{"damage":22.0,"enemies":"Orb Walker","floor":35.0,"turns":2.0},{"damage":0.0,"enemies":"3 Darklings","floor":36.0,"turns":1.0},{"damage":0.0,"enemies":"Sphere and 2 Shapes","floor":37.0,"turns":3.0},{"damage":0.0,"enemies":"HollowMod:StalkingDevout","floor":40.0,"turns":11.0},{"damage":0.0,"enemies":"Transient","floor":41.0,"turns":5.0},{"damage":58,"enemies":"Giant Head","floor":42,"turns":10},{"damage":12,"enemies":"Maw","floor":46,"turns":7},{"damage":1,"enemies":"4 Shapes","floor":48,"turns":10},{"damage":73,"enemies":"Awakened One","floor":50,"turns":21}],"seed_played":"-5021503718763020765","potions_obtained":[{"floor":1.0,"key":"hexamod:SoulburnPotion"},{"floor":7.0,"key":"Energy Potion"},{"floor":8.0,"key":"BlessingOfTheForge"},{"floor":16.0,"key":"AttackPotion"},{"floor":19.0,"key":"LiquidBronze"},{"floor":30.0,"key":"Strength Potion"},{"floor":31.0,"key":"SmokeBomb"},{"floor":35.0,"key":"Fire Potion"},{"floor":37.0,"key":"sneckomod:MuddlingPotion"},{"floor":40.0,"key":"SpeedPotion"},{"floor":42,"key":"Explosive Potion"},{"floor":48,"key":"Regen Potion"}],"is_trial":false,"path_per_floor":["M","M","?","$","M","R","E","M","T","?","R","M","M","E","R","B",null,"M","M","$","?","?","E","$","R","T","E","M","$","E","M","R","B",null,"M","M","M","?","$","E","M","E","T","R","?","M","$","M","R","B",null],"character_chosen":"THE_BUGKNIGHT","items_purchased":["HollowMod:MantisMark","Strawberry","Oddly Smooth Stone","HollowMod:LuriensSpire+1","HollowMod:VengefulVoid","HollowMod:CloakDash+1","Panacea+1","HollowMod:GoodIntentions+1"],"campfire_rested":1,"item_purchase_floors":[4,4,20,29,29,39,47,47],"current_hp_per_floor":[81,82,82,89,89,89,69,74,74,74,74,86,86,86,86,79,89,85,89,89,89,89,89,89,89,89,59,63,63,61,67,67,15,89,67,67,67,62,62,74,80,38,38,38,38,36,36,47,76,15],"gold":152,"neow_bonus":"TEN_PERCENT_HP_BONUS","is_daily":false,"chose_seed":false,"campfire_upgraded":6,"win_rate":0.0,"timestamp":1614445091,"path_taken":["M","M","?","$","M","R","E","M","T","?","R","M","M","E","R","BOSS","M","M","$","?","?","E","?","R","T","E","M","$","E","M","R","BOSS","M","M","M","?","$","E","M","E","T","R","?","?","$","M","R","BOSS"],"items_purchased_type":["Card","Relic","Relic","Card","Card","Card","Card","Card"],"build_version":"2020-12-22","purchased_purges":4,"victory":true,"max_hp_per_floor":[82,82,82,89,89,89,89,89,89,89,89,89,89,89,89,89,89,89,89,89,89,89,89,89,89,89,89,89,89,89,89,89,89,89,89,89,89,89,89,89,89,99,99,99,99,99,99,99,99,99],"card_choices":[{"not_picked":["HollowMod:DesolateDive","HollowMod:GrimmsGift"],"picked":"HollowMod:NewLittleFool","floor":1.0},{"not_picked":["HollowMod:SoulSplash","HollowMod:SiblingsShadow"],"picked":"HollowMod:GreatSlash","floor":2.0},{"not_picked":["HollowMod:ShadowDash","HollowMod:CrystalDash"],"picked":"HollowMod:LifebloodCore","floor":5.0},{"not_picked":["HollowMod:DreamGate","HollowMod:PerfectDash"],"picked":"HollowMod:CloakDash","floor":7.0},{"not_picked":["HollowMod:ChannelNail","HollowMod:SiblingsShadow"],"picked":"HollowMod:HeavyBlow","floor":8.0},{"not_picked":["HollowMod:Grubsong","HollowMod:DesolateDive"],"picked":"HollowMod:CrystalDash","floor":12.0},{"not_picked":["HollowMod:WraithStrike","HollowMod:DoubleDash"],"picked":"HollowMod:MawleksShell","floor":13.0},{"not_picked":["HollowMod:GreatSlash","HollowMod:SoulEater"],"picked":"HollowMod:CornifersMapStart+1","floor":14.0},{"not_picked":["HollowMod:LordofShades","HollowMod:ElderbugsWisdom"],"picked":"HollowMod:LifebloodCore+1","floor":16.0},{"not_picked":["HollowMod:MonomonsArchive+1","HollowMod:MothsMistake"],"picked":"HollowMod:HeavyBlow+1","floor":18.0},{"not_picked":["HollowMod:VengefulVoid","HollowMod:DesolateDive"],"picked":"HollowMod:ShadowDash+1","floor":19.0},{"not_picked":["HollowMod:InfectedAttack","HollowMod:PureNailStrike+1"],"picked":"HollowMod:CrystalDash+1","floor":23.0},{"not_picked":["HollowMod:NewInfectedGuardian+1","HollowMod:SoulStrike+1"],"picked":"HollowMod:DescendingDark+1","floor":27.0},{"not_picked":["HollowMod:SharpenedNail+1","HollowMod:SiblingsShadow+1"],"picked":"HollowMod:AbyssShriek+1","floor":28.0},{"not_picked":["HollowMod:CoiledNail","HollowMod:ChannelNail+1"],"picked":"HollowMod:NewLittleFool+1","floor":30.0},{"not_picked":["HollowMod:InfectedAttack","HollowMod:LuriensSpire+1","HollowMod:SharpenedNail"],"picked":"SKIP","floor":31.0},{"not_picked":["HollowMod:AwokenDreamNail","HollowMod:PureVessel"],"picked":"HollowMod:SlysStrikes","floor":33.0},{"not_picked":["HollowMod:LuriensSpire+1","HollowMod:InfectedAttack"],"picked":"HollowMod:WraithStrike+1","floor":35.0},{"not_picked":["HollowMod:NewLittleFool","HollowMod:DreamGate+1"],"picked":"HollowMod:CloakDash+1","floor":36.0},{"not_picked":["HollowMod:ChannelNail+1","HollowMod:FallenFury+1","HollowMod:SoulSplash+1"],"picked":"SKIP","floor":37.0},{"not_picked":["HollowMod:InfectedAttack+1","HollowMod:AbyssShriek+1","HollowMod:HeavyBlow+1"],"picked":"SKIP","floor":40.0},{"not_picked":["HollowMod:CornifersMapStart+1","HollowMod:InfectedAttack"],"picked":"HollowMod:GrimmsGift+1","floor":41.0},{"not_picked":["HollowMod:HeavyBlow+1","HollowMod:SiblingsSouls+1"],"picked":"HollowMod:SiblingsShadow+1","floor":42},{"not_picked":["HollowMod:ElderbugsWisdom","HollowMod:InfectedCysts+1"],"picked":"HollowMod:DungDefenderAura+1","floor":46},{"not_picked":["HollowMod:Grubsong","HollowMod:CornifersMapStart+1","HollowMod:SharpenedNail"],"picked":"SKIP","floor":48}],"player_experience":1867283,"relics_obtained":[{"floor":7.0,"key":"HornCleat"},{"floor":9.0,"key":"StrikeDummy"},{"floor":14.0,"key":"Toxic Egg 2"},{"floor":23.0,"key":"Shuriken"},{"floor":26.0,"key":"PreservedInsect"},{"floor":27.0,"key":"InkBottle"},{"floor":30.0,"key":"Potion Belt"},{"floor":40.0,"key":"Anchor"},{"floor":42,"key":"Pear"},{"floor":43,"key":"Nunchaku"}],"event_choices":[{"damage_healed":0.0,"max_hp_gain":0.0,"max_hp_loss":0.0,"gold_gain":175.0,"event_name":"Liars Game","player_choice":"AGREE","floor":3.0,"gold_loss":0.0,"damage_taken":0.0,"cards_obtained":["Doubt"]},{"damage_healed":0.0,"max_hp_gain":0.0,"max_hp_loss":0.0,"gold_gain":0.0,"event_name":"Upgrade Shrine","player_choice":"Upgraded","floor":10.0,"gold_loss":0.0,"damage_taken":0.0,"cards_upgraded":["HollowMod:FocusHealStart"]},{"damage_healed":0.0,"max_hp_gain":0.0,"max_hp_loss":0.0,"gold_gain":0.0,"event_name":"The Mausoleum","player_choice":"Opened","floor":21.0,"gold_loss":0.0,"damage_taken":0.0,"relics_obtained":["Bag of Marbles"],"cards_obtained":["Writhe"]},{"damage_healed":0,"gold_gain":300,"player_choice":"Gold","damage_taken":0,"max_hp_gain":0,"max_hp_loss":0,"event_name":"Wheel of Change","floor":45,"gold_loss":0}],"is_beta":false,"boss_relics":[{"not_picked":["SacredBark","jesterMod:MachoBrace"],"picked":"Philosopher\u0027s Stone"},{"not_picked":["Snecko Eye","SlaversCollar"],"picked":"Runic Pyramid"}],"items_purged_floors":[4,20,39,47],"is_endless":false,"potions_floor_spawned":[1,7,8,16,19,30,31,35,37,40,42,48],"ascension_level":3}}