{"host":"2ty4h143nj8vwezc","time":1614393524,"event":{"mods":["BaseMod","Colored Map","Googly Eyes","Highlight Path","Minty Spire (QoL Compilation)","Quick Restart","StSLib"],"gold_per_floor":[366,55,205,221,221,249,36,36,36,70,87,6,23,35,35,109,109,122,122,172,184,200,200,200,200],"floor_reached":24,"language":"ENG","playtime":10635,"items_purged":["Regret","Doubt"],"score":381,"play_id":"ba3c64bd-8a3f-4152-9ca9-1ccf2c4724ec","local_time":"20210226213844","is_ascension_mode":true,"campfire_choices":[{"floor":8.0,"key":"REST"},{"data":"Echo Form","floor":15.0,"key":"SMITH"},{"floor":23,"key":"REST"}],"circlet_count":0,"master_deck":["AscendersBane","Strike_B","Strike_B","Defend_B","Defend_B","Defend_B","Defend_B","Zap","Dualcast","Chill","Defragment","Bandage Up","Ball Lightning","Chaos+1","Echo Form+1","Self Repair","Ball Lightning","Leap","Aggregate","Capacitor","Hologram","Force Field","Creative AI","Defragment","Machine Learning","Redo","Chill","Go for the Eyes"],"relics":["Cracked Core","Gambling Chip","White Beast Statue","Shuriken","SlaversCollar"],"acts_visited":["Exordium","TheCity"],"potions_floor_usage":[22,24],"damage_taken":[{"damage":4.0,"enemies":"2 Louse","floor":1.0,"turns":3.0},{"damage":5.0,"enemies":"Small Slimes","floor":4.0,"turns":3.0},{"damage":23.0,"enemies":"Gremlin Nob","floor":6.0,"turns":4.0},{"damage":21.0,"enemies":"Lagavulin","floor":10.0,"turns":5.0},{"damage":2.0,"enemies":"Jaw Worm","floor":11.0,"turns":3.0},{"damage":5.0,"enemies":"Blue Slaver","floor":13.0,"turns":5.0},{"damage":6.0,"enemies":"Lots of Slimes","floor":14.0,"turns":5.0},{"damage":31.0,"enemies":"The Guardian","floor":16.0,"turns":9.0},{"damage":51.0,"enemies":"3 Byrds","floor":18.0,"turns":5.0},{"damage":20.0,"enemies":"Chosen","floor":21.0,"turns":6.0},{"damage":5,"enemies":"Shelled Parasite and Fungi","floor":22,"turns":7},{"damage":79,"enemies":"Gremlin Leader","floor":24,"turns":7}],"seed_played":"8969316113469505859","potions_obtained":[{"floor":6.0,"key":"Weak Potion"},{"floor":10.0,"key":"FairyPotion"},{"floor":14.0,"key":"FocusPotion"},{"floor":22,"key":"SkillPotion"}],"is_trial":false,"path_per_floor":["M","$","?","M","?","E","$","R","T","E","M","$","M","M","R","B",null,"M","?","?","M","M","R","E"],"character_chosen":"DEFECT","items_purchased":["Defragment","Bandage Up","Ball Lightning","Self Repair","Ball Lightning","Capacitor"],"campfire_rested":2,"item_purchase_floors":[2,2,2,7,7,12],"current_hp_per_floor":[60,60,60,59,59,36,36,57,57,54,56,56,62,67,67,47,65,25,25,25,27,26,47,0,0],"gold":200,"neow_bonus":"TWO_FIFTY_GOLD","is_daily":false,"chose_seed":false,"campfire_upgraded":1,"win_rate":0.0,"timestamp":1614393524,"path_taken":["M","$","?","M","?","E","?","R","T","E","M","$","M","M","R","BOSS","M","?","?","M","M","R","E"],"items_purchased_type":["Card","Card","Card","Card","Card","Card"],"build_version":"2020-12-22","purchased_purges":2,"victory":false,"max_hp_per_floor":[71,71,71,71,71,71,71,71,71,71,71,71,71,71,71,71,71,71,71,71,71,71,71,71,71],"card_choices":[{"not_picked":["Sunder","Hologram"],"picked":"Chill","floor":1.0},{"not_picked":["Undo","Go for the Eyes"],"picked":"Chaos","floor":4.0},{"not_picked":["BootSequence","Rebound"],"picked":"Echo Form","floor":6.0},{"not_picked":["Sweeping Beam","Barrage"],"picked":"Leap","floor":10.0},{"not_picked":["Sweeping Beam","Redo"],"picked":"Aggregate","floor":11.0},{"not_picked":["Sweeping Beam","Barrage"],"picked":"Hologram","floor":13.0},{"not_picked":["Recycle","Loop"],"picked":"Force Field","floor":14.0},{"not_picked":["Seek","Reboot"],"picked":"Creative AI","floor":16.0},{"not_picked":["Go for the Eyes","Barrage"],"picked":"Defragment","floor":18.0},{"not_picked":["Self Repair","Tempest+1"],"picked":"Chill","floor":21.0},{"not_picked":["Conserve Battery","Hologram"],"picked":"Go for the Eyes","floor":22}],"player_experience":490707,"relics_obtained":[{"floor":6.0,"key":"Gambling Chip"},{"floor":9.0,"key":"White Beast Statue"},{"floor":10.0,"key":"Shuriken"}],"event_choices":[{"damage_healed":0.0,"max_hp_gain":0.0,"max_hp_loss":0.0,"gold_gain":150.0,"event_name":"Liars Game","player_choice":"AGREE","floor":3.0,"gold_loss":0.0,"damage_taken":0.0,"cards_obtained":["Doubt"]},{"damage_healed":0.0,"max_hp_gain":0.0,"max_hp_loss":0.0,"gold_gain":0.0,"event_name":"Living Wall","player_choice":"Grow","floor":5.0,"gold_loss":0.0,"damage_taken":0.0,"cards_upgraded":["Chaos"]},{"damage_healed":0.0,"max_hp_gain":0.0,"max_hp_loss":0.0,"gold_gain":0.0,"cards_transformed":["Strike_B","Strike_B"],"event_name":"Drug Dealer","player_choice":"Became Test Subject","floor":19.0,"gold_loss":0.0,"damage_taken":0.0,"cards_obtained":["Machine Learning","Redo"]},{"damage_healed":0.0,"max_hp_gain":0.0,"max_hp_loss":0.0,"gold_gain":50.0,"event_name":"Nest","player_choice":"Stole From Cult","floor":20.0,"gold_loss":0.0,"damage_taken":0.0}],"is_beta":false,"boss_relics":[{"not_picked":["Ectoplasm","Snecko Eye"],"picked":"SlaversCollar"}],"items_purged_floors":[2,7],"is_endless":false,"potions_floor_spawned":[6,10,11,13,14,16,18,21,22],"killed_by":"Gremlin Leader","ascension_level":17}}