{"host":"0hpcwmnjk6ebq46s","time":1614422319,"event":{"mods":["Act Like it!","AlwaysNeverKeys","Aspiration","Astrologer","Bard","BaseMod","Better Note","Better Third Choice","Colored Map","Colored Powertips","Duelist Mod","Energized Spire","GifTheSpireLib","Glutton Mod","Googly Eyes","Halation","Hallownest","Hubris","Infinite Spire","Jedi Mod","Mad Scientist","Marisa????????","Mimic Mod","Minty Spire (QoL Compilation)","Permanent Neow","Relic Stats","Reliquary","Remilia??????","Replay The Spire","Ruina","Spicy Shops","StSLib","Stuff the Spire","SuperFastMode","The Administrix","The Animator","The Blue Laboratory","The Bug Knight","The Construct","The Cursed","The Disciple","The Hierophant","The Necromancer","The Runesmith","The Wild Card","TheFirefly","Transform Curses","UnlockEverythingMod"],"gold_per_floor":[119,119,130,147,161,161,180,28,28,28,62,94,129,2,2,97,97,116,116,116,26,43,43,73,73,73,93,93,93,111,123,123,123,123],"floor_reached":33,"language":"ENG","playtime":3318,"items_purged":[],"score":533,"play_id":"c5e061e6-e31b-4849-8bd5-899d37af64e3","local_time":"20210227043839","daily_mods":["SealedDeck","Red Cards","Green Cards","Blue Cards","Purple Cards"],"is_ascension_mode":true,"campfire_choices":[{"data":"LockedLightning","floor":6,"key":"SMITH"},{"floor":10,"key":"REST"},{"data":"thefirefly:AutoTargeting","floor":15,"key":"SMITH"},{"data":"MastersStateliness","floor":23,"key":"SMITH"},{"floor":25,"key":"REST"},{"floor":29,"key":"REST"},{"data":"infinitespire:Fortify","floor":32,"key":"SMITH"}],"circlet_count":0,"master_deck":["Allegro","construct:Boost+1","jedi:blockon","Static Discharge","thefirefly:RollBack","MysteriousBeam","CharismaGuard+1","AdministrixMod:DiversionaryTactic","Backflip","Beam Cell+1","MastersStateliness+1","AdministrixMod:DiversionaryTactic","LockedLightning+1","construct:Hazardproof","thefirefly:AutoTargeting+1","Demon Form+1","infinitespire:Fortify+1","LockedOrichalcum","BlueShift","Bite+1","Bite","Bite","Bite","Bite","LockedBlood","AlternateTimeline+1"],"relics":["Chronometer","Gremlin Food","Durian","StuffTheSpire:GrapeVine","Cryopreserver","infinitespire:FocusingShard","StuffTheSpire:PointBlank","SlipperyGoo","StuffTheSpire:OldFever","Replay:Kaleidoscope"],"acts_visited":["Exordium","TheCity"],"potions_floor_usage":[11,16,24,24,27,31],"damage_taken":[{"damage":0,"enemies":"Jaw Worm","floor":1,"turns":3},{"damage":0,"enemies":"Cultist","floor":3,"turns":3},{"damage":0,"enemies":"2 Louse","floor":4,"turns":3},{"damage":5,"enemies":"Gremlin Gang","floor":5,"turns":5},{"damage":6,"enemies":"2 Fungi Beasts","floor":7,"turns":3},{"damage":7,"enemies":"3 Sentries","floor":11,"turns":6},{"damage":0,"enemies":"Blue Slaver","floor":12,"turns":7},{"damage":0,"enemies":"Lagavulin","floor":13,"turns":5},{"damage":0,"enemies":"Slime Boss","floor":16,"turns":7},{"damage":0,"enemies":"Spheric Guardian","floor":18,"turns":4},{"damage":12,"enemies":"Shell Parasite","floor":22,"turns":5},{"damage":43,"enemies":"Gremlin Leader","floor":24,"turns":5},{"damage":17,"enemies":"Snake Plant","floor":27,"turns":4},{"damage":7,"enemies":"Sentry and Sphere","floor":30,"turns":6},{"damage":21,"enemies":"3 Cultists","floor":31,"turns":5},{"damage":34,"enemies":"Collector","floor":33,"turns":3}],"seed_played":"8651944932742676071","potions_obtained":[{"floor":2,"key":"blueLaboratory:BottleOfVodka"},{"floor":2,"key":"blueLaboratory:EmptyBottle"},{"floor":2,"key":"WardPotion"},{"floor":13,"key":"SteroidPotion"},{"floor":16,"key":"blueLaboratory:BubblePotion"},{"floor":27,"key":"Toxic Potion"}],"is_trial":true,"path_per_floor":["M","?","M","M","M","R","M","$","T","R","E","MIM","E","$","R","B",null,"M","AVR","?","?","M","R","E","R","T","M","?","R","M","M","R_BF","B"],"character_chosen":"CHRONO_CLASS","items_purchased":["Gremlin Food","StuffTheSpire:PointBlank"],"campfire_rested":3,"item_purchase_floors":[8,14],"current_hp_per_floor":[59,59,59,59,54,54,50,50,55,70,63,66,66,66,66,66,69,69,69,69,69,57,57,16,37,37,20,20,34,44,34,34,0,0],"gold":123,"neow_bonus":"","is_daily":false,"chose_seed":false,"campfire_upgraded":4,"win_rate":0.0,"timestamp":1614422319,"path_taken":["M","?","M","?","M","R","M","?","T","R","E","?","E","$","R","BOSS","M","AVR","?","?","?","R","E","R","T","M","?","R","M","M","R_BF","BOSS"],"items_purchased_type":["Relic","Relic"],"build_version":"2020-12-22","purchased_purges":0,"victory":false,"max_hp_per_floor":[65,65,65,65,65,65,65,65,70,70,70,70,70,70,70,70,70,70,70,70,70,70,70,70,70,70,70,49,49,49,49,49,49,49],"relic_stats":{"counters":[16,74],"obtain_stats":[{"Gremlin Food":8,"SlipperyGoo":19,"Chronometer":0,"Cryopreserver":12,"infinitespire:FocusingShard":13,"Durian":9,"StuffTheSpire:GrapeVine":12,"StuffTheSpire:PointBlank":14,"Replay:Kaleidoscope":26,"StuffTheSpire:OldFever":24,"reliquary:FerryPass":11},{"Gremlin Food":5,"SlipperyGoo":10,"Chronometer":0,"Cryopreserver":7,"infinitespire:FocusingShard":8,"Durian":5,"StuffTheSpire:GrapeVine":7,"StuffTheSpire:PointBlank":8,"Replay:Kaleidoscope":12,"StuffTheSpire:OldFever":12,"reliquary:FerryPass":6},{"Gremlin Food":17,"SlipperyGoo":46,"Chronometer":0,"Cryopreserver":30,"infinitespire:FocusingShard":35,"Durian":17,"StuffTheSpire:GrapeVine":30,"StuffTheSpire:PointBlank":35,"Replay:Kaleidoscope":56,"StuffTheSpire:OldFever":56,"reliquary:FerryPass":23}]},"card_choices":[{"not_picked":["Sentinel","Shrug It Off"],"picked":"MastersStateliness","floor":1},{"not_picked":["NonDirectionalLaser","construct:VentSteam"],"picked":"AdministrixMod:DiversionaryTactic","floor":3},{"not_picked":["AdministrixMod:ImmortalPurity","thefirefly:EMP"],"picked":"LockedLightning","floor":4},{"not_picked":["Run Through","thefirefly:SoulStrike","thefirefly:Rend"],"picked":"SKIP","floor":5},{"not_picked":["SprinkleStarSeal","Acceleration"],"picked":"construct:Hazardproof","floor":7},{"not_picked":["Underhanded Strike","Steam","Eviscerate"],"picked":"SKIP","floor":11},{"not_picked":["FitfulNightmare","thefirefly:Reposition"],"picked":"thefirefly:AutoTargeting","floor":12},{"not_picked":["hierophant:Purify","AlternateTimeline"],"picked":"Demon Form","floor":13},{"not_picked":["LockedMedicine+1","ReapSow","LockedWhetstone"],"picked":"SKIP","floor":18},{"not_picked":["SlimeSpray+1","LockedAnchor"],"picked":"LockedOrichalcum","floor":22},{"not_picked":["Stagnate","LockedAnchor"],"picked":"BlueShift","floor":24},{"not_picked":["BlueShift","Cuckoo","LockedTurtyl"],"picked":"SKIP","floor":27},{"not_picked":["Recurrance+1","Engulf"],"picked":"LockedBlood","floor":30},{"not_picked":["HandsUpC","Parity"],"picked":"AlternateTimeline+1","floor":31}],"player_experience":128359,"relics_obtained":[{"floor":9,"key":"Durian"},{"floor":11,"key":"reliquary:FerryPass"},{"floor":12,"key":"StuffTheSpire:GrapeVine"},{"floor":12,"key":"Cryopreserver"},{"floor":13,"key":"infinitespire:FocusingShard"},{"floor":24,"key":"StuffTheSpire:OldFever"},{"floor":26,"key":"Replay:Kaleidoscope"}],"event_choices":[{"damage_healed":0,"gold_gain":0,"player_choice":"Got Potions","damage_taken":0,"max_hp_gain":0,"max_hp_loss":0,"event_name":"Lab","floor":2,"gold_loss":0},{"cards_removed":["Loop"],"damage_healed":0,"gold_gain":0,"player_choice":"Upgrade and Remove","damage_taken":0,"max_hp_gain":0,"max_hp_loss":0,"event_name":"Designer","floor":21,"gold_loss":90,"cards_upgraded":["CharismaGuard"]},{"damage_healed":0,"gold_gain":0,"player_choice":"Became a vampire","damage_taken":0,"max_hp_gain":0,"max_hp_loss":21,"event_name":"Vampires","floor":28,"gold_loss":0,"cards_obtained":["Bite","Bite","Bite","Bite","Bite"]}],"is_beta":false,"boss_relics":[{"not_picked":["Replay:Drink Me","hubris:CrackedHourglass","StuffTheSpire:ModemDavis"]}],"items_purged_floors":[],"is_endless":false,"potions_floor_spawned":[7,13,16,18,27],"killed_by":"Collector","ascension_level":9}}