{"host":"9qgbal69wq5palas","time":1614437168,"event":{"mods":["2.2 Compatiblity","Abigail Mod","AchievementEnabler","Act Like it!","Aspiration","Astrologer","Bartender","BaseMod","Better Altar","Better Note","Better Skull","Better Third Choice","Colored Powertips","Hallownest","Hermit","Highlight Path","Hubris","Infinite Spire","Jorbs\u0027s Wanderer Trilogy","Koishi","Lobotomy","Minty Spire (QoL Compilation)","Potionbrewer","Quick Restart","Random Character Button","Replay The Spire","Shade Mod","Shop Mod","Spicy Shops","StSLib","The Animator","The Bug Knight","The Cursed","The Disciple","The Exalted","The Hierophant","The Necromancer","The Servant 0.9.4","Wandering Minibosses"],"gold_per_floor":[115,115,13,27,27,27,60,78,78,98,23,51,51,51,51,154,154,167,167,180,32,81,107,107,154,202,202,260,297,321,380,380,508,508,537,537,597,639,32,32,62,62,62,102,144,201,269,328,328,358,358,358,358,44,116,146],"floor_reached":57,"language":"ENG","playtime":3945,"items_purged":["hermit:Strike_Hermit"],"score":1251,"play_id":"aa26c602-8426-4929-87c9-46479b436263","local_time":"20210227154608","is_ascension_mode":true,"campfire_choices":[{"data":"hermit:Vantage","floor":6,"key":"SMITH"},{"data":"hermit:Snapshot","floor":13,"key":"SMITH"},{"data":"hermit:Strike_Hermit","floor":15,"key":"PURGE"},{"data":"hermit:Manifest","floor":24,"key":"SMITH"},{"data":"hermit:FromBeyond","floor":27,"key":"SMITH"},{"floor":40,"key":"RECALL"},{"data":"hermit:FromBeyond","floor":42,"key":"SMITH"},{"data":"Pot Of Greed","floor":49,"key":"SMITH"},{"data":"hermit:Determination","floor":53,"key":"SMITH"}],"circlet_count":0,"master_deck":["hermit:Strike_Hermit+1","hermit:Defend_Hermit","hermit:Defend_Hermit","hermit:Snapshot+1","hermit:Covet","hermit:Ricochet+1","Injury","hermit:Vantage+1","hermit:Malice+1","hermit:SprayPray+1","hermit:Quickdraw+1","hermit:Reprieve","hermit:FromBeyond+1","hermit:Quickdraw+1","ReplayTheSpireMod:Splinters","hermit:Headshot+1","hermit:Manifest+1","hermit:Magnum+1","hermit:ItchyTrigger+1","hermit:FromBeyond+1","hermit:EyeOfTheStorm","hermit:PistolWhip+1","hermit:HeroicBravado","hermit:SprayPray+1","hermit:CalledShot+1","hermit:Manifest+1","ReplayTheSpireMod:Necrogeddon+1","hermit:Horror","hermit:Horror+1","Pot Of Greed+1","Pot Of Greed","Pot Of Greed","hermit:Dive","hermit:WideOpen+1","hermit:Determination+1","hermit:FlashPowder+1","hermit:GhostlyPresence"],"relics":["hermit:Momento","Molten Egg 2","infinitespire:Beetle Shell","Pear","MealTicket","Replay:Baseball","Coffee Dripper","hermit:PetGhost","Bromod:ArcaneTrickery","Replay:Bandana","Omamori","Boot","Dream Catcher","potionbrewer:WarMedal","hubris:Backtick","TheCursedMod:CrystalBall","aspiration:HatOfInfinitePower","wanderingMiniBosses:Inkheart","infinitespire:Lychee Nut","hubris:EmptyBottle","Grinning Jar","Replay:Mystery Machine","hermit:CharredGlove","Smiling Mask","hubris:Spice","Whetstone"],"acts_visited":["Exordium","TheCity","TheBeyond","TheEnding"],"potions_floor_usage":[7,20,20,20,31,31,33,50,50,56,56],"damage_taken":[{"damage":2,"enemies":"Jaw Worm","floor":1,"turns":4},{"damage":0,"enemies":"Cultist","floor":4,"turns":4},{"damage":17,"enemies":"Lagavulin","floor":7,"turns":6},{"damage":7,"enemies":"Small Slimes","floor":8,"turns":5},{"damage":0,"enemies":"3 Louse","floor":10,"turns":2},{"damage":4,"enemies":"Replay:BlueRogue","floor":12,"turns":5},{"damage":39,"enemies":"Fading Forest","floor":16,"turns":11},{"damage":19,"enemies":"2 Thieves","floor":18,"turns":6},{"damage":11,"enemies":"3 Byrds","floor":20,"turns":4},{"damage":12,"enemies":"Gremlin Leader","floor":23,"turns":5},{"damage":53,"enemies":"Book of Stabbing","floor":25,"turns":6},{"damage":0,"enemies":"Gremlin Leader","floor":28,"turns":4},{"damage":13,"enemies":"Snecko","floor":29,"turns":3},{"damage":7,"enemies":"Slavers","floor":31,"turns":5},{"damage":64,"enemies":"Champ","floor":33,"turns":9},{"damage":24,"enemies":"Orb Walker","floor":35,"turns":3},{"damage":75,"enemies":"2 Orb Walkers","floor":37,"turns":7},{"damage":1,"enemies":"3 Darklings","floor":38,"turns":4},{"damage":27,"enemies":"Sphere and 2 Shapes","floor":41,"turns":5},{"damage":1,"enemies":"4 Shapes","floor":44,"turns":7},{"damage":17,"enemies":"Maw","floor":45,"turns":6},{"damage":0,"enemies":"R_Hoarder","floor":46,"turns":5},{"damage":2,"enemies":"Mind Bloom Boss Battle","floor":47,"turns":4},{"damage":20,"enemies":"Nemesis","floor":48,"turns":3},{"damage":23,"enemies":"Replay:Hell Engine","floor":50,"turns":5},{"damage":1,"enemies":"Shield and Spear","floor":55,"turns":3},{"damage":84,"enemies":"The Heart","floor":56,"turns":8}],"seed_played":"-2205814885990255164","potions_obtained":[{"floor":1,"key":"AttackPotion"},{"floor":7,"key":"Elixir"},{"floor":12,"key":"Strength Potion"},{"floor":16,"key":"potionbrewer:SplittingPotion"},{"floor":20,"key":"DuplicationPotion"},{"floor":28,"key":"potionbrewer:MidasPotion"},{"floor":31,"key":"SkillPotion"},{"floor":37,"key":"potionbrewer:ToxicPotion"},{"floor":38,"key":"Dexterity Potion"},{"floor":45,"key":"BlessingOfTheForge"},{"floor":48,"key":"DistilledChaos"}],"is_trial":false,"path_per_floor":["M","?","$","M","?","R","E","M","T","M","$","E","R","?","R","B",null,"M","?","M","$","?","E","R","E","T","R","E","M","T","E","R","B",null,"M","?","?","M","$","R","M","R","T","M","M","E","?","E","R","B",null,null,"R","$","E","B",null],"character_chosen":"HERMIT","items_purchased":["hermit:Vantage","MealTicket","hermit:PetGhost","infinitespire:Lychee Nut","ReplayTheSpireMod:Necrogeddon+1","FairyPotion","hubris:EmptyBottle","hermit:Horror","hubris:Spice"],"campfire_rested":0,"item_purchase_floors":[3,11,21,39,39,39,39,39,54],"current_hp_per_floor":[73,73,73,73,73,73,56,49,59,59,59,55,55,55,55,47,85,74,74,67,82,82,73,73,28,28,28,44,31,31,40,65,9,85,73,73,6,13,28,28,23,23,23,32,21,31,35,36,36,31,31,63,63,71,71,14],"gold":146,"neow_bonus":"REMOVE_CARD","is_daily":false,"chose_seed":false,"campfire_upgraded":7,"win_rate":0.0,"timestamp":1614437168,"path_taken":["M","?","$","M","?","R","E","?","T","M","$","E","R","?","R","BOSS","M","?","M","$","?","E","R","E","T","R","E","M","?","E","R","BOSS","M","?","?","M","$","R","M","R","T","M","M","E","?","E","R","BOSS","R","$","E","BOSS"],"items_purchased_type":["Card","Relic","Relic","Relic","Card","Potion","Relic","Card","Relic"],"build_version":"2020-12-22","purchased_purges":1,"victory":true,"max_hp_per_floor":[75,75,75,75,75,75,75,75,85,85,85,85,85,85,85,85,85,85,85,85,85,85,85,85,85,85,85,85,85,85,85,85,85,85,85,85,85,85,63,63,63,63,63,63,63,63,63,63,63,63,63,63,63,71,71,71],"card_choices":[{"not_picked":["hermit:Coalescence","hermit:Glare"],"picked":"hermit:Ricochet","floor":1},{"not_picked":["hermit:Shortfuse+1","hermit:FullyLoaded"],"picked":"hermit:Malice+1","floor":4},{"not_picked":["hermit:Purgatory+1","hermit:Showdown+1"],"picked":"hermit:SprayPray+1","floor":7},{"not_picked":["hermit:Maintenance","hermit:SprayPray+1"],"picked":"hermit:Quickdraw+1","floor":8},{"not_picked":["hermit:Coalescence","hermit:Glare","hermit:HoleUp"],"picked":"SKIP","floor":10},{"not_picked":["hermit:Deadeye+1","hermit:Feint"],"picked":"hermit:Reprieve","floor":12},{"not_picked":["hermit:Reprieve","hermit:FinalCanter+1"],"picked":"hermit:FromBeyond","floor":16},{"not_picked":["hermit:BodyArmor+1","hermit:DeadMansHand"],"picked":"hermit:Quickdraw+1","floor":18},{"not_picked":["hermit:Shortfuse+1","hermit:Desperado+1","hermit:FullyLoaded"],"picked":"SKIP","floor":20},{"not_picked":["hermit:HoleUp+1","hermit:BodyArmor"],"picked":"hermit:Headshot+1","floor":22},{"not_picked":["hermit:Maintenance+1","hermit:Glare"],"picked":"hermit:Manifest","floor":22},{"not_picked":["hermit:Headshot+1","hermit:Gambit"],"picked":"hermit:Magnum+1","floor":23},{"not_picked":["hermit:Showdown+1","hermit:Maintenance+1"],"picked":"hermit:ItchyTrigger+1","floor":25},{"not_picked":["hermit:Grudge+1","hermit:Feint"],"picked":"hermit:FromBeyond","floor":28},{"not_picked":["hermit:Showdown+1","hermit:Feint","hermit:BodyArmor"],"picked":"SKIP","floor":29},{"not_picked":["hermit:ItchyTrigger+1","hermit:Roulette+1"],"picked":"hermit:EyeOfTheStorm","floor":31},{"not_picked":["hermit:Snipe+1","hermit:Headshot+1"],"picked":"hermit:PistolWhip+1","floor":32},{"not_picked":["hermit:RoundhouseKick+1","hermit:Dissolve"],"picked":"hermit:HeroicBravado","floor":33},{"not_picked":["hermit:FullyLoaded","hermit:TakeCover"],"picked":"hermit:SprayPray+1","floor":35},{"not_picked":["hermit:Misfire+1","hermit:Showdown+1"],"picked":"hermit:CalledShot+1","floor":37},{"not_picked":["hermit:HoleUp+1","hermit:Snipe+1"],"picked":"hermit:Manifest+1","floor":38},{"not_picked":["hermit:Magnum+1","hermit:Ricochet+1"],"picked":"hermit:Horror+1","floor":41},{"not_picked":["hermit:LowProfile+1","hermit:HoleUp+1"],"picked":"hermit:Dive","floor":44},{"not_picked":["hermit:FinalCanter+1","hermit:Roulette+1"],"picked":"hermit:WideOpen+1","floor":45},{"not_picked":["hermit:NoHoldsBarred+1","hermit:Roulette+1"],"picked":"hermit:Determination","floor":46},{"not_picked":["hermit:Headshot+1","hermit:Showdown+1"],"picked":"hermit:FlashPowder+1","floor":48},{"not_picked":["hermit:Coalescence","hermit:TrackingShot+1"],"picked":"hermit:GhostlyPresence","floor":55}],"player_experience":2823624,"relics_obtained":[{"floor":7,"key":"infinitespire:Beetle Shell"},{"floor":9,"key":"Pear"},{"floor":12,"key":"Replay:Baseball"},{"floor":22,"key":"Bromod:ArcaneTrickery"},{"floor":23,"key":"Replay:Bandana"},{"floor":25,"key":"Omamori"},{"floor":28,"key":"Boot"},{"floor":30,"key":"Dream Catcher"},{"floor":31,"key":"potionbrewer:WarMedal"},{"floor":37,"key":"aspiration:HatOfInfinitePower"},{"floor":37,"key":"wanderingMiniBosses:Inkheart"},{"floor":43,"key":"Grinning Jar"},{"floor":46,"key":"Replay:Mystery Machine"},{"floor":47,"key":"hermit:CharredGlove"},{"floor":48,"key":"Smiling Mask"},{"floor":55,"key":"Whetstone"}],"event_choices":[{"cards_removed":["hermit:Defend_Hermit"],"damage_healed":0,"gold_gain":0,"player_choice":"Offered Basic","damage_taken":0,"max_hp_gain":0,"max_hp_loss":0,"event_name":"Bonfire Elementals","floor":5,"gold_loss":0},{"damage_healed":0,"gold_gain":0,"player_choice":"Fight","damage_taken":0,"max_hp_gain":0,"max_hp_loss":0,"event_name":"Mysterious Sphere","floor":37,"gold_loss":0},{"damage_healed":0,"gold_gain":0,"player_choice":"Fight","damage_taken":0,"max_hp_gain":0,"max_hp_loss":0,"event_name":"MindBloom","floor":47,"gold_loss":0}],"is_beta":false,"boss_relics":[{"not_picked":["infinitespire:Cupcake","Ectoplasm"],"picked":"Coffee Dripper"},{"not_picked":["hermit:DentedPlate","aspiration:ServantSkillbook"],"picked":"hubris:Backtick"}],"items_purged_floors":[3],"is_endless":false,"potions_floor_spawned":[1,7,12,16,20,28,31,37,38,45,48],"ascension_level":2}}