{"host":"8fnghcq8tvbg6z9e","time":1614413734,"event":{"mods":["BaseMod","Downfall","Minty Spire (QoL Compilation)","Quick Restart","StSLib"],"gold_per_floor":[113,113,113,63,76,76,109,169,169,184,184,217,217,238,238,350,350,350,350,350],"floor_reached":18,"language":"ZHS","playtime":497,"items_purged":[],"score":193,"play_id":"c9138ee6-f65b-4766-8a32-cd6ffad523cf","local_time":"20210227161534","is_ascension_mode":false,"campfire_choices":[{"data":"hexamod:Float","floor":6,"key":"SMITH"},{"floor":11,"key":"RECALL"},{"data":"hexamod:PowerFromBeyond","floor":13,"key":"SMITH"},{"data":"hexamod:Sear","floor":15,"key":"SMITH"}],"circlet_count":0,"master_deck":["hexamod:Strike","hexamod:Strike","hexamod:Strike","hexamod:Defend","hexamod:Defend","hexamod:Defend+1","hexamod:Defend+1","hexamod:Sear+1","hexamod:Float+1","hexamod:PowerFromBeyond+1","hexamod:SpectersWail","hexamod:Firestarter","hexamod:SecondSeal","hexamod:FirstSeal","hexamod:VolcanoVisage"],"relics":["hexamod:SpiritBrand","NeowsBlessing","Incense Burner","War Paint","Pocketwatch","Ornamental Fan","Omamori","SlaversCollar"],"acts_visited":["Exordium","TheCity"],"potions_floor_usage":[12],"damage_taken":[{"damage":0,"enemies":"Jaw Worm","floor":1,"turns":1},{"damage":0,"enemies":"Small Slimes","floor":5,"turns":1},{"damage":0,"enemies":"3 Sentries","floor":7,"turns":1},{"damage":9,"enemies":"Lagavulin Event","floor":8,"turns":6},{"damage":0,"enemies":"2 Louse","floor":10,"turns":2},{"damage":6,"enemies":"Lagavulin","floor":12,"turns":6},{"damage":12,"enemies":"Blue Slaver","floor":14,"turns":3},{"damage":35,"enemies":"Hexaghost","floor":16,"turns":11},{"damage":0,"enemies":"3 Byrds","floor":18,"turns":1}],"seed_played":"-7893160543954330577","potions_obtained":[{"floor":1,"key":"Energy Potion"},{"floor":10,"key":"SmokeBomb"}],"is_trial":false,"path_per_floor":["M","?","?","?","M","R","E","?","T","M","R","E","R","M","R","B",null,"M"],"character_chosen":"THE_SPIRIT","items_purchased":[],"campfire_rested":0,"item_purchase_floors":[],"current_hp_per_floor":[70,75,68,68,68,68,68,59,59,59,59,53,53,48,48,20,75,75,75,75],"gold":350,"neow_bonus":"THREE_ENEMY_KILL","is_daily":false,"chose_seed":false,"campfire_upgraded":3,"win_rate":0.0,"timestamp":1614413734,"path_taken":["M","?","?","?","M","R","E","?","T","M","R","E","R","M","R","BOSS","M"],"items_purchased_type":[],"build_version":"2020-12-22","purchased_purges":0,"victory":false,"max_hp_per_floor":[70,75,75,75,75,75,75,75,75,75,75,75,75,75,75,75,75,75,75,75],"card_choices":[{"not_picked":["hexamod:SwordOfDarkness","hexamod:FastForward"],"picked":"hexamod:PowerFromBeyond","floor":1},{"not_picked":["hexamod:ChargedBarrage","hexamod:NightmareStrike"],"picked":"hexamod:SpectersWail","floor":5},{"not_picked":["hexamod:SpectralSpark","hexamod:ThermalTransfer","hexamod:HeatMetal"],"picked":"SKIP","floor":7},{"not_picked":["hexamod:ChargedBarrage","hexamod:GhostflameBarrier"],"picked":"hexamod:Firestarter","floor":8},{"not_picked":["hexamod:InspiringFlames","hexamod:ParanormalForm"],"picked":"hexamod:SecondSeal","floor":10},{"not_picked":["hexamod:SwordOfDarkness","hexamod:FlamesFromBeyond"],"picked":"hexamod:FirstSeal","floor":12},{"not_picked":["hexamod:PhantomCloak","hexamod:CatchUp","hexamod:SpectersWail"],"picked":"SKIP","floor":14},{"not_picked":["hexamod:TimeWarp","hexamod:WildfireWeapon"],"picked":"hexamod:VolcanoVisage","floor":16}],"player_experience":205091,"relics_obtained":[{"floor":7,"key":"War Paint"},{"floor":8,"key":"Pocketwatch"},{"floor":9,"key":"Ornamental Fan"},{"floor":12,"key":"Omamori"}],"event_choices":[{"damage_healed":0,"gold_gain":0,"player_choice":"Donut","damage_taken":0,"max_hp_gain":5,"max_hp_loss":0,"event_name":"Big Fish","floor":2,"gold_loss":0},{"damage_healed":0,"gold_gain":0,"player_choice":"Success","damage_taken":7,"relics_obtained":["Incense Burner"],"max_hp_gain":0,"max_hp_loss":0,"event_name":"Scrap Ooze","floor":3,"gold_loss":0},{"cards_removed":["hexamod:Strike"],"damage_healed":0,"gold_gain":0,"player_choice":"Card Removal","damage_taken":0,"max_hp_gain":0,"max_hp_loss":0,"event_name":"The Cleric","floor":4,"gold_loss":50},{"damage_healed":0,"gold_gain":0,"player_choice":"Searched \u00271\u0027 times","damage_taken":0,"max_hp_gain":0,"max_hp_loss":0,"event_name":"Dead Adventurer","floor":8,"gold_loss":0}],"is_beta":false,"boss_relics":[{"not_picked":["Velvet Choker","Snecko Eye"],"picked":"SlaversCollar"}],"items_purged_floors":[],"is_endless":false,"potions_floor_spawned":[1,10],"killed_by":"3 Byrds","ascension_level":0}}