{"host":"oy4pyvr762z5n0bb","time":1614411942,"event":{"mods":["AchievementEnabler","BaseMod","Colored Map","Colored Powertips","Googly Eyes","Key Reminder","Minty Spire (QoL Compilation)","Quick Restart","Relic Sorter","Slay the Relics Exporter","StSLib","SuperFastMode","Unceasing Turn Reminder","slay the spire mod where everything is the same but ironclad has a cowboy hat"],"gold_per_floor":[117,137,154,154,30,30,58,58,129,55,67,242,242,207,207,312,312,331,347,347,347,363,363,398,148,201,221,91,91,111,130,130,235,235,248,277,297,35,48,75,125,125,178,197,44,44,44],"floor_reached":46,"language":"ENG","playtime":1217,"items_purged":["Strike_R","Strike_R"],"score":470,"play_id":"cee41297-8194-4e23-9a23-523912354b24","local_time":"20210226234542","is_ascension_mode":false,"campfire_choices":[{"data":"Carnage","floor":6.0,"key":"SMITH"},{"data":"Bash","floor":15.0,"key":"SMITH"},{"data":"J.A.X.","floor":23.0,"key":"SMITH"},{"floor":32.0,"key":"REST"},{"data":"Double Tap","floor":42.0,"key":"SMITH"}],"circlet_count":0,"master_deck":["Strike_R+1","Strike_R","Strike_R","Defend_R","Defend_R","Defend_R","Defend_R+1","Bash+1","Impervious","Spot Weakness","Flame Barrier","Carnage+1","Cleave","True Grit","Parasite","Dropkick","Thunderclap","Immolate","Shrug It Off+1","J.A.X.+1","Ghostly Armor+1","Dropkick","Sword Boomerang+1","Reaper","Armaments+1","Double Tap+1","Sword Boomerang+1"],"relics":["Burning Blood","Regal Pillow","keyreminder:keyreminder","Mercury Hourglass","Sozu","Paper Frog","Letter Opener","Lantern","CeramicFish","Busted Crown","Singing Bowl","Eternal Feather","Incense Burner","Bag of Marbles"],"acts_visited":["Exordium","TheCity","TheBeyond"],"potions_floor_usage":[],"damage_taken":[{"damage":6.0,"enemies":"Jaw Worm","floor":1.0,"turns":3.0},{"damage":2.0,"enemies":"2 Louse","floor":2.0,"turns":3.0},{"damage":2.0,"enemies":"Small Slimes","floor":3.0,"turns":3.0},{"damage":32.0,"enemies":"Lagavulin","floor":7.0,"turns":8.0},{"damage":8.0,"enemies":"3 Louse","floor":11.0,"turns":2.0},{"damage":68.0,"enemies":"The Guardian","floor":16.0,"turns":13.0},{"damage":0.0,"enemies":"Chosen","floor":18.0,"turns":3.0},{"damage":4.0,"enemies":"Shell Parasite","floor":19.0,"turns":6.0},{"damage":11.0,"enemies":"Snake Plant","floor":22.0,"turns":3.0},{"damage":25.0,"enemies":"Book of Stabbing","floor":24.0,"turns":5.0},{"damage":7.0,"enemies":"Cultist and Chosen","floor":27.0,"turns":5.0},{"damage":3.0,"enemies":"Centurion and Healer","floor":30.0,"turns":6.0},{"damage":33.0,"enemies":"Snake Plant","floor":31.0,"turns":3.0},{"damage":67.0,"enemies":"Collector","floor":33.0,"turns":7.0},{"damage":7.0,"enemies":"Orb Walker","floor":35.0,"turns":3.0},{"damage":4.0,"enemies":"3 Shapes","floor":36.0,"turns":12.0},{"damage":17.0,"enemies":"Spire Growth","floor":37.0,"turns":4.0},{"damage":19.0,"enemies":"4 Shapes","floor":39.0,"turns":3.0},{"damage":24.0,"enemies":"Reptomancer","floor":40.0,"turns":5.0},{"damage":20.0,"enemies":"Mind Bloom Boss Battle","floor":41.0,"turns":7.0},{"damage":5,"enemies":"Transient","floor":44,"turns":5},{"damage":111,"enemies":"Giant Head","floor":46,"turns":9}],"seed_played":"-8856314468551935401","potions_obtained":[{"floor":2.0,"key":"Block Potion"},{"floor":7.0,"key":"Regen Potion"},{"floor":11.0,"key":"SpeedPotion"}],"is_trial":false,"path_per_floor":["M","M","M","?","$","R","E","?","T","$","M","?","?","?","R","B",null,"M","M","?","T","M","R","E","$","T","M","$","?","M","M","R","B",null,"M","M","M","$","M","E","?","R","T","M","$","E"],"character_chosen":"IRONCLAD","items_purchased":["Cleave","Dropkick","Lantern","Reaper","Singing Bowl","Bag of Marbles"],"campfire_rested":1,"item_purchase_floors":[5,10,25,28,38,45],"current_hp_per_floor":[80,80,80,64,64,64,38,58,58,58,56,56,56,76,76,29,80,80,80,80,80,75,75,56,56,56,55,55,55,58,41,80,19,80,79,80,69,69,69,58,56,71,71,74,74,0,0],"gold":44,"neow_bonus":"ONE_RANDOM_RARE_CARD","is_daily":false,"chose_seed":false,"campfire_upgraded":4,"win_rate":0.0,"timestamp":1614411942,"path_taken":["M","M","M","?","$","R","E","?","T","$","M","?","?","?","R","BOSS","M","M","?","?","?","R","E","$","T","M","$","?","M","M","R","BOSS","M","?","M","$","M","E","?","R","T","M","$","E"],"items_purchased_type":["Card","Card","Relic","Card","Relic","Relic"],"build_version":"2020-12-22","purchased_purges":2,"victory":false,"max_hp_per_floor":[80,80,80,80,80,80,80,80,80,80,80,80,80,80,80,80,80,80,80,80,80,80,80,80,80,80,80,80,80,80,80,80,80,80,80,80,80,80,82,84,86,86,86,88,88,88,88],"card_choices":[{"not_picked":["Shrug It Off","Perfected Strike"],"picked":"Spot Weakness","floor":1.0},{"not_picked":["Wild Strike","Flex"],"picked":"Flame Barrier","floor":2.0},{"not_picked":["Whirlwind","Feel No Pain"],"picked":"Carnage","floor":3.0},{"not_picked":["Seeing Red","Searing Blow"],"picked":"True Grit","floor":7.0},{"not_picked":["Cleave","Rampage"],"picked":"Thunderclap","floor":11.0},{"not_picked":["Fiend Fire","Corruption"],"picked":"Immolate","floor":16.0},{"not_picked":["Clothesline","Havoc","Feel No Pain"],"picked":"SKIP","floor":18.0},{"not_picked":["Iron Wave","Ghostly Armor"],"picked":"Shrug It Off+1","floor":19.0},{"not_picked":["Clothesline","Sever Soul+1"],"picked":"Ghostly Armor+1","floor":22.0},{"not_picked":["Demon Form","Wild Strike+1"],"picked":"Dropkick","floor":24.0},{"not_picked":["Metallicize","Intimidate"],"picked":"Sword Boomerang+1","floor":27.0},{"not_picked":["Reckless Charge+1","Spot Weakness","Headbutt"],"picked":"SKIP","floor":30.0},{"not_picked":["Rupture","Clash"],"picked":"Armaments+1","floor":31.0},{"not_picked":["Brutality","Demon Form"],"picked":"Double Tap","floor":33.0},{"not_picked":["Seeing Red+1"],"picked":"SKIP","floor":35.0},{"not_picked":[],"picked":"Sword Boomerang+1","floor":36.0},{"not_picked":["Sever Soul+1"],"picked":"SKIP","floor":37.0},{"not_picked":["Thunderclap+1"],"picked":"Singing Bowl","floor":39.0},{"not_picked":["Wild Strike"],"picked":"Singing Bowl","floor":40.0},{"not_picked":["Clash"],"picked":"Singing Bowl","floor":41.0},{"not_picked":["Clothesline+1"],"picked":"Singing Bowl","floor":44}],"player_experience":642210,"relics_obtained":[{"floor":7.0,"key":"Regal Pillow"},{"floor":9.0,"key":"Mercury Hourglass"},{"floor":21.0,"key":"Paper Frog"},{"floor":24.0,"key":"Letter Opener"},{"floor":26.0,"key":"CeramicFish"},{"floor":40.0,"key":"Eternal Feather"},{"floor":41.0,"key":"Incense Burner"}],"event_choices":[{"damage_healed":0.0,"max_hp_gain":0.0,"max_hp_loss":0.0,"gold_gain":0.0,"event_name":"Shining Light","player_choice":"Entered Light","floor":4.0,"gold_loss":0.0,"damage_taken":16.0,"cards_upgraded":["Defend_R","Strike_R"]},{"damage_healed":20.0,"max_hp_gain":0.0,"max_hp_loss":0.0,"gold_gain":0.0,"event_name":"Mushrooms","player_choice":"Healed and dodged fight","floor":8.0,"gold_loss":0.0,"damage_taken":0.0,"cards_obtained":["Parasite"]},{"damage_healed":0.0,"max_hp_gain":0.0,"max_hp_loss":0.0,"gold_gain":175.0,"event_name":"Liars Game","player_choice":"AGREE","floor":12.0,"gold_loss":0.0,"damage_taken":0.0,"cards_obtained":["Doubt"]},{"cards_removed":["Doubt"],"damage_healed":0.0,"max_hp_gain":0.0,"max_hp_loss":0.0,"gold_gain":0.0,"event_name":"Living Wall","player_choice":"Forget","floor":13.0,"gold_loss":0.0,"damage_taken":0.0},{"damage_healed":20.0,"max_hp_gain":0.0,"max_hp_loss":0.0,"gold_gain":0.0,"event_name":"The Cleric","player_choice":"Healed","floor":14.0,"gold_loss":35.0,"damage_taken":0.0},{"damage_healed":0.0,"max_hp_gain":0.0,"max_hp_loss":0.0,"gold_gain":0.0,"event_name":"Drug Dealer","player_choice":"Obtain J.A.X.","floor":20.0,"gold_loss":0.0,"damage_taken":0.0,"cards_obtained":["J.A.X."]},{"damage_healed":0.0,"max_hp_gain":0.0,"max_hp_loss":0.0,"gold_gain":0.0,"event_name":"Match and Keep!","player_choice":"0 cards matched","floor":29.0,"gold_loss":0.0,"damage_taken":0.0,"cards_obtained":[]},{"damage_healed":0.0,"max_hp_gain":0.0,"max_hp_loss":0.0,"gold_gain":0.0,"event_name":"MindBloom","player_choice":"Fight","floor":41.0,"gold_loss":0.0,"damage_taken":0.0}],"is_beta":false,"boss_relics":[{"not_picked":["Astrolabe","Runic Dome"],"picked":"Sozu"},{"not_picked":["Coffee Dripper","SlaversCollar"],"picked":"Busted Crown"}],"items_purged_floors":[5,25],"is_endless":false,"potions_floor_spawned":[2,7,11,22,27,35,37,41,44],"killed_by":"Giant Head","ascension_level":0}}