{"host":"egwexuw5uvnxf11j","time":1614404399,"event":{"mods":["2.2 Compatiblity","Aspiration","BaseMod","Better Note","Better Sensory Stone","Better Third Choice","Displayed Cursed Tome","Downfall","Hermit","Key Reminder","Koishi","Marisa????????","Minty Spire (QoL Compilation)","Quick Restart","Shade Mod","Spicy Shops","StSLib","The Construct","The Cursed","The Runesmith","The Senshi","The Servant 0.9.4","Transform Curses"],"gold_per_floor":[114,114,114,129,147,147,178,178,178,178,178],"floor_reached":10,"language":"ENG","playtime":619,"items_purged":[],"score":79,"play_id":"660975c9-b126-4888-978e-8c9da1091338","local_time":"20210227003959","is_ascension_mode":true,"campfire_choices":[{"data":"Apotheosis","floor":6,"key":"SMITH"},{"floor":8,"key":"REST"}],"circlet_count":0,"master_deck":["Strike_P","Strike_P","Strike_P","Strike_P","Defend_P","Defend_P","Defend_P","Defend_P","Eruption","Vigilance","DeusExMachina","JustLucky","Apotheosis+1","Injury","Pray","CrushJoints+1","Evaluate"],"relics":["PureWater","Molten Egg 2","aspiration:FrozenJewel","Mercury Hourglass"],"acts_visited":["Exordium"],"potions_floor_usage":[10],"damage_taken":[{"damage":2,"enemies":"Cultist","floor":1,"turns":3},{"damage":7,"enemies":"Small Slimes","floor":4,"turns":3},{"damage":0,"enemies":"Jaw Worm","floor":5,"turns":3},{"damage":53,"enemies":"3 Sentries","floor":7,"turns":9},{"damage":31,"enemies":"Gremlin Nob","floor":10,"turns":3}],"seed_played":"1938141550205287762","potions_obtained":[{"floor":4,"key":"Regen Potion"},{"floor":5,"key":"DuplicationPotion"},{"floor":7,"key":"SpeedPotion"}],"is_trial":false,"path_per_floor":["M","?","?","M","M","R","E","R","T","E"],"character_chosen":"WATCHER","items_purchased":[],"campfire_rested":1,"item_purchase_floors":[],"current_hp_per_floor":[70,70,70,63,63,63,10,31,31,0,0],"gold":178,"neow_bonus":"ONE_RANDOM_RARE_CARD","is_daily":false,"chose_seed":false,"campfire_upgraded":1,"win_rate":0.0,"timestamp":1614404399,"path_taken":["M","?","?","M","M","R","E","R","T","E"],"items_purchased_type":[],"build_version":"2020-12-22","purchased_purges":0,"victory":false,"max_hp_per_floor":[72,72,72,72,72,72,72,72,72,72,72],"card_choices":[{"not_picked":["Crescendo","ForeignInfluence"],"picked":"JustLucky","floor":1},{"not_picked":["Purity","Deep Breath"],"picked":"Apotheosis","floor":2},{"not_picked":["Protect","LikeWater"],"picked":"Pray","floor":4},{"not_picked":["JustLucky+1","BowlingBash+1"],"picked":"CrushJoints+1","floor":5},{"not_picked":["ThirdEye","Halt"],"picked":"Evaluate","floor":7}],"player_experience":2166346,"relics_obtained":[{"floor":7,"key":"aspiration:FrozenJewel"},{"floor":9,"key":"Mercury Hourglass"}],"event_choices":[{"damage_healed":0,"gold_gain":1,"player_choice":"1","damage_taken":0,"max_hp_gain":0,"max_hp_loss":0,"event_name":"betterStone:BetterStone","floor":2,"gold_loss":0}],"is_beta":false,"boss_relics":[],"items_purged_floors":[],"is_endless":false,"potions_floor_spawned":[4,5,7],"killed_by":"Gremlin Nob","ascension_level":4}}