{"host":"359hz4210ybch7ku","time":1614442769,"event":{"mods":["BaseMod","Block Reminder","Colored Map","Colored Powertips","Highlight Path","Minty Spire (QoL Compilation)","Slay the Relics Exporter","StSLib"],"gold_per_floor":[119,149,149,51,69,121,135,135,135,195,227,247,247,280,280,280,280],"floor_reached":16,"language":"ENG","playtime":882,"items_purged":[],"score":125,"play_id":"f5676f8f-3e97-4676-859d-df0dc6699289","local_time":"20210227081929","is_ascension_mode":true,"campfire_choices":[{"data":"Hologram","floor":8.0,"key":"SMITH"},{"floor":13,"key":"REST"},{"floor":15,"key":"REST"}],"circlet_count":0,"master_deck":["Strike_B","Strike_B","Strike_B","Strike_B","Defend_B","Defend_B","Defend_B","Defend_B","Zap","Dualcast","Jack Of All Trades","Gash","Hologram+1","Hologram","Rebound","Rebound","Capacitor+1","Glacier"],"relics":["Cracked Core","SsserpentHead","Frozen Egg 2","Pear","HornCleat"],"acts_visited":["Exordium"],"potions_floor_usage":[11,14,16],"damage_taken":[{"damage":8.0,"enemies":"Small Slimes","floor":1.0,"turns":2.0},{"damage":0.0,"enemies":"Cultist","floor":2.0,"turns":4.0},{"damage":5.0,"enemies":"2 Louse","floor":5.0,"turns":3.0},{"damage":8.0,"enemies":"2 Fungi Beasts","floor":6.0,"turns":5.0},{"damage":9.0,"enemies":"Looter","floor":7.0,"turns":4.0},{"damage":12.0,"enemies":"Large Slime","floor":10.0,"turns":4.0},{"damage":15,"enemies":"Lagavulin","floor":11,"turns":7},{"damage":24,"enemies":"3 Louse","floor":12,"turns":4},{"damage":22,"enemies":"Gremlin Nob","floor":14,"turns":5},{"damage":33,"enemies":"Hexaghost","floor":16,"turns":15}],"seed_played":"931099372626330246","potions_obtained":[{"floor":5.0,"key":"Explosive Potion"},{"floor":7.0,"key":"ColorlessPotion"},{"floor":10.0,"key":"Dexterity Potion"},{"floor":12,"key":"PowerPotion"},{"floor":14,"key":"ColorlessPotion"}],"is_trial":false,"path_per_floor":["M","M","?","$","M","M","M","R","T","M","E","M","R","E","R","B"],"character_chosen":"DEFECT","items_purchased":["Gash","Hologram"],"campfire_rested":2,"item_purchase_floors":[4,4],"current_hp_per_floor":[67,67,67,67,62,54,45,45,45,33,28,4,29,7,32,0,0],"gold":280,"neow_bonus":"RANDOM_COLORLESS","is_daily":false,"chose_seed":false,"campfire_upgraded":1,"win_rate":0.0,"timestamp":1614442769,"path_taken":["M","M","?","$","M","M","M","R","T","?","E","M","R","E","R","BOSS"],"items_purchased_type":["Card","Card"],"build_version":"2020-12-22","purchased_purges":0,"victory":false,"max_hp_per_floor":[75,75,75,75,75,75,75,75,75,75,85,85,85,85,85,85,85],"card_choices":[{"not_picked":["Forethought","Good Instincts"],"picked":"Jack Of All Trades","floor":0.0},{"not_picked":["Compile Driver","Stack","Aggregate"],"picked":"SKIP","floor":1.0},{"not_picked":["Force Field","Sweeping Beam","Tempest"],"picked":"SKIP","floor":2.0},{"not_picked":["Fusion","Stack"],"picked":"Hologram","floor":5.0},{"not_picked":["Steam","Ball Lightning","Doom and Gloom"],"picked":"SKIP","floor":6.0},{"not_picked":["Redo","Barrage"],"picked":"Rebound","floor":7.0},{"not_picked":["Conserve Battery","Cold Snap"],"picked":"Rebound","floor":10.0},{"not_picked":["Cold Snap","Leap"],"picked":"Capacitor+1","floor":11},{"not_picked":["Turbo","Blizzard"],"picked":"Glacier","floor":12},{"not_picked":["Recycle","Ball Lightning","Lockon"],"picked":"SKIP","floor":14}],"player_experience":375063,"relics_obtained":[{"floor":9.0,"key":"Frozen Egg 2"},{"floor":11,"key":"Pear"},{"floor":14,"key":"HornCleat"}],"event_choices":[{"damage_healed":0.0,"max_hp_gain":0.0,"max_hp_loss":0.0,"gold_gain":0.0,"event_name":"FaceTrader","player_choice":"Trade","floor":3.0,"gold_loss":0.0,"damage_taken":0.0,"relics_obtained":["SsserpentHead"]}],"is_beta":false,"boss_relics":[],"items_purged_floors":[],"is_endless":false,"potions_floor_spawned":[5,7,10,12,14],"killed_by":"Hexaghost","ascension_level":2}}