{"host":"k73jsiy5lznhl6mk","time":1614399867,"event":{"mods":["BaseMod","Colored Map","Colored Powertips","Highlight Path","Infinite Spire","Ironclad Rager","Minty Spire (QoL Compilation)","Retaliation","Spicy Shops","StSLib","The Blue Laboratory","The Jungle","Uncapped"],"gold_per_floor":[111,40,40,40,40,40,72,72,144,160,6,37,37,37,37,138,138,153,169,169,201,215,215,215],"floor_reached":23,"language":"ENG","playtime":1424,"items_purged":[],"score":195,"play_id":"cf81144b-940b-49fa-9ca8-42a235c60d2f","local_time":"20210226202427","is_ascension_mode":false,"campfire_choices":[{"floor":6,"key":"REST"},{"floor":8,"key":"REST"},{"data":"Accuracy","floor":15,"key":"SMITH"}],"circlet_count":0,"master_deck":["Survivor","Neutralize","Cloak And Dagger+1","Accuracy","Blade Dance","Deflect","PiercingWail","Accuracy+1","Flying Knee","Well Laid Plans","Storm of Steel","Flying Knee","Predator","Malaise","Adrenaline","Dodge and Roll","Expertise","Acrobatics","Well Laid Plans","A Thousand Cuts","Bullet Time","Footwork","Choke","Necronomicurse","Backstab+1","Venomology"],"relics":["Ring of the Snake","Juzu Bracelet","infinitespire:FocusingShard","Potion Belt","Gremlin Horn","Pantograph","infinitespire:PuzzleCube","Pandora\u0027s Box","Necronomicon","Red Mask"],"acts_visited":["Exordium","TheCity"],"potions_floor_usage":[21,22],"damage_taken":[{"damage":5,"enemies":"Jaw Worm","floor":1,"turns":4},{"damage":20,"enemies":"Gremlin Nob","floor":7,"turns":5},{"damage":5,"enemies":"Small Slimes","floor":10,"turns":3},{"damage":12,"enemies":"3 Sentries","floor":12,"turns":6},{"damage":17,"enemies":"Slime Boss","floor":16,"turns":11},{"damage":10,"enemies":"Chosen","floor":18,"turns":3},{"damage":4,"enemies":"Spheric Guardian","floor":19,"turns":3},{"damage":13,"enemies":"Masked Bandits","floor":21,"turns":5},{"damage":6,"enemies":"Snecko","floor":22,"turns":3},{"damage":35,"enemies":"Gremlin Leader","floor":23,"turns":3}],"seed_played":"-6144301842317690652","potions_obtained":[{"floor":12,"key":"blueLaboratory:BottledHope"},{"floor":16,"key":"blueLaboratory:FrostheartPotion"},{"floor":18,"key":"blueLaboratory:ArtistsPotion"},{"floor":19,"key":"GamblersBrew"}],"is_trial":false,"path_per_floor":["M","$","?","?","?","R","E","R","T","M","$","E","$","?","R","B",null,"M","M","?","?","M","E"],"character_chosen":"THE_SILENT","items_purchased":["Accuracy","PiercingWail","Accuracy","Flying Knee"],"campfire_rested":2,"item_purchase_floors":[2,11,11,11],"current_hp_per_floor":[65,65,65,32,32,53,33,54,54,49,49,37,37,37,37,45,70,60,56,40,27,21,0,0],"gold":215,"neow_bonus":"SILENT_POISONER","is_daily":false,"chose_seed":false,"campfire_upgraded":1,"win_rate":0.0,"timestamp":1614399867,"path_taken":["M","$","?","?","?","R","E","R","T","M","?","E","$","?","R","BOSS","M","M","?","?","M","E"],"items_purchased_type":["Card","Card","Card","Card"],"build_version":"2020-12-22","purchased_purges":0,"victory":false,"max_hp_per_floor":[70,70,70,70,70,70,70,70,70,70,70,70,70,70,70,70,70,70,70,70,70,70,70,70],"card_choices":[{"not_picked":["All Out Attack","Backflip"],"picked":"Cloak And Dagger","floor":1},{"not_picked":["Caltrops","Setup"],"picked":"Blade Dance","floor":7},{"not_picked":["Catalyst","Crippling Poison"],"picked":"Deflect","floor":10},{"not_picked":["Underhanded Strike","Poisoned Stab"],"picked":"Well Laid Plans","floor":12},{"not_picked":["Die Die Die","Tools of the Trade"],"picked":"Storm of Steel","floor":16},{"not_picked":["Bane","Outmaneuver"],"picked":"Footwork","floor":18},{"not_picked":["Dagger Spray+1","Prepared"],"picked":"Choke","floor":19},{"not_picked":["Slice+1","Sucker Punch"],"picked":"Backstab+1","floor":21},{"not_picked":["Deadly Poison","Dodge and Roll"],"picked":"Venomology","floor":22}],"player_experience":453409,"relics_obtained":[{"floor":5,"key":"Potion Belt"},{"floor":7,"key":"Gremlin Horn"},{"floor":9,"key":"Pantograph"},{"floor":12,"key":"infinitespire:PuzzleCube"},{"floor":20,"key":"Necronomicon"},{"floor":21,"key":"Red Mask"}],"event_choices":[{"damage_healed":0,"gold_gain":0,"player_choice":"Success","damage_taken":33,"relics_obtained":["infinitespire:FocusingShard"],"max_hp_gain":0,"max_hp_loss":0,"event_name":"Scrap Ooze","floor":4,"gold_loss":0},{"damage_healed":0,"gold_gain":0,"player_choice":"Grow","damage_taken":0,"max_hp_gain":0,"max_hp_loss":0,"event_name":"Living Wall","floor":14,"gold_loss":0,"cards_upgraded":["Cloak And Dagger"]},{"damage_healed":0,"gold_gain":0,"player_choice":"Obtained Book","damage_taken":16,"max_hp_gain":0,"max_hp_loss":0,"event_name":"Cursed Tome","floor":20,"gold_loss":0},{"damage_healed":0,"gold_gain":0,"player_choice":"Fought Bandits","damage_taken":0,"max_hp_gain":0,"max_hp_loss":0,"event_name":"Masked Bandits","floor":21,"gold_loss":0}],"is_beta":false,"boss_relics":[{"not_picked":["Snecko Eye","SlaversCollar"],"picked":"Pandora\u0027s Box"}],"items_purged_floors":[],"is_endless":false,"potions_floor_spawned":[12,16,18,19],"killed_by":"Gremlin Leader","ascension_level":0}}