{"host":"s41rn2jhghpwfrvz","time":1614429378,"event":{"mods":["BaseMod","Minty Spire (QoL Compilation)","Quick Restart","Relic Stats","SuperFastMode"],"gold_per_floor":[119,119,129,129,129,160,175,195,195,208,237,237,265,279,279,358,358,372,372,732,747,747,780,792,837,876,917,1029,1076,1103,1148,1160,1246,1258,1284,2295,2307,1736,1748,1781,1781,1781,1781,1812,1812,1842,972,1002,1002,1002,1002,1002,1002,378,403,403],"floor_reached":57,"language":"ENG","playtime":1632,"items_purged":["Ragnarok+1","Hologram","Warcry"],"score":3564,"play_id":"4192c5ff-0ccb-4ebc-9942-3eddd5c61e1b","local_time":"20210227143618","daily_mods":["SealedDeck","Diverse","Elite Swarm"],"is_ascension_mode":true,"campfire_choices":[{"data":"Beam Cell","floor":12,"key":"SMITH"},{"data":"Whirlwind","floor":15,"key":"SMITH"},{"data":"Adrenaline","floor":24,"key":"SMITH"},{"data":"Offering","floor":32,"key":"SMITH"},{"floor":42,"key":"RECALL"},{"data":"Meteor Strike","floor":45,"key":"SMITH"},{"floor":49,"key":"DIG"},{"floor":53,"key":"DIG"}],"circlet_count":0,"master_deck":["AscendersBane","Dropkick+1","Dodge and Roll","Whirlwind+1","Pommel Strike+1","Beam Cell+1","Adrenaline+1","Evolve+1","Meteor Strike+1","Offering+1","Vault+1","Adrenaline+1","Barricade+1","After Image+1"],"relics":["Burning Blood","Torii","Sundial","Frozen Egg 2","Dream Catcher","Bag of Marbles","Sozu","MawBank","Whetstone","Akabeko","Omamori","Calipers","Toxic Egg 2","Incense Burner","Coffee Dripper","DollysMirror","Juzu Bracelet","Ancient Tea Set","Ornamental Fan","Magic Flower","Strawberry","Self Forming Clay","Chemical X","Singing Bowl","Shovel","Bird Faced Urn","Toy Ornithopter","Gremlin Horn","Pen Nib","Vajra","Frozen Eye","Mercury Hourglass"],"acts_visited":["Exordium","TheCity","TheBeyond","TheEnding"],"potions_floor_usage":[11,16,16],"damage_taken":[{"damage":7,"enemies":"Small Slimes","floor":1,"turns":2},{"damage":0,"enemies":"Jaw Worm","floor":3,"turns":2},{"damage":9,"enemies":"Lagavulin","floor":6,"turns":4},{"damage":0,"enemies":"Cultist","floor":7,"turns":2},{"damage":1,"enemies":"Blue Slaver","floor":8,"turns":2},{"damage":11,"enemies":"Red Slaver","floor":10,"turns":2},{"damage":0,"enemies":"Gremlin Nob","floor":11,"turns":2},{"damage":1,"enemies":"Lagavulin","floor":13,"turns":4},{"damage":0,"enemies":"2 Fungi Beasts","floor":14,"turns":2},{"damage":7,"enemies":"Slime Boss","floor":16,"turns":7},{"damage":0,"enemies":"Spheric Guardian","floor":18,"turns":3},{"damage":0,"enemies":"3 Byrds","floor":21,"turns":2},{"damage":15,"enemies":"Slavers","floor":23,"turns":2},{"damage":20,"enemies":"Book of Stabbing","floor":25,"turns":3},{"damage":0,"enemies":"Gremlin Leader","floor":27,"turns":2},{"damage":6,"enemies":"Colosseum Slavers","floor":28,"turns":1},{"damage":6,"enemies":"Colosseum Nobs","floor":28,"turns":2},{"damage":1,"enemies":"Slavers","floor":29,"turns":2},{"damage":6,"enemies":"Sentry and Sphere","floor":30,"turns":2},{"damage":0,"enemies":"Gremlin Leader","floor":31,"turns":2},{"damage":15,"enemies":"Automaton","floor":33,"turns":5},{"damage":1,"enemies":"3 Shapes","floor":35,"turns":1},{"damage":0,"enemies":"Orb Walker","floor":39,"turns":2},{"damage":0,"enemies":"Reptomancer","floor":40,"turns":2},{"damage":6,"enemies":"Giant Head","floor":44,"turns":1},{"damage":1,"enemies":"Nemesis","floor":46,"turns":1},{"damage":6,"enemies":"Reptomancer","floor":48,"turns":1},{"damage":32,"enemies":"Time Eater","floor":50,"turns":4},{"damage":1,"enemies":"Donu and Deca","floor":51,"turns":3},{"damage":6,"enemies":"Shield and Spear","floor":55,"turns":1},{"damage":12,"enemies":"The Heart","floor":56,"turns":5}],"seed_played":"4291549006692473661","potions_obtained":[{"floor":7,"key":"DistilledChaos"},{"floor":8,"key":"Strength Potion"},{"floor":11,"key":"ColorlessPotion"}],"is_trial":true,"path_per_floor":["M","?","M","?","?","E","M","M","T","M","E","R","E","M","R","B",null,"M","?","?","M","?","E","R","E","T","E","?","E","M","E","R","B",null,"M","?","?","$","M","E","T","R","T","E","R","E","$","E","R","B","B",null,"R","$","E","B",null],"character_chosen":"IRONCLAD","items_purchased":["DollysMirror","Juzu Bracelet","Ancient Tea Set","Chemical X","Singing Bowl","Shovel","Pen Nib","Vajra","Frozen Eye"],"campfire_rested":0,"item_purchase_floors":[38,38,38,47,47,47,54,54,54],"current_hp_per_floor":[67,44,50,50,50,47,53,58,58,53,59,59,64,70,70,69,74,75,75,39,45,45,36,36,22,22,28,28,33,33,39,39,30,64,69,69,69,69,75,75,75,75,75,82,82,82,82,84,84,61,75,82,82,82,84,84],"gold":403,"neow_bonus":"","is_daily":false,"chose_seed":false,"campfire_upgraded":5,"win_rate":0.0,"timestamp":1614429378,"path_taken":["M","?","M","?","?","E","M","M","T","M","E","R","E","M","R","BOSS","M","?","?","?","?","E","R","E","T","E","?","E","M","E","R","BOSS","M","?","?","$","M","E","?","R","T","E","R","E","$","E","R","BOSS","BOSS","R","$","E","BOSS"],"items_purchased_type":["Relic","Relic","Relic","Relic","Relic","Relic","Relic","Relic","Relic"],"build_version":"2020-12-22","purchased_purges":3,"victory":true,"max_hp_per_floor":[75,75,75,75,75,75,75,75,75,75,75,75,75,75,75,75,75,75,75,75,75,75,75,75,75,75,75,75,75,75,75,75,75,75,75,75,75,75,75,75,75,75,75,82,82,82,82,84,84,84,84,84,84,84,84,84],"relic_stats":{"Torii":19,"Singing Bowl":2,"Gremlin Horn":[1,1],"counters":[31,76],"Self Forming Clay":[24],"Magic Flower":[9],"Pen Nib":[16],"Juzu Bracelet":0,"Whetstone":["Dropkick","Ragnarok"],"MawBank":180,"Burning Blood":176,"Mercury Hourglass":[15],"Sozu":7,"Dream Catcher":0,"Shovel":2,"Sundial":[244],"Ornamental Fan":[332],"Bird Faced Urn":[14],"Chemical X":[7],"obtain_stats":[{"Calipers":28,"Torii":5,"Singing Bowl":47,"Gremlin Horn":53,"Magic Flower":41,"Vajra":54,"Incense Burner":31,"Juzu Bracelet":38,"Whetstone":25,"Ancient Tea Set":38,"Burning Blood":0,"Sozu":17,"Frozen Eye":54,"Dream Catcher":11,"Shovel":47,"Sundial":6,"DollysMirror":38,"Strawberry":44,"Chemical X":47,"Toxic Egg 2":29,"Self Forming Clay":46,"Pen Nib":54,"Omamori":27,"Frozen Egg 2":9,"MawBank":23,"Akabeko":26,"Mercury Hourglass":55,"Ornamental Fan":40,"Bird Faced Urn":48,"Bag of Marbles":13,"Coffee Dripper":34,"Toy Ornithopter":49},{"Calipers":17,"Torii":2,"Singing Bowl":26,"Gremlin Horn":29,"Magic Flower":24,"Vajra":29,"Incense Burner":20,"Juzu Bracelet":22,"Whetstone":14,"Ancient Tea Set":22,"Burning Blood":0,"Sozu":10,"Frozen Eye":29,"Dream Catcher":7,"Shovel":26,"Sundial":3,"DollysMirror":22,"Strawberry":25,"Chemical X":26,"Toxic Egg 2":18,"Self Forming Clay":26,"Pen Nib":29,"Omamori":15,"Frozen Egg 2":5,"MawBank":13,"Akabeko":14,"Mercury Hourglass":30,"Ornamental Fan":24,"Bird Faced Urn":27,"Bag of Marbles":8,"Coffee Dripper":21,"Toy Ornithopter":27},{"Calipers":44,"Torii":4,"Singing Bowl":62,"Gremlin Horn":70,"Magic Flower":60,"Vajra":70,"Incense Burner":50,"Juzu Bracelet":56,"Whetstone":39,"Ancient Tea Set":56,"Burning Blood":0,"Sozu":29,"Frozen Eye":70,"Dream Catcher":16,"Shovel":62,"Sundial":8,"DollysMirror":56,"Strawberry":61,"Chemical X":62,"Toxic Egg 2":46,"Self Forming Clay":62,"Pen Nib":70,"Omamori":41,"Frozen Egg 2":12,"MawBank":36,"Akabeko":39,"Mercury Hourglass":71,"Ornamental Fan":60,"Bird Faced Urn":63,"Bag of Marbles":20,"Coffee Dripper":55,"Toy Ornithopter":63}],"Toy Ornithopter":0},"card_choices":[{"not_picked":["Lockon","Outmaneuver","Reflex"],"picked":"SKIP","floor":1},{"not_picked":["JustLucky","Protect","Thunderclap"],"picked":"SKIP","floor":3},{"not_picked":["Blasphemy","Thunder Strike","DeusExMachina"],"picked":"SKIP","floor":6},{"not_picked":["Infernal Blade","Blade Dance","Slice"],"picked":"SKIP","floor":7},{"not_picked":["Accuracy","Blade Dance","Gash"],"picked":"SKIP","floor":8},{"not_picked":["Wild Strike","Capacitor+1","LessonLearned"],"picked":"SKIP","floor":10},{"not_picked":["Glass Knife","Brutality+1","Grand Finale"],"picked":"SKIP","floor":11},{"not_picked":["Blasphemy","Venomology","Reboot"],"picked":"SKIP","floor":13},{"not_picked":["FlurryOfBlows","Streamline","CutThroughFate"],"picked":"SKIP","floor":14},{"not_picked":["Phantasmal Killer","Vault"],"picked":"Adrenaline","floor":16},{"not_picked":["Footwork+1","SandsOfTime"],"picked":"Evolve+1","floor":18},{"not_picked":["Crescendo+1","Scrape","Blur+1"],"picked":"SKIP","floor":21},{"not_picked":["Grand Finale","Glass Knife","Exhume"],"picked":"SKIP","floor":23},{"not_picked":["Seek","Grand Finale"],"picked":"Offering","floor":25},{"not_picked":["Barricade+1","Malaise","Storm of Steel"],"picked":"SKIP","floor":27},{"not_picked":["Biased Cognition+1","Venomology+1","Machine Learning+1"],"picked":"SKIP","floor":29},{"not_picked":["Meditate+1","Anger","Headbutt"],"picked":"SKIP","floor":30},{"not_picked":["Immolate","Brutality+1"],"picked":"Vault+1","floor":31},{"not_picked":["Masterful Stab+1","Cloak And Dagger+1","Warcry+1"],"picked":"SKIP","floor":35},{"not_picked":["Cloak And Dagger+1","Outmaneuver+1","Battle Trance+1"],"picked":"SKIP","floor":39},{"not_picked":["Doppelganger+1","Fiend Fire","Bullet Time+1"],"picked":"SKIP","floor":40},{"not_picked":["All For One","Malaise+1"],"picked":"Barricade+1","floor":44},{"not_picked":["Creative AI+1","Electrodynamics+1","Meteor Strike"],"picked":"SKIP","floor":46},{"not_picked":["Immolate","SpiritShield+1","Fission+1"],"picked":"Singing Bowl","floor":48},{"not_picked":["Creative AI+1","ConjureBlade+1"],"picked":"After Image+1","floor":55}],"player_experience":2050862,"relics_obtained":[{"floor":6,"key":"Sundial"},{"floor":9,"key":"Frozen Egg 2"},{"floor":11,"key":"Dream Catcher"},{"floor":13,"key":"Bag of Marbles"},{"floor":23,"key":"MawBank"},{"floor":25,"key":"Whetstone"},{"floor":26,"key":"Akabeko"},{"floor":27,"key":"Omamori"},{"floor":28,"key":"Calipers"},{"floor":29,"key":"Toxic Egg 2"},{"floor":31,"key":"Incense Burner"},{"floor":40,"key":"Ornamental Fan"},{"floor":41,"key":"Magic Flower"},{"floor":44,"key":"Strawberry"},{"floor":46,"key":"Self Forming Clay"},{"floor":48,"key":"Bird Faced Urn"},{"floor":49,"key":"Toy Ornithopter"},{"floor":53,"key":"Gremlin Horn"},{"floor":55,"key":"Mercury Hourglass"}],"event_choices":[{"damage_healed":0,"gold_gain":0,"player_choice":"Entered Light","damage_taken":23,"max_hp_gain":0,"max_hp_loss":0,"event_name":"Shining Light","floor":2,"gold_loss":0,"cards_upgraded":["Pommel Strike","Armaments"]},{"damage_healed":0,"gold_gain":0,"player_choice":"Ignored","damage_taken":0,"max_hp_gain":0,"max_hp_loss":0,"event_name":"Liars Game","floor":4,"gold_loss":0},{"cards_removed":["JustLucky"],"damage_healed":0,"gold_gain":0,"player_choice":"Gave Card","damage_taken":0,"relics_obtained":["Torii"],"max_hp_gain":0,"max_hp_loss":0,"event_name":"WeMeetAgain","floor":5,"gold_loss":0},{"damage_healed":0,"gold_gain":0,"player_choice":"Ignored","damage_taken":0,"max_hp_gain":0,"max_hp_loss":0,"event_name":"The Mausoleum","floor":19,"gold_loss":0},{"damage_healed":0,"gold_gain":360,"player_choice":"GOLD GOLD GOLD GOLD ","damage_taken":36,"max_hp_gain":0,"max_hp_loss":0,"event_name":"Knowing Skull","floor":20,"potions_obtained":[],"gold_loss":0,"cards_obtained":[]},{"damage_healed":0,"gold_gain":0,"cards_transformed":["Armaments","Body Slam"],"player_choice":"Became Test Subject","damage_taken":0,"max_hp_gain":0,"max_hp_loss":0,"event_name":"Drug Dealer","floor":22,"gold_loss":0,"cards_obtained":["Meteor Strike","Ragnarok"]},{"damage_healed":0,"gold_gain":0,"player_choice":"Fight","damage_taken":0,"max_hp_gain":0,"max_hp_loss":0,"event_name":"Colosseum","floor":28,"gold_loss":0},{"damage_healed":0,"gold_gain":0,"player_choice":"Fought Nobs","damage_taken":0,"max_hp_gain":0,"max_hp_loss":0,"event_name":"Colosseum","floor":28,"gold_loss":0},{"damage_healed":0,"gold_gain":999,"player_choice":"Gold","damage_taken":0,"max_hp_gain":0,"max_hp_loss":0,"event_name":"MindBloom","floor":36,"gold_loss":0,"cards_obtained":["Normality","Normality"]},{"damage_healed":0,"gold_gain":0,"player_choice":"Ignored","damage_taken":0,"max_hp_gain":0,"max_hp_loss":0,"event_name":"Tomb of Lord Red Mask","floor":37,"gold_loss":0}],"is_beta":false,"boss_relics":[{"not_picked":["Ectoplasm","Cursed Key"],"picked":"Sozu"},{"not_picked":["Runic Pyramid","Mark of Pain"],"picked":"Coffee Dripper"}],"items_purged_floors":[38,47,54],"is_endless":false,"potions_floor_spawned":[7,8,11,13,14,18,23,28,31,33,39,40,46],"ascension_level":20}}