{"host":"3fq4qkq16k5wd7va","time":1614454765,"event":{"mods":["BaseMod","Better Match","Googly Eyes","Minty Spire (QoL Compilation)","StSLib"],"gold_per_floor":[115,127,127,127,127,153,153,172,197,222,147,147,180,180,180,180,180],"floor_reached":16,"language":"ENG","playtime":513,"items_purged":["Strike_R"],"score":162,"play_id":"8360f8d4-a854-443c-a489-17109ea25496","local_time":"20210228063925","is_ascension_mode":true,"campfire_choices":[{"data":"Defend_R","floor":7,"key":"SMITH"},{"data":"Shrug It Off","floor":12,"key":"SMITH"},{"data":"Body Slam","floor":15,"key":"SMITH"}],"circlet_count":0,"master_deck":["Strike_R","Strike_R","Strike_R","Defend_R","Defend_R","Defend_R","Defend_R+1","Bash","Battle Trance+1","Whirlwind+1","Shrug It Off+1","Pommel Strike","Body Slam+1"],"relics":["Burning Blood","NeowsBlessing","Orichalcum","Dream Catcher","Mummified Hand","Self Forming Clay"],"acts_visited":["Exordium"],"potions_floor_usage":[10,10,13,16],"damage_taken":[{"damage":0,"enemies":"Small Slimes","floor":1,"turns":1},{"damage":0,"enemies":"Jaw Worm","floor":2,"turns":1},{"damage":0,"enemies":"3 Sentries","floor":6,"turns":2},{"damage":0,"enemies":"2 Louse","floor":8,"turns":1},{"damage":44,"enemies":"Lagavulin","floor":10,"turns":8},{"damage":4,"enemies":"3 Sentries","floor":13,"turns":4},{"damage":61,"enemies":"Hexaghost","floor":16,"turns":14}],"seed_played":"-2681782862673483723","potions_obtained":[{"floor":1,"key":"SteroidPotion"},{"floor":2,"key":"BloodPotion"},{"floor":8,"key":"SpeedPotion"},{"floor":10,"key":"Strength Potion"}],"is_trial":false,"path_per_floor":["M","M","?","?","?","E","R","M","T","E","$","R","E","?","R","B"],"character_chosen":"IRONCLAD","items_purchased":[],"campfire_rested":0,"item_purchase_floors":[],"current_hp_per_floor":[80,80,64,64,64,70,70,76,76,54,54,54,56,61,61,0,0],"gold":180,"neow_bonus":"THREE_ENEMY_KILL","is_daily":false,"chose_seed":false,"campfire_upgraded":3,"win_rate":0.0,"timestamp":1614454765,"path_taken":["M","M","?","?","?","E","R","M","T","E","$","R","E","?","R","BOSS"],"items_purchased_type":[],"build_version":"2020-12-22","purchased_purges":1,"victory":false,"max_hp_per_floor":[80,80,80,80,80,80,80,80,80,80,80,80,80,85,85,85,85],"card_choices":[{"not_picked":["Seeing Red","Clash"],"picked":"Battle Trance","floor":1},{"not_picked":["Spot Weakness","Sword Boomerang"],"picked":"Whirlwind","floor":2},{"not_picked":["Clash","Sword Boomerang","Exhume"],"picked":"SKIP","floor":6},{"not_picked":["Evolve","Intimidate"],"picked":"Shrug It Off","floor":8},{"not_picked":["Twin Strike","Juggernaut"],"picked":"Pommel Strike","floor":10},{"not_picked":["Uppercut","Perfected Strike"],"picked":"Body Slam","floor":13}],"player_experience":176166,"relics_obtained":[{"floor":6,"key":"Orichalcum"},{"floor":9,"key":"Dream Catcher"},{"floor":10,"key":"Mummified Hand"},{"floor":13,"key":"Self Forming Clay"}],"event_choices":[{"damage_healed":0,"gold_gain":0,"player_choice":"Entered Light","damage_taken":16,"max_hp_gain":0,"max_hp_loss":0,"event_name":"Shining Light","floor":3,"gold_loss":0,"cards_upgraded":["Whirlwind","Battle Trance"]},{"damage_healed":0,"gold_gain":0,"player_choice":"Ignored","damage_taken":0,"max_hp_gain":0,"max_hp_loss":0,"event_name":"Liars Game","floor":4,"gold_loss":0},{"cards_removed":["Strike_R"],"damage_healed":0,"gold_gain":0,"player_choice":"Forget","damage_taken":0,"max_hp_gain":0,"max_hp_loss":0,"event_name":"Living Wall","floor":5,"gold_loss":0},{"damage_healed":0,"gold_gain":0,"player_choice":"Donut","damage_taken":0,"max_hp_gain":5,"max_hp_loss":0,"event_name":"Big Fish","floor":14,"gold_loss":0}],"is_beta":false,"boss_relics":[],"items_purged_floors":[11],"is_endless":false,"potions_floor_spawned":[1,2,8,10],"killed_by":"Hexaghost","ascension_level":3}}