{"host":"lktusdb9orijgc6z","time":1614411968,"event":{"mods":["BaseMod","Bestiary","Colored Map","Colored Powertips","Minty Spire (QoL Compilation)","Permanent Neow","Quick Restart","Relic Stats","StSLib","everything is the same but u backflip on backflip","slay the spire mod where everything is the same but ironclad has a cowboy hat"],"gold_per_floor":[112,128,128,128,11,11,38,38,38,38,53,69,69,104,104,104,104],"floor_reached":16,"language":"ENG","playtime":401,"items_purged":[],"score":216,"play_id":"84b6a5a4-950a-40b8-be79-cf99317463b9","local_time":"20210227084608","is_ascension_mode":true,"campfire_choices":[{"floor":8,"key":"REST"},{"data":"Footwork","floor":10,"key":"SMITH"},{"data":"Dagger Spray","floor":13,"key":"SMITH"},{"data":"Prepared","floor":15,"key":"SMITH"}],"circlet_count":0,"master_deck":["AscendersBane","Strike_G","Strike_G","Strike_G","Strike_G","Strike_G","Defend_G","Defend_G","Defend_G","Defend_G","Survivor","Neutralize","Deadly Poison","Flying Knee","Footwork+1","Riddle With Holes","Caltrops","Concentrate","Dagger Spray+1","Prepared+1"],"relics":["Ring of the Snake","Vajra","Gremlin Horn","Tough Bandages","Tingsha","Du-Vu Doll"],"acts_visited":["Exordium"],"potions_floor_usage":[14],"damage_taken":[{"damage":1,"enemies":"2 Louse","floor":1,"turns":3},{"damage":2,"enemies":"Jaw Worm","floor":2,"turns":4},{"damage":53,"enemies":"Lagavulin","floor":7,"turns":9},{"damage":4,"enemies":"Small Slimes","floor":11,"turns":3},{"damage":5,"enemies":"Exordium Thugs","floor":12,"turns":4},{"damage":10,"enemies":"3 Sentries","floor":14,"turns":5},{"damage":44,"enemies":"Slime Boss","floor":16,"turns":7}],"seed_played":"-5810776638383425671","potions_obtained":[{"floor":7,"key":"AttackPotion"},{"floor":11,"key":"FairyPotion"}],"is_trial":false,"path_per_floor":["M","M","?","T","$","?","E","R","T","R","M","M","R","E","R","B"],"character_chosen":"THE_SILENT","items_purchased":["Footwork","Riddle With Holes"],"campfire_rested":1,"item_purchase_floors":[5,5],"current_hp_per_floor":[58,56,49,49,49,54,1,22,22,22,18,13,13,3,3,0,0],"gold":104,"neow_bonus":"RANDOM_COMMON_RELIC","is_daily":false,"chose_seed":false,"campfire_upgraded":3,"win_rate":0.0,"timestamp":1614411968,"path_taken":["M","M","?","?","$","?","E","R","T","R","?","M","R","E","R","BOSS"],"items_purchased_type":["Card","Card"],"build_version":"2020-12-22","purchased_purges":0,"victory":false,"max_hp_per_floor":[66,66,66,66,66,71,71,71,71,71,71,71,71,71,71,71,71],"relic_stats":{"Tough Bandages":[30],"Gremlin Horn":[5,5],"counters":[7,35],"Tingsha":[30],"obtain_stats":[{"Du-Vu Doll":14,"Tough Bandages":7,"Gremlin Horn":4,"Vajra":0,"Tingsha":9,"Ring of the Snake":0},{"Du-Vu Doll":6,"Tough Bandages":3,"Gremlin Horn":2,"Vajra":0,"Tingsha":3,"Ring of the Snake":0},{"Du-Vu Doll":28,"Tough Bandages":16,"Gremlin Horn":7,"Vajra":0,"Tingsha":16,"Ring of the Snake":0}],"Ring of the Snake":[14]},"card_choices":[{"not_picked":["Cloak And Dagger","Flying Knee"],"picked":"Deadly Poison","floor":1},{"not_picked":["Underhanded Strike","Flechettes"],"picked":"Flying Knee","floor":2},{"not_picked":["Flying Knee","Accuracy"],"picked":"Caltrops","floor":7},{"not_picked":["Quick Slash","Cloak And Dagger"],"picked":"Concentrate","floor":11},{"not_picked":["Cloak And Dagger","Catalyst"],"picked":"Dagger Spray","floor":12},{"not_picked":["Doppelganger","Deflect"],"picked":"Prepared","floor":14}],"player_experience":837698,"relics_obtained":[{"floor":4,"key":"Gremlin Horn"},{"floor":7,"key":"Tough Bandages"},{"floor":9,"key":"Tingsha"},{"floor":14,"key":"Du-Vu Doll"}],"event_choices":[{"cards_removed":["Defend_G"],"damage_healed":0,"gold_gain":0,"player_choice":"Card Removal","damage_taken":7,"max_hp_gain":0,"max_hp_loss":0,"event_name":"Golden Wing","floor":3,"gold_loss":0},{"damage_healed":0,"gold_gain":0,"player_choice":"Donut","damage_taken":0,"max_hp_gain":5,"max_hp_loss":0,"event_name":"Big Fish","floor":6,"gold_loss":0}],"is_beta":false,"boss_relics":[],"items_purged_floors":[],"is_endless":false,"potions_floor_spawned":[7,11],"killed_by":"Slime Boss","ascension_level":20}}