{"host":"2qyxu97h6u4ukicb","time":1614437600,"event":{"mods":["AchievementEnabler","BaseMod","BetterRewards","Colored Map","Colored Powertips","Minty Spire (QoL Compilation)","Replay The Spire","Shop Mod","StSLib"],"gold_per_floor":[112,112,112,212,225,237,266,266,266,266,283,283,302,352,352,352,352],"floor_reached":16,"language":"ENG","playtime":625,"items_purged":[],"score":100,"play_id":"9a43088e-ad2c-4599-b4ac-40fdaf76e6da","local_time":"20210227085320","is_ascension_mode":false,"campfire_choices":[{"data":"Spot Weakness","floor":8,"key":"SMITH"},{"floor":10,"key":"REST"},{"floor":12,"key":"RECALL"},{"data":"Hallucinations","floor":15,"key":"PURGE"}],"circlet_count":0,"master_deck":["Strike_R","Strike_R","Strike_R","Strike_R","Strike_R","Defend_R","Defend_R","Defend_R","Defend_R","Bash","Self Repair+1","Flex","Spot Weakness+1","Beam Cell"],"relics":["NeowsBlessing","Iron Core","Golden Egg","Shuriken","ReplayTheSpireMod:Ring of Collecting","Ring of Greed","MealTicket","Membership Card"],"acts_visited":["Exordium"],"potions_floor_usage":[7,11,16],"damage_taken":[{"damage":0,"enemies":"Jaw Worm","floor":1,"turns":1},{"damage":0,"enemies":"2 Louse","floor":5,"turns":1},{"damage":0,"enemies":"Cultist","floor":6,"turns":1},{"damage":30,"enemies":"Gremlin Nob","floor":7,"turns":5},{"damage":33,"enemies":"Gremlin Gang","floor":11,"turns":4},{"damage":0,"enemies":"Large Slime","floor":13,"turns":5},{"damage":69,"enemies":"The Guardian","floor":16,"turns":9}],"seed_played":"-6493543770198942845","potions_obtained":[{"floor":1,"key":"AttackPotion"},{"floor":6,"key":"Energy Potion"},{"floor":13,"key":"BlessingOfTheForge"}],"is_trial":false,"path_per_floor":["M","?","?","?","M","M","E","R","T","R","M","R","M","?","R_BF","B"],"character_chosen":"IRONCLAD","items_purchased":[],"campfire_rested":1,"item_purchase_floors":[],"current_hp_per_floor":[80,80,80,80,80,80,60,60,60,80,57,57,67,67,67,0,0],"gold":352,"neow_bonus":"THREE_ENEMY_KILL","is_daily":false,"chose_seed":false,"campfire_upgraded":1,"win_rate":0.0,"timestamp":1614437600,"path_taken":["M","?","?","?","?","M","E","R","T","R","M","R","?","?","R_BF","BOSS"],"items_purchased_type":[],"build_version":"2020-12-22","purchased_purges":0,"victory":false,"max_hp_per_floor":[80,80,80,80,80,80,80,80,80,80,80,80,80,80,80,80,80],"card_choices":[{"not_picked":["ReplayTheSpireMod:Corrosion Curse","Perfected Strike","Rage"],"picked":"SKIP","floor":1},{"not_picked":["Shrug It Off","Hologram","Pommel Strike"],"picked":"SKIP","floor":5},{"not_picked":["ReplayTheSpireMod:Strike From Hell","Rampage"],"picked":"Flex","floor":6},{"not_picked":["Headbutt","Hemogenesis"],"picked":"Spot Weakness","floor":7},{"not_picked":["Hologram","Wild Strike","Turbo"],"picked":"SKIP","floor":11},{"not_picked":["True Grit","Rip and Tear"],"picked":"Beam Cell","floor":13}],"player_experience":860747,"relics_obtained":[{"floor":7,"key":"Golden Egg"},{"floor":9,"key":"Shuriken"},{"floor":14,"key":"ReplayTheSpireMod:Ring of Collecting"},{"floor":14,"key":"Ring of Greed"},{"floor":14,"key":"MealTicket"},{"floor":14,"key":"Membership Card"}],"event_choices":[{"damage_healed":0,"gold_gain":0,"player_choice":"Ignored","damage_taken":0,"max_hp_gain":0,"max_hp_loss":0,"event_name":"Golden Wing","floor":3,"gold_loss":0},{"damage_healed":0,"gold_gain":100,"player_choice":"Pray","damage_taken":0,"max_hp_gain":0,"max_hp_loss":0,"event_name":"Golden Shrine","floor":4,"gold_loss":0}],"is_beta":false,"boss_relics":[],"items_purged_floors":[],"is_endless":false,"potions_floor_spawned":[1,6,13],"killed_by":"The Guardian","ascension_level":0}}