{"host":"1bmpebsu0h6jmm2g","time":1614407030,"event":{"mods":["BaseMod","BetterRewards","Colored Map","DeckTracker","Highlight Path","Keyboard Shortcuts","Minty Spire (QoL Compilation)","Permanent Neow","Quick Restart","Relic Stats","Slay the Relics Exporter","StSLib","SuperFastMode","The Poker Player"],"gold_per_floor":[110,110,134,148,148,148,184,35,82,82,107,107,107,32,32,32,32],"floor_reached":16,"language":"KOR","playtime":210,"items_purged":["Strike_G"],"score":196,"play_id":"25593a47-1e8a-42e6-9ab6-edcb87fa6bb0","local_time":"20210227152350","is_ascension_mode":true,"campfire_choices":[{"data":"Blade Dance","floor":6,"key":"SMITH"},{"data":"Adrenaline","floor":10,"key":"SMITH"},{"data":"Deadly Poison","floor":13,"key":"SMITH"},{"data":"Acrobatics","floor":15,"key":"SMITH"}],"circlet_count":0,"master_deck":["AscendersBane","Strike_G","Strike_G","Strike_G","Defend_G","Defend_G","Defend_G","Defend_G","Defend_G","Survivor","Neutralize","Deadly Poison+1","Blade Dance+1","Dagger Throw","Underhanded Strike","Adrenaline+1","Acrobatics+1"],"relics":["Ring of the Snake","Golden Idol","Happy Flower","The Specimen","Bronze Scales","Akabeko"],"acts_visited":["Exordium"],"potions_floor_usage":[4,7],"damage_taken":[{"damage":6,"enemies":"Jaw Worm","floor":1,"turns":5},{"damage":0,"enemies":"2 Louse","floor":3,"turns":3},{"damage":1,"enemies":"Cultist","floor":4,"turns":3},{"damage":20,"enemies":"Lagavulin","floor":7,"turns":6},{"damage":3,"enemies":"Looter","floor":11,"turns":3},{"damage":11,"enemies":"The Guardian","floor":16,"turns":5}],"seed_played":"-5327253987858909320","potions_obtained":[{"floor":3,"key":"SkillPotion"},{"floor":4,"key":"CultistPotion"},{"floor":11,"key":"Fire Potion"}],"is_trial":false,"path_per_floor":["M","?","M","M","?","R","E","?","T","R","M","?","R","$","R","B"],"character_chosen":"THE_SILENT","items_purchased":[],"campfire_rested":0,"item_purchase_floors":[],"current_hp_per_floor":[53,53,53,52,41,41,21,21,21,21,18,18,18,18,18,7,7],"gold":32,"neow_bonus":"THREE_CARDS","is_daily":false,"chose_seed":false,"campfire_upgraded":4,"win_rate":0.0,"timestamp":1614407030,"path_taken":["M","?","M","M","?","R","E","?","T","R","?","?","R","$","R","BOSS"],"items_purchased_type":[],"build_version":"2020-12-22","purchased_purges":1,"victory":false,"max_hp_per_floor":[66,60,60,60,60,60,60,60,60,60,60,60,60,60,60,60,60],"relic_stats":{"Happy Flower":[4],"counters":[6,25],"Golden Idol":20,"Bronze Scales":[15],"obtain_stats":[{"Happy Flower":5,"The Specimen":7,"Golden Idol":2,"Bronze Scales":8,"Akabeko":9,"Ring of the Snake":0},{"Happy Flower":3,"The Specimen":4,"Golden Idol":1,"Bronze Scales":4,"Akabeko":4,"Ring of the Snake":0},{"Happy Flower":11,"The Specimen":17,"Golden Idol":5,"Bronze Scales":17,"Akabeko":17,"Ring of the Snake":0}],"Ring of the Snake":[12]},"card_choices":[{"not_picked":["Endless Agony","Prepared"],"picked":"Deadly Poison","floor":0},{"not_picked":["Dagger Throw","Backflip"],"picked":"Blade Dance","floor":1},{"not_picked":["Distraction","Noxious Fumes"],"picked":"Dagger Throw","floor":3},{"not_picked":["Sucker Punch","Backflip"],"picked":"Underhanded Strike","floor":4},{"not_picked":["Choke","Terror"],"picked":"Adrenaline","floor":7},{"not_picked":["Bane","Backflip"],"picked":"Acrobatics","floor":11}],"player_experience":573613,"relics_obtained":[{"floor":7,"key":"The Specimen"},{"floor":9,"key":"Akabeko"}],"event_choices":[{"damage_healed":0,"gold_gain":0,"player_choice":"Lose Max HP","damage_taken":0,"relics_obtained":["Golden Idol"],"max_hp_gain":0,"max_hp_loss":6,"event_name":"Golden Idol","floor":2,"gold_loss":0},{"damage_healed":0,"gold_gain":0,"player_choice":"Success","damage_taken":11,"relics_obtained":["Happy Flower"],"max_hp_gain":0,"max_hp_loss":0,"event_name":"Scrap Ooze","floor":5,"gold_loss":0},{"damage_healed":0,"gold_gain":0,"player_choice":"Paid Gold","damage_taken":0,"relics_obtained":["Bronze Scales"],"max_hp_gain":0,"max_hp_loss":0,"event_name":"WeMeetAgain","floor":8,"gold_loss":149},{"cards_removed":["Strike_G"],"damage_healed":0,"gold_gain":0,"player_choice":"Purged","damage_taken":0,"max_hp_gain":0,"max_hp_loss":0,"event_name":"Purifier","floor":12,"gold_loss":0}],"is_beta":false,"boss_relics":[],"items_purged_floors":[14],"is_endless":false,"potions_floor_spawned":[3,4,11],"killed_by":"The Guardian","ascension_level":20}}