{"host":"at5b10nm0iti0w4x","time":1614458400,"event":{"mods":["2.2 Compatiblity","AchievementEnabler","BaseMod","Bestiary","Block Reminder","Colored Map","Colored Powertips","Highlight Path","Keyboard Shortcuts","Minty Spire (QoL Compilation)","Quick Restart","Relic Stats","Slay the Relics Exporter","StSLib","SuperFastMode","Unknown Chances"],"gold_per_floor":[19,19,39,51,61,61,74,74,74,93,128,158,158,184,184,288,288,306,221,271,26,26,55,55,74,101,113,142,29,29,59,59,159,159,179,179,191,191,191,216,216,227,252,252,279,304,335,354,354,354,354],"floor_reached":50,"language":"ENG","playtime":1675,"items_purged":[],"score":646,"play_id":"6b62bd18-3144-4a05-9fd4-857255937673","local_time":"20210227154000","is_ascension_mode":false,"campfire_choices":[{"data":"Bash","floor":6,"key":"SMITH"},{"data":"Clothesline","floor":13,"key":"SMITH"},{"data":"Sword Boomerang","floor":15,"key":"SMITH"},{"data":"Metallicize","floor":32,"key":"SMITH"},{"floor":41,"key":"REST"},{"data":"Double Tap","floor":44,"key":"SMITH"},{"data":"Combust","floor":49,"key":"SMITH"}],"circlet_count":0,"master_deck":["Strike_R","Strike_R","Defend_R","Defend_R","Defend_R","Defend_R","Bash+1","Spot Weakness","Cleave","Hemokinesis","Spot Weakness","Metallicize+1","Clothesline+1","Combust+1","Sword Boomerang+1","Double Tap+1","Warcry+1","Dark Embrace+1","Disarm+1","Battle Trance+1","Shrug It Off+1","Blind+1","Flame Barrier+1","Dropkick+1","Impervious+1","Cleave+1","Dual Wield+1","Dual Wield+1","Madness+1","Madness+1","Body Slam+1","Second Wind+1","Sentinel+1","Twin Strike+1","Clothesline+1"],"relics":["Burning Blood","Du-Vu Doll","Pear","Tiny Chest","Pen Nib","Strawberry","Juzu Bracelet","Velvet Choker","Toxic Egg 2","Paper Frog","Mercury Hourglass","Meat on the Bone","MutagenicStrength","Bronze Scales","HornCleat","Omamori","Astrolabe","CaptainsWheel","Boot","Frozen Egg 2","Smiling Mask","Bottled Flame"],"acts_visited":["Exordium","TheCity","TheBeyond"],"potions_floor_usage":[16,25,31,33,45,50,50,50],"damage_taken":[{"damage":1,"enemies":"Cultist","floor":1,"turns":3},{"damage":3,"enemies":"Small Slimes","floor":3,"turns":3},{"damage":1,"enemies":"Jaw Worm","floor":4,"turns":3},{"damage":13,"enemies":"Red Slaver","floor":5,"turns":3},{"damage":8,"enemies":"2 Fungi Beasts","floor":7,"turns":2},{"damage":17,"enemies":"Looter","floor":10,"turns":4},{"damage":27,"enemies":"3 Sentries","floor":11,"turns":7},{"damage":37,"enemies":"Gremlin Nob","floor":14,"turns":4},{"damage":14,"enemies":"Hexaghost","floor":16,"turns":7},{"damage":9,"enemies":"Chosen","floor":18,"turns":4},{"damage":40,"enemies":"Slavers","floor":23,"turns":4},{"damage":5,"enemies":"Spheric Guardian","floor":25,"turns":3},{"damage":6,"enemies":"3 Cultists","floor":27,"turns":4},{"damage":21,"enemies":"Book of Stabbing","floor":28,"turns":4},{"damage":28,"enemies":"Gremlin Leader","floor":31,"turns":6},{"damage":22,"enemies":"Champ","floor":33,"turns":7},{"damage":0,"enemies":"3 Shapes","floor":35,"turns":1},{"damage":18,"enemies":"3 Darklings","floor":37,"turns":4},{"damage":59,"enemies":"Giant Head","floor":40,"turns":9},{"damage":17,"enemies":"Sphere and 2 Shapes","floor":42,"turns":6},{"damage":23,"enemies":"Nemesis","floor":45,"turns":3},{"damage":18,"enemies":"Reptomancer","floor":47,"turns":6},{"damage":14,"enemies":"Spire Growth","floor":48,"turns":5},{"damage":71,"enemies":"Donu and Deca","floor":50,"turns":7}],"seed_played":"-3428085173578063382","potions_obtained":[{"floor":3,"key":"LiquidMemories"},{"floor":4,"key":"Explosive Potion"},{"floor":7,"key":"GamblersBrew"},{"floor":10,"key":"LiquidMemories"},{"floor":14,"key":"PowerPotion"},{"floor":18,"key":"ElixirPotion"},{"floor":27,"key":"PowerPotion"},{"floor":35,"key":"LiquidBronze"},{"floor":42,"key":"DistilledChaos"},{"floor":47,"key":"DistilledChaos"}],"is_trial":false,"path_per_floor":["M","T","M","M","M","R","M","$","T","M","E","?","R","E","R","B",null,"M","?","?","$","T","E","?","M","T","M","E","$","?","E","R","B",null,"M","$","M","$","?","E","R","M","T","R","E","T","E","M","R","B"],"character_chosen":"IRONCLAD","items_purchased":["Paper Frog","Shrug It Off+1","Blind+1"],"campfire_rested":1,"item_purchase_floors":[21,29,29],"current_hp_per_floor":[80,90,90,90,83,83,81,81,81,70,49,56,56,25,25,17,97,94,94,94,94,94,60,60,61,61,61,58,58,58,48,48,44,97,97,97,85,85,73,32,61,62,62,62,57,57,57,61,61,0,0],"gold":354,"neow_bonus":"ONE_RARE_RELIC","is_daily":false,"chose_seed":false,"campfire_upgraded":6,"win_rate":0.0,"timestamp":1614458400,"path_taken":["M","?","M","?","M","R","M","$","T","M","E","?","R","E","R","BOSS","M","?","?","$","?","E","?","M","T","M","E","$","?","E","R","BOSS","M","$","M","$","?","E","R","M","T","R","E","?","E","M","R","BOSS"],"items_purchased_type":["Relic","Card","Card"],"build_version":"2020-12-22","purchased_purges":0,"victory":false,"max_hp_per_floor":[80,90,90,90,90,90,90,90,90,90,90,97,97,97,97,97,97,97,97,97,97,97,97,97,97,97,97,97,97,97,97,97,97,97,97,97,97,97,97,97,97,97,97,97,97,97,97,97,97,97,97],"relic_stats":{"counters":[24,109],"Bronze Scales":[166],"Astrolabe":["Cleave","Dual Wield","Dual Wield"],"Tiny Chest":2,"Pen Nib":[13],"Juzu Bracelet":0,"Boot":[13],"Smiling Mask":0,"obtain_stats":[{"Pear":2,"Astrolabe":34,"Velvet Choker":17,"Pen Nib":11,"Juzu Bracelet":14,"Omamori":31,"Frozen Egg 2":45,"Boot":43,"Smiling Mask":46,"Burning Blood":0,"Mercury Hourglass":22,"Du-Vu Doll":0,"CaptainsWheel":40,"Bottled Flame":47,"HornCleat":28,"Strawberry":12,"MutagenicStrength":24,"Bronze Scales":26,"Tiny Chest":9,"Toxic Egg 2":19,"Paper Frog":21,"Meat on the Bone":23},{"Pear":1,"Astrolabe":16,"Velvet Choker":9,"Pen Nib":7,"Juzu Bracelet":8,"Omamori":15,"Frozen Egg 2":21,"Boot":20,"Smiling Mask":21,"Burning Blood":0,"Mercury Hourglass":10,"Du-Vu Doll":0,"CaptainsWheel":19,"Bottled Flame":22,"HornCleat":14,"Strawberry":7,"MutagenicStrength":11,"Bronze Scales":12,"Tiny Chest":5,"Toxic Egg 2":10,"Paper Frog":10,"Meat on the Bone":11},{"Pear":3,"Astrolabe":68,"Velvet Choker":36,"Pen Nib":25,"Juzu Bracelet":29,"Omamori":61,"Frozen Egg 2":91,"Boot":88,"Smiling Mask":91,"Burning Blood":0,"Mercury Hourglass":40,"Du-Vu Doll":0,"CaptainsWheel":82,"Bottled Flame":97,"HornCleat":55,"Strawberry":25,"MutagenicStrength":44,"Bronze Scales":47,"Tiny Chest":14,"Toxic Egg 2":40,"Paper Frog":40,"Meat on the Bone":44}],"Burning Blood":119,"Mercury Hourglass":[286],"Meat on the Bone":96},"card_choices":[{"not_picked":["True Grit","Pommel Strike"],"picked":"Spot Weakness","floor":1},{"not_picked":["Body Slam","Anger"],"picked":"Cleave","floor":3},{"not_picked":["Shockwave","Searing Blow"],"picked":"Hemokinesis","floor":4},{"not_picked":["Bloodletting","Pommel Strike"],"picked":"Spot Weakness","floor":5},{"not_picked":["Dark Embrace","Wild Strike"],"picked":"Metallicize","floor":7},{"not_picked":["Twin Strike","Feel No Pain"],"picked":"Clothesline","floor":10},{"not_picked":["Clothesline","Evolve"],"picked":"Combust","floor":11},{"not_picked":["Anger","Clothesline"],"picked":"Sword Boomerang","floor":14},{"not_picked":["Exhume","Berserk"],"picked":"Double Tap","floor":16},{"not_picked":["Power Through","Inflame"],"picked":"Warcry+1","floor":18},{"not_picked":["Whirlwind","Havoc+1"],"picked":"Dark Embrace+1","floor":23},{"not_picked":["Entrench+1","Iron Wave"],"picked":"Disarm+1","floor":25},{"not_picked":["Cleave+1","Twin Strike+1"],"picked":"Battle Trance+1","floor":27},{"not_picked":["Whirlwind","Fire Breathing","Headbutt"],"picked":"SKIP","floor":28},{"not_picked":["Perfected Strike","Pommel Strike"],"picked":"Dropkick+1","floor":31},{"not_picked":["Immolate","Exhume+1"],"picked":"Impervious+1","floor":33},{"not_picked":["Rampage+1","Cleave+1","Clothesline"],"picked":"SKIP","floor":35},{"not_picked":["Perfected Strike","Shockwave+1","Wild Strike"],"picked":"SKIP","floor":37},{"not_picked":["Cleave+1","Rupture+1"],"picked":"Body Slam+1","floor":40},{"not_picked":["Wild Strike+1","Clothesline"],"picked":"Second Wind+1","floor":42},{"not_picked":["Heavy Blade","Fiend Fire"],"picked":"Sentinel+1","floor":45},{"not_picked":["Perfected Strike+1","Fire Breathing+1"],"picked":"Twin Strike+1","floor":47},{"not_picked":["Spot Weakness+1","Body Slam+1"],"picked":"Clothesline+1","floor":48}],"player_experience":136826,"relics_obtained":[{"floor":2,"key":"Pear"},{"floor":9,"key":"Tiny Chest"},{"floor":11,"key":"Pen Nib"},{"floor":14,"key":"Juzu Bracelet"},{"floor":22,"key":"Mercury Hourglass"},{"floor":23,"key":"Meat on the Bone"},{"floor":26,"key":"Bronze Scales"},{"floor":28,"key":"HornCleat"},{"floor":31,"key":"Omamori"},{"floor":40,"key":"CaptainsWheel"},{"floor":43,"key":"Boot"},{"floor":45,"key":"Frozen Egg 2"},{"floor":46,"key":"Smiling Mask"},{"floor":47,"key":"Bottled Flame"}],"event_choices":[{"damage_healed":0,"gold_gain":30,"player_choice":"Searched \u00272\u0027 times","damage_taken":0,"relics_obtained":["Strawberry"],"max_hp_gain":0,"max_hp_loss":0,"event_name":"Dead Adventurer","floor":12,"gold_loss":0},{"damage_healed":0,"gold_gain":0,"player_choice":"Obtained Relic","damage_taken":0,"relics_obtained":["Toxic Egg 2"],"max_hp_gain":0,"max_hp_loss":0,"event_name":"Addict","floor":19,"gold_loss":85},{"damage_healed":0,"gold_gain":100,"player_choice":"Bet on Murderer","damage_taken":0,"max_hp_gain":0,"max_hp_loss":0,"event_name":"The Joust","floor":20,"gold_loss":50},{"damage_healed":0,"gold_gain":0,"player_choice":"Inject Mutagens","damage_taken":0,"relics_obtained":["MutagenicStrength"],"max_hp_gain":0,"max_hp_loss":0,"event_name":"Drug Dealer","floor":24,"gold_loss":0},{"damage_healed":0,"gold_gain":0,"player_choice":"Read","damage_taken":0,"max_hp_gain":0,"max_hp_loss":0,"event_name":"The Library","floor":30,"gold_loss":0,"cards_obtained":["Flame Barrier"]},{"damage_healed":0,"gold_gain":0,"player_choice":"Embrace Madness","damage_taken":12,"max_hp_gain":0,"max_hp_loss":0,"event_name":"Winding Halls","floor":39,"gold_loss":0,"cards_obtained":["Madness","Madness"]}],"is_beta":false,"boss_relics":[{"not_picked":["Snecko Eye","Black Star"],"picked":"Velvet Choker"},{"not_picked":["Sozu","Fusion Hammer"],"picked":"Astrolabe"}],"items_purged_floors":[],"is_endless":false,"potions_floor_spawned":[3,4,7,10,14,18,27,28,35,42,47],"killed_by":"Donu and Deca","ascension_level":0}}