{"host":"d2gh6suihlstufn7","time":1614424693,"event":{"mods":["AchievementEnabler","BaseMod","Colored Map","Colored Powertips","Minty Spire (QoL Compilation)","Permanent Neow","Quick Restart","StSLib","SuperFastMode","everything is the same but u backflip on backflip"],"gold_per_floor":[115,115,131,141,141,160,180,180,180,180,3,20,20,36,36,134,134,149,166,166,183,197,197,215,215,241,261,121,121,140,153,153,153,153],"floor_reached":33,"language":"KOR","playtime":879,"items_purged":["Defend_B","Strike_B+1"],"score":245,"play_id":"b0acdb9e-624b-4b51-8237-f2de412992c7","local_time":"20210227201813","is_ascension_mode":false,"campfire_choices":[{"floor":8,"key":"REST"},{"floor":10,"key":"REST"},{"floor":15,"key":"REST"},{"data":"Biased Cognition","floor":23,"key":"SMITH"},{"floor":25,"key":"REST"},{"floor":29,"key":"REST"},{"floor":32,"key":"REST"}],"circlet_count":0,"master_deck":["Strike_B","Strike_B","Strike_B","Defend_B+1","Defend_B","Defend_B","Zap","Dualcast","Biased Cognition+1","Storm","Tempest","BootSequence","Seek+1","Defragment","Tempest+1","Reinforced Body+1","Echo Form","Hologram+1","Reboot+1","Capacitor","Creative AI"],"relics":["Cracked Core","Dream Catcher","Toxic Egg 2","Snecko Eye","Potion Belt"],"acts_visited":["Exordium","TheCity"],"potions_floor_usage":[18],"damage_taken":[{"damage":1,"enemies":"Jaw Worm","floor":1,"turns":4},{"damage":0,"enemies":"Small Slimes","floor":3,"turns":2},{"damage":1,"enemies":"Cultist","floor":4,"turns":3},{"damage":18,"enemies":"Exordium Thugs","floor":6,"turns":4},{"damage":18,"enemies":"Lots of Slimes","floor":7,"turns":2},{"damage":0,"enemies":"Blue Slaver","floor":12,"turns":2},{"damage":6,"enemies":"Exordium Wildlife","floor":14,"turns":2},{"damage":37,"enemies":"Slime Boss","floor":16,"turns":8},{"damage":11,"enemies":"Chosen","floor":18,"turns":4},{"damage":2,"enemies":"Spheric Guardian","floor":19,"turns":4},{"damage":8,"enemies":"Snecko","floor":21,"turns":3},{"damage":12,"enemies":"Snake Plant","floor":22,"turns":3},{"damage":13,"enemies":"Sentry and Sphere","floor":24,"turns":4},{"damage":14,"enemies":"3 Cultists","floor":27,"turns":4},{"damage":14,"enemies":"Centurion and Healer","floor":30,"turns":3},{"damage":25,"enemies":"Snecko","floor":31,"turns":4},{"damage":36,"enemies":"Champ","floor":33,"turns":3}],"seed_played":"8596585672280601519","potions_obtained":[{"floor":3,"key":"Regen Potion"},{"floor":7,"key":"GamblersBrew"},{"floor":14,"key":"LiquidBronze"},{"floor":18,"key":"AttackPotion"},{"floor":30,"key":"Swift Potion"}],"is_trial":false,"path_per_floor":["M","?","M","M","?","M","M","R","T","R","$","M","?","M","R","B",null,"M","M","?","M","M","R","M","R","T","M","$","R","M","M","R","B"],"character_chosen":"DEFECT","items_purchased":["Defragment","Tempest+1","Capacitor"],"campfire_rested":6,"item_purchase_floors":[11,11,28],"current_hp_per_floor":[67,64,64,63,49,31,13,33,33,53,53,53,53,47,67,30,68,64,62,62,54,42,42,29,49,49,35,35,55,41,16,36,0,0],"gold":153,"neow_bonus":"THREE_RARE_CARDS","is_daily":false,"chose_seed":false,"campfire_upgraded":1,"win_rate":0.0,"timestamp":1614424693,"path_taken":["M","?","M","M","?","M","?","R","T","R","$","M","?","?","R","BOSS","M","M","?","?","M","R","M","R","T","M","$","R","M","M","R","BOSS"],"items_purchased_type":["Card","Card","Card"],"build_version":"2020-12-22","purchased_purges":2,"victory":false,"max_hp_per_floor":[68,68,68,68,68,68,68,68,68,68,68,68,68,68,68,68,68,68,68,68,68,68,68,68,68,68,68,68,68,68,68,68,68,68],"card_choices":[{"not_picked":["Seek","Echo Form"],"picked":"Biased Cognition","floor":0},{"not_picked":["Gash","Redo","Compile Driver"],"picked":"SKIP","floor":1},{"not_picked":["Leap","Rip and Tear"],"picked":"Storm","floor":3},{"not_picked":["Cold Snap","Lockon"],"picked":"Tempest","floor":4},{"not_picked":["Coolheaded","Stack","Turbo"],"picked":"SKIP","floor":6},{"not_picked":["Leap","Compile Driver","Darkness"],"picked":"SKIP","floor":7},{"not_picked":["Turbo","White Noise"],"picked":"BootSequence","floor":8},{"not_picked":["Rip and Tear","Skim+1"],"picked":"Seek+1","floor":10},{"not_picked":["Go for the Eyes","Steam+1","Blizzard"],"picked":"SKIP","floor":12},{"not_picked":["Self Repair","Conserve Battery+1"],"picked":"Reinforced Body+1","floor":14},{"not_picked":["Hyperbeam","All For One"],"picked":"Echo Form","floor":16},{"not_picked":["Sweeping Beam","Rebound","Redo+1"],"picked":"SKIP","floor":18},{"not_picked":["Fusion+1","Gash","Steam+1"],"picked":"SKIP","floor":19},{"not_picked":["Ball Lightning+1","Rebound","Beam Cell"],"picked":"SKIP","floor":21},{"not_picked":["Conserve Battery+1","Go for the Eyes+1","Gash"],"picked":"SKIP","floor":22},{"not_picked":["FTL","White Noise+1"],"picked":"Hologram+1","floor":24},{"not_picked":["Cold Snap","Streamline+1"],"picked":"Reboot+1","floor":27},{"not_picked":["Rebound","Chaos+1","Compile Driver+1"],"picked":"SKIP","floor":30},{"not_picked":["Turbo+1","Beam Cell"],"picked":"Creative AI","floor":31}],"player_experience":74231,"relics_obtained":[{"floor":9,"key":"Toxic Egg 2"},{"floor":26,"key":"Potion Belt"}],"event_choices":[{"damage_healed":0,"gold_gain":0,"player_choice":"Success","damage_taken":3,"relics_obtained":["Dream Catcher"],"max_hp_gain":0,"max_hp_loss":0,"event_name":"Scrap Ooze","floor":2,"gold_loss":0},{"damage_healed":0,"gold_gain":0,"player_choice":"Entered Light","damage_taken":14,"max_hp_gain":0,"max_hp_loss":0,"event_name":"Shining Light","floor":5,"gold_loss":0,"cards_upgraded":["Strike_B","Defend_B"]},{"damage_healed":0,"gold_gain":0,"player_choice":"Ignored","damage_taken":0,"max_hp_gain":0,"max_hp_loss":0,"event_name":"NoteForYourself","floor":13,"gold_loss":0},{"damage_healed":0,"gold_gain":0,"player_choice":"Bought 0 Potions","damage_taken":0,"max_hp_gain":0,"max_hp_loss":0,"event_name":"The Woman in Blue","floor":20,"gold_loss":0}],"is_beta":false,"boss_relics":[{"not_picked":["Busted Crown","Coffee Dripper"],"picked":"Snecko Eye"}],"items_purged_floors":[11,28],"is_endless":false,"potions_floor_spawned":[3,7,14,18,30],"killed_by":"Champ","ascension_level":0}}