{"host":"g0zlq7spi0ykrc8e","time":1614449505,"event":{"mods":["BaseMod","Colored Powertips","Friendly Minions","Kiyohime（清姬）","Minty Spire (QoL Compilation)","Nova Terra(诺娃・泰拉)","Quick Restart","Remilia（蕾米莉亚）","StSLib","UnlockEverythingMod","WarShipGirlsR/战舰少女R mod"],"gold_per_floor":[109,284,284,298,316,344,344,390,390,390,419,419,429,455,455,560,560,580,598,598,300,310,310,344,344,344,364,393,293,309,339,339,339,339],"floor_reached":33,"language":"ZHS","playtime":1705,"items_purged":["Strike_RM","Strike_RM"],"score":500,"play_id":"521aabcf-488f-4056-93ad-1eaf7bc11ce9","local_time":"20210228021145","is_ascension_mode":true,"campfire_choices":[{"data":"LeisurelyOfLord","floor":7.0,"key":"SMITH"},{"data":"ScarletShoot","floor":10.0,"key":"SMITH"},{"data":"BloodyTrap","floor":15.0,"key":"SMITH"},{"data":"QueenOfMidnight","floor":23.0,"key":"SMITH"},{"data":"ScarletNetherworld","floor":25.0,"key":"SMITH"},{"floor":32,"key":"REST"}],"circlet_count":0,"master_deck":["AscendersBane","Strike_RM","Strike_RM","Defend_RM","Defend_RM","Defend_RM","Defend_RM","RedMoon","ScarletShoot+1","LeisurelyOfLord+1","UnstableMagic","ScarletGensokyo","RedNightlessCastle","ReincarnationDial","BloodyTrap+1","NightLord","QueenOfMidnight+1","ScarletImprint+1","ScarletNetherworld+1","FitfulNightmare","TwelveNightmare"],"relics":["ScarletHat","NeowsBlessing","Spirit Poop","Bag of Marbles","Ancient Tea Set","Pocketwatch","Tiny Chest","Kunai","FairyMaid","APieceOfRedMist","Medical Kit","Singing Bowl","Shovel","Bottled Lightning","Gremlin Horn"],"acts_visited":["Exordium","TheCity"],"potions_floor_usage":[31],"damage_taken":[{"damage":0.0,"enemies":"Small Slimes","floor":1.0,"turns":1.0},{"damage":0.0,"enemies":"Cultist","floor":4.0,"turns":1.0},{"damage":0.0,"enemies":"Jaw Worm","floor":5.0,"turns":1.0},{"damage":17.0,"enemies":"3 Sentries","floor":6.0,"turns":12.0},{"damage":25.0,"enemies":"Gremlin Nob","floor":11.0,"turns":6.0},{"damage":5.0,"enemies":"Blue Slaver","floor":13.0,"turns":2.0},{"damage":11.0,"enemies":"3 Sentries","floor":14.0,"turns":5.0},{"damage":19.0,"enemies":"Slime Boss","floor":16.0,"turns":6.0},{"damage":5.0,"enemies":"2 Thieves","floor":18.0,"turns":4.0},{"damage":4.0,"enemies":"Spheric Guardian","floor":19.0,"turns":4.0},{"damage":0.0,"enemies":"Centurion and Healer","floor":22.0,"turns":4.0},{"damage":26.0,"enemies":"Gremlin Leader","floor":24.0,"turns":5.0},{"damage":0.0,"enemies":"Sentry and Sphere","floor":27.0,"turns":3.0},{"damage":45.0,"enemies":"Book of Stabbing","floor":28.0,"turns":5.0},{"damage":24.0,"enemies":"3 Cultists","floor":30.0,"turns":4.0},{"damage":9,"enemies":"Slavers","floor":31,"turns":4},{"damage":53,"enemies":"Champ","floor":33,"turns":8}],"seed_played":"3668132375147416149","potions_obtained":[{"floor":5.0,"key":"Ancient Potion"},{"floor":6.0,"key":"Block Potion"},{"floor":13.0,"key":"FearPotion"},{"floor":16.0,"key":"Fire Potion"},{"floor":19.0,"key":"Strength Potion"}],"is_trial":false,"path_per_floor":["M","?","?","M","M","E","R","T","T","R","E","?","M","E","R","B",null,"M","M","?","$","M","R","E","R","T","M","E","$","M","E","R","B"],"character_chosen":"REMILIA","items_purchased":["Medical Kit","FitfulNightmare"],"campfire_rested":1,"item_purchase_floors":[21,21],"current_hp_per_floor":[68,68,68,68,68,55,55,55,55,55,30,30,26,15,15,3,57,54,53,53,53,65,65,53,53,53,53,26,26,18,15,39,0,0],"gold":339,"neow_bonus":"THREE_ENEMY_KILL","is_daily":false,"chose_seed":false,"campfire_upgraded":5,"win_rate":0.0,"timestamp":1614449505,"path_taken":["M","?","?","?","M","E","R","?","T","R","E","?","M","E","R","BOSS","M","M","?","$","M","R","E","R","T","M","E","$","M","E","R","BOSS"],"items_purchased_type":["Relic","Card"],"build_version":"2020-12-22","purchased_purges":2,"victory":false,"max_hp_per_floor":[75,75,75,75,75,75,75,75,75,75,75,75,75,75,75,75,75,75,75,75,75,75,75,77,77,77,77,77,77,79,81,81,81,81],"card_choices":[{"not_picked":["CharismaGuard","FavorOfDestiny"],"picked":"LeisurelyOfLord","floor":1.0},{"not_picked":["VampireKiss","BadLadyScramble"],"picked":"UnstableMagic","floor":4.0},{"not_picked":["ScarletSymphony","VampireFantasy"],"picked":"ScarletGensokyo","floor":5.0},{"not_picked":["BlasphemousPunishment","VampireFantasy"],"picked":"RedNightlessCastle","floor":6.0},{"not_picked":["VampireFantasy","HeartBreak"],"picked":"ReincarnationDial","floor":11.0},{"not_picked":["DiffusionOfMisfortune","FavorOfDestiny"],"picked":"BloodyTrap","floor":13.0},{"not_picked":["BlasphemousPunishment","GlobalNightmare"],"picked":"NightLord","floor":14.0},{"not_picked":["HeartBreak","HellCatastrophe"],"picked":"QueenOfMidnight","floor":16.0},{"not_picked":["HunterOfTheNight","MastersStateliness"],"picked":"ScarletImprint+1","floor":18.0},{"not_picked":["NightLord+1","VampireKiss"],"picked":"ScarletNetherworld","floor":19.0},{"not_picked":["BlasphemousPunishment","UnderTheZenith+1","ForbiddenFruit"],"picked":"SKIP","floor":22.0},{"not_picked":["UnstableMagic+1","ScarletDevil","VampireFantasy"],"picked":"Singing Bowl","floor":24.0},{"not_picked":["VampireKiss","ScarletSymphony+1"],"picked":"TwelveNightmare","floor":27.0},{"not_picked":["MastersStateliness","BloodHunter","BloodRain"],"picked":"SKIP","floor":28.0},{"not_picked":["StarOfDavid","FavorOfDestiny","ScarletDevil"],"picked":"Singing Bowl","floor":30.0},{"not_picked":["Stigmanizer","BloodyTrap","MastersStateliness"],"picked":"Singing Bowl","floor":31}],"player_experience":146584,"relics_obtained":[{"floor":6.0,"key":"Bag of Marbles"},{"floor":8.0,"key":"Ancient Tea Set"},{"floor":9.0,"key":"Pocketwatch"},{"floor":11.0,"key":"Tiny Chest"},{"floor":14.0,"key":"FairyMaid"},{"floor":24.0,"key":"Singing Bowl"},{"floor":26.0,"key":"Shovel"},{"floor":28.0,"key":"Bottled Lightning"},{"floor":31,"key":"Gremlin Horn"}],"event_choices":[{"damage_healed":0.0,"max_hp_gain":0.0,"max_hp_loss":0.0,"gold_gain":175.0,"event_name":"Liars Game","player_choice":"AGREE","floor":2.0,"gold_loss":0.0,"damage_taken":0.0,"cards_obtained":["Doubt"]},{"cards_removed":["Doubt"],"damage_healed":0.0,"max_hp_gain":0.0,"max_hp_loss":0.0,"gold_gain":0.0,"event_name":"Bonfire Elementals","player_choice":"Offered Curse","floor":3.0,"gold_loss":0.0,"damage_taken":0.0,"relics_obtained":["Spirit Poop"]},{"damage_healed":0.0,"max_hp_gain":0.0,"max_hp_loss":0.0,"gold_gain":0.0,"event_name":"Big Fish","player_choice":"Box","floor":12.0,"gold_loss":0.0,"damage_taken":0.0,"relics_obtained":["Kunai"],"cards_obtained":["Regret"]},{"cards_removed":["Regret"],"damage_healed":0.0,"max_hp_gain":0.0,"max_hp_loss":0.0,"gold_gain":0.0,"event_name":"Purifier","player_choice":"Purged","floor":20.0,"gold_loss":0.0,"damage_taken":0.0}],"is_beta":false,"boss_relics":[{"not_picked":["Velvet Choker","Runic Dome"],"picked":"APieceOfRedMist"}],"items_purged_floors":[21,29],"is_endless":false,"potions_floor_spawned":[5,6,13,14,16,19,22,24,28],"killed_by":"Champ","ascension_level":11}}