{"host":"n91kx4xj3dn3811n","time":1614397943,"event":{"mods":["Act Like it!","BaseMod","Better Third Choice","CapriCore","Card Forge","Colored Powertips","Highlight Path","Library of Ruina","Library of Ruina Extra","Minty Spire (QoL Compilation)","MostiFishMod","Quick Restart","Reimu£®≤©¿ˆ¡È√Œ£©","Remilia£®¿Ÿ√◊¿Ú—«£©","Spicy Shops","StSLib","The Cursed","Waifu the Spire","ÛÙª÷∏ƒœ"],"gold_per_floor":[113,113,125,125,125,164,178,196,223,266,366,384,384,424,424,548,548,572,181,106,106,106,144,168,128,128,151,151,151,164,199,199,320,320,335,116,136,159,159,190,190,44,69,87,87,123,138,30,30,30],"floor_reached":51,"language":"ZHS","playtime":7568,"items_purged":["Wrath_TH"],"score":1038,"play_id":"8c921f9b-34be-45bb-a0bc-23df143fd240","local_time":"20210227115223","is_ascension_mode":false,"campfire_choices":[{"data":"LeRegole","floor":13.0,"key":"SMITH"},{"data":"HandlingWork","floor":15.0,"key":"SMITH"},{"floor":32,"key":"REST"},{"floor":41,"key":"RECALL"},{"data":"TendonChords","floor":49,"key":"SMITH"}],"circlet_count":0,"master_deck":["Dodge","LightDefense","LightAttack","LightAttack","LightAttack","LightDefense","ChargeAndCover","FocusedStrikes","Eruption+1","LawAndOrder","Unlock1","TendonChords+1","LeRegole+1","HandlingWork+1","StartinOutLightly","PreemptiveStrike","Gamble","GoinFirst","CurseOfTheBell","Reload","EndlessPower","KeepItFresh+1","RapidGashes+1","ToOvercomeCrisis","SilentMist+1","Deflect_lor","BackAttack+1","TheRedNotes+1","UnforgettableMelody+1","ForTheFamily+1"],"relics":["PageOfLibrarian","DaveBox","Jackal-EndForJourney","SynthV:TestCard","Golden Idol","Potion Belt","RuthlessExorcism:ReiMu","Regal Pillow","CombinedTypeHook","Calling Bell","Frozen Egg 2","Lizard Tail","ScarletDevilRocket","PreservedInsect","PageOfMercenary","Tiny Chest","ZunR:ReiMu","Anchor","WingedGreaves","RhineFirstAidKit","BrkXgEgg","Ice Cream","Oddly Smooth Stone","Membership Card","Lantern","PureWhite:ReiMu","SynthV:C4","Civilization","PageOfBloodbath"],"acts_visited":["Exordium","TheCity","TheBeyond"],"potions_floor_usage":[33,51,51],"damage_taken":[{"damage":2.0,"enemies":"2 Louse","floor":1.0,"turns":2.0},{"damage":1.0,"enemies":"Jaw Worm","floor":3.0,"turns":3.0},{"damage":6.0,"enemies":"3 Sentries","floor":6.0,"turns":3.0},{"damage":0.0,"enemies":"Cultist","floor":7.0,"turns":2.0},{"damage":11.0,"enemies":"3 Louse","floor":8.0,"turns":3.0},{"damage":3.0,"enemies":"Gremlin Nob","floor":10.0,"turns":3.0},{"damage":13.0,"enemies":"Lots of Slimes","floor":12.0,"turns":4.0},{"damage":29.0,"enemies":"Lagavulin","floor":14.0,"turns":5.0},{"damage":0.0,"enemies":"Slime Boss","floor":16.0,"turns":2.0},{"damage":0.0,"enemies":"Shell Parasite","floor":18.0,"turns":2.0},{"damage":30.0,"enemies":"Book of Stabbing","floor":23.0,"turns":3.0},{"damage":27.0,"enemies":"2 Thieves","floor":24.0,"turns":3.0},{"damage":11,"enemies":"Centurion and Healer","floor":27,"turns":3},{"damage":4,"enemies":"Snake Plant","floor":30,"turns":3},{"damage":2,"enemies":"Slavers","floor":31,"turns":2},{"damage":63,"enemies":"KingOfGreed","floor":33,"turns":5},{"damage":0,"enemies":"3 Shapes","floor":35,"turns":2},{"damage":0,"enemies":"3 Darklings","floor":37,"turns":4},{"damage":21,"enemies":"Jaw Worm Horde","floor":38,"turns":4},{"damage":23,"enemies":"Reptomancer","floor":40,"turns":3},{"damage":0,"enemies":"Spire Growth","floor":44,"turns":3},{"damage":0,"enemies":"Nemesis","floor":46,"turns":3},{"damage":0,"enemies":"3 Darklings","floor":47,"turns":4},{"damage":29,"enemies":"Time Eater","floor":50,"turns":4}],"seed_played":"-1010418778367763426","potions_obtained":[{"floor":3.0,"key":"Fire Potion"},{"floor":6.0,"key":"Fire Potion"},{"floor":7.0,"key":"Fruit Juice"},{"floor":14.0,"key":"FairyPotion"},{"floor":23.0,"key":"Block Potion"},{"floor":30,"key":"GamblersBrew"},{"floor":37,"key":"SteroidPotion"},{"floor":38,"key":"Fire Potion"},{"floor":40,"key":"DistilledChaos"}],"is_trial":false,"path_per_floor":["M","?","M","?","?","E","M","M","T","E","?","M","R","E","R","B",null,"M","$","?","$","?","E","M","?","T","M","R","T","M","E","R","B",null,"M","$","M","M","T","E","R","$","T","M","?","E","M","$","R","B",null],"character_chosen":"Librarian","items_purchased":["PreservedInsect","PageOfMercenary","BrkXgEgg","Membership Card","Civilization","PageOfBloodbath"],"campfire_rested":1,"item_purchase_floors":[19,19,36,42,48,48],"current_hp_per_floor":[64,64,63,63,63,57,60,52,52,49,49,36,36,18,18,18,83,83,83,83,83,83,53,26,26,26,18,18,18,14,12,53,21,89,89,89,89,68,68,48,48,48,48,228,228,62,57,57,57,32],"gold":30,"neow_bonus":"TEN_PERCENT_HP_BONUS","is_daily":false,"chose_seed":false,"campfire_upgraded":3,"win_rate":0.0,"timestamp":1614397943,"path_taken":["M","?","M","?","?","E","?","M","T","E","?","?","R","E","R","BOSS","M","$","?","$","?","E","?","?","T","M","R","?","?","E","R","BOSS","M","?","M","?","?","E","R","$","T","M","?","E","?","?","R","BOSS"],"items_purchased_type":["Relic","Relic","Relic","Relic","Relic","Relic"],"build_version":"2020-12-22","purchased_purges":1,"victory":true,"max_hp_per_floor":[69,69,81,75,75,75,78,70,70,70,70,70,78,83,83,83,83,83,83,83,83,83,83,83,83,83,75,75,75,75,75,89,89,89,89,89,89,89,89,228,228,228,228,228,228,228,228,228,228,229],"card_choices":[{"not_picked":["Duel_lor","Standoff","StructuralAnalysis","Faith","ExtractFuel","Mutilate","EndlessBattle","SerpentSwordTechnique"],"picked":"LawAndOrder","floor":1.0},{"not_picked":["Tailoring","CircusKnives","Marionette","PinpointShot","DefenseOrder","SerpentSwordTechnique","ForTheFamily","AssaultOrder","BurningFlash","DeepDrag"],"picked":"Unlock1","floor":3.0},{"not_picked":["Marionette","InnerArdor","GreatSerpentsImpact","GuidanceOfTheGears","QuickAttack","EnergyShield","CutIn","HandleRequest","Mutilate","ICanCookAnything"],"picked":"TendonChords","floor":6.0},{"not_picked":["GatherIntel","PreparedMind","MindPrepared","Rewind","ConcentratedFire","RatsGuideToSurvival","SpearedSweep","Thirst","GrazeTheGrass","Duel_lor"],"picked":"LeRegole","floor":7.0},{"not_picked":["MindPrepared","OpportunitySpotted","GaleKick","SpearedSweep","DirtyBlow","Reload","IronWall","EnergyShield","QuickSuppression","HiddenBlade"],"picked":"HandlingWork","floor":8.0},{"not_picked":["YoureTooSlow","Feast","Thrust","DestructiveImpact","HandleRequest","RulesOfTheBackstreets","Retaliate","IronWall","Track","UnavoidableGaze"],"picked":"StartinOutLightly","floor":10.0},{"not_picked":["PinpointShot","UnavoidableGaze","SetFire","DarkCloud","FieryWaltz","EnergyCycle","EnergyStrike","WildCard","Juggling","MindWhip"],"picked":"PreemptiveStrike","floor":12.0},{"not_picked":["RulesOfTheBackstreets","GuardingStance","Parry","YourShield","HandleRequest","StrongStrike","ReadyUp","Collision","Retaliate","EnergyStrike"],"picked":"Gamble","floor":14.0},{"not_picked":["Lock","DaringDecision","Disposal","Suppress"],"picked":"GoinFirst","floor":16.0},{"not_picked":["DefenseOrder+1","YoureAHindrance","OminousPower+1","Multislash+1","SerpentSwordTechnique","Juggling","SpearedSweep","FlashingStrike","Thrust","QuickSuppression+1"],"picked":"Reload","floor":18.0},{"not_picked":["SuanNi","RapidGashes","MindCrush","ShrineToMusic+1","TheWillOfTheCity","SinglePointStab","SmokingPipe","WrathOfTorment","ChargeUp+1","SerpentSwordTechnique"],"picked":"KeepItFresh+1","floor":23.0},{"not_picked":["SinglePointStab+1","PinpointShot+1","SmokingPipe","FrontalAssault","HiddenBlade+1","EnergyShield","Unlock1+1","FierceCharge+1","SerpentSwordTechnique+1","MultiBlock+1"],"picked":"RapidGashes+1","floor":24},{"not_picked":["Overpower","ClassAndRespect+1","LoosenUp","StructuralAnalysis","Decapitation","Pound","PinpointShot","UpbeatPerformance","Thrust+1","SmokingPipe+1"],"picked":"ToOvercomeCrisis","floor":27},{"not_picked":["EnergyCycle+1","StructuralAnalysis","GreatSerpentsImpact+1","TraceOfFumes+1","GuardingStance","Duel_lor","Diversion+1","RipSpace","MultiHit+1","ElectricShock"],"picked":"SilentMist+1","floor":30},{"not_picked":["MultiBlock+1","DefenseOrder+1","HighKick","RatsGuideToSurvival+1","TrimTheIngredients+1","Faith","ChargeUp+1","StayCalm","Wallop_lor","EnergyStrike","GuidanceOfTheGears"],"picked":"SKIP","floor":31},{"not_picked":["Castigation","GutHarvesting","SenseQuarry","FlamingDragonFist"],"picked":"Deflect_lor","floor":33},{"not_picked":["Rewind+1","BindingArms+1","BlindFaith+1","EnergyStrike+1","StrongStrike+1","Parry","SmokingPipe","BattleCommand+1","CrackOfDawn","NightInTheBackstreets+1"],"picked":"BackAttack+1","floor":35},{"not_picked":["EndlessBattle+1","DarkCloud+1","NonstopAssault","Feast+1","MultiHit+1","StartinOutLightly+1","StrikeDown+1","Unlock1","StrongStrike","SearingSword"],"picked":"TheRedNotes+1","floor":37},{"not_picked":["ProselytesBlade","SpearedSweep","FleetEdge","AsThePrescriptOrders","Multislash","BiAn+1","TheWillOfTheCity","MultiBlock","EnergyShield+1","StartinOutLightly","RagingStormLove+1"],"picked":"SKIP","floor":38},{"not_picked":["GuardingStance+1","Gamble","Pound+1","WillOfThePrescript+1","Rewind+1","InhaleSmoke+1","FlashOfSunup","DevastatingThrash+1","TimeForALittleTest","BiAn"],"picked":"UnforgettableMelody+1","floor":40},{"not_picked":["MirageStorm+1","Eject+1","FierceCharge+1","StructuralAnalysis","HighKick+1","AbsorbImpact+1","AsThePrescriptOrders+1","EndlessBattle","SnakesPrey+1","GaleKick","Quickness"],"picked":"SKIP","floor":44},{"not_picked":["MirageStorm+1","Eject+1","FierceCharge+1","StructuralAnalysis","HighKick+1","AbsorbImpact+1","AsThePrescriptOrders+1","EndlessBattle","SnakesPrey+1","GaleKick","Quickness"],"picked":"SKIP","floor":44},{"not_picked":["FrontalAssault+1","GreatSerpentsImpact","WillOfThePrescript","Parry2+1","SuanNi+1","Execute_lor+1","MultiBlock","Multislash","BiteOff+1","Standoff"],"picked":"ForTheFamily+1","floor":46},{"not_picked":["StrongStrike","AutomatedMovement+1","DimensionalRift+1","Brawl+1","ElectricShock+1","Parry2+1","FrontalAssault","TrashDisposal+1","TheWillOfTheCity+1","Struggle+1","ExtremeEdge"],"picked":"SKIP","floor":47}],"player_experience":205825,"relics_obtained":[{"floor":1.0,"key":"SynthV:TestCard"},{"floor":6.0,"key":"Potion Belt"},{"floor":9.0,"key":"RuthlessExorcism:ReiMu"},{"floor":10.0,"key":"Regal Pillow"},{"floor":14.0,"key":"CombinedTypeHook"},{"floor":17.0,"key":"Frozen Egg 2"},{"floor":17.0,"key":"Lizard Tail"},{"floor":17.0,"key":"ScarletDevilRocket"},{"floor":23.0,"key":"Tiny Chest"},{"floor":29,"key":"Anchor"},{"floor":31,"key":"WingedGreaves"},{"floor":39,"key":"Ice Cream"},{"floor":40,"key":"Oddly Smooth Stone"},{"floor":43,"key":"Lantern"},{"floor":46,"key":"SynthV:C4"}],"event_choices":[{"damage_healed":0.0,"max_hp_gain":0.0,"max_hp_loss":0.0,"gold_gain":0.0,"event_name":"Living Wall","player_choice":"Grow","floor":2.0,"gold_loss":0.0,"damage_taken":0.0,"cards_upgraded":["Eruption"]},{"damage_healed":0.0,"max_hp_gain":0.0,"max_hp_loss":6.0,"gold_gain":0.0,"event_name":"Golden Idol","player_choice":"Lose Max HP","floor":4.0,"gold_loss":0.0,"damage_taken":0.0,"relics_obtained":["Golden Idol"]},{"cards_removed":["LightDefense"],"damage_healed":0.0,"max_hp_gain":0.0,"max_hp_loss":0.0,"gold_gain":0.0,"event_name":"Wheel of Change","player_choice":"Card Removal","floor":5.0,"gold_loss":0.0,"damage_taken":0.0},{"damage_healed":0.0,"max_hp_gain":0.0,"max_hp_loss":0.0,"gold_gain":100.0,"event_name":"Golden Shrine","player_choice":"Pray","floor":11.0,"gold_loss":0.0,"damage_taken":0.0},{"cards_removed":["LightDefense"],"damage_healed":0.0,"max_hp_gain":0.0,"max_hp_loss":0.0,"gold_gain":0.0,"event_name":"Beggar","player_choice":"Gave Gold","floor":20.0,"gold_loss":75.0,"damage_taken":0.0},{"damage_healed":0,"gold_gain":0,"player_choice":"π∫¬Ú…Òæ∆","damage_taken":0,"relics_obtained":["ZunR:ReiMu"],"max_hp_gain":0,"max_hp_loss":0,"event_name":"ZunEvent","floor":25,"gold_loss":40},{"damage_healed":0,"gold_gain":0,"player_choice":"Gave Potion","damage_taken":0,"relics_obtained":["PureWhite:ReiMu"],"max_hp_gain":0,"max_hp_loss":0,"event_name":"WeMeetAgain","floor":45,"gold_loss":0}],"is_beta":false,"boss_relics":[{"not_picked":["Pandora\u0027s Box","Tiny House"],"picked":"Calling Bell"},{"not_picked":["Astrolabe","Philosopher\u0027s Stone"],"picked":"RhineFirstAidKit"}],"items_purged_floors":[36],"is_endless":false,"potions_floor_spawned":[3,6,7,14,23,30,37,38,40],"ascension_level":0}}