{"host":"bc298c4gavna5tx2","time":1614428256,"event":{"mods":["ATMod(阿瑾Mod)","Act Like it!","BaseMod","Challenge The Spire","Energized Spire","Library of Ruina","Library of Ruina Extra","Minty Spire (QoL Compilation)","MostiFishMod","Quarter Circle Forward PUNCH!","Quick Restart","Replay The Spire","Spicy Shops","StSLib","TestMod","The Marked","【功能Mod】混沌之环修复补丁","【功能Mod】聪明的最终Boss","【遗物卡牌】REMEMod"],"gold_per_floor":[116,134,174,174,30,91,91,153,153,173,220,240,302,320,320,449,399,412,424,473,473,515,546,546,1,1,21,21,38,59,76,76,182,182,197,197,197,216,270,270,329,351,351,368,368,387,423,444,444,455],"floor_reached":51,"language":"ZHS","playtime":2304,"items_purged":["LightAttack"],"score":1740,"play_id":"4d45c2f1-75ec-4d09-811d-7146df183362","local_time":"20210227201736","is_ascension_mode":true,"campfire_choices":[{"data":"SunsetBlade","floor":7,"key":"SMITH"},{"data":"BalefulBrand","floor":15,"key":"PURGE"},{"floor":24,"key":"RECALL"},{"data":"GoinFirst","floor":28,"key":"SMITH"},{"data":"DistortedBlade","floor":32,"key":"SMITH"},{"data":"ViolentFlame","floor":40,"key":"SMITH"},{"data":"REME_FirmDetermination","floor":49,"key":"SMITH"}],"circlet_count":0,"master_deck":["DegradedFairy","DegradedFairy","DegradedFairy","DegradedChain","DegradedChain","DegradedLock","DegradedPillar","DegradedPillar","DegradedShockwave","AT_FamilyPortrait","SunsetBlade+1","SomberProcuration","ViolentFlame+1","DistortedBlade+1","GoinFirst+1","ProselytesBlade","testmod-RepeatForm","FormingStorm","Lock+1","MostiFishMod:KingOfFree+1","GoinFirst+1","REME_FirmDetermination+1"],"relics":["PageOfLibrarian","AT_ATBox","DaveBox","REME_ComplimentaryCards","testmod-TestBox","OneHitWonderSystem","Tiny Chest","SynthV:TestCard","PageOfSpiderBud","REME_ArchaeologicalTools","ReplayTheSpireMod:Ninjato","PageOfTheKnightOfDespair","PageOfTheQueenOfHatred","PageOfGreed","Replay:Grab Bag","energizedSpire:NeverEndingSparkler","energizedSpire:HugeHouse","REME_LowDesire","Ancient Tea Set","Bronze Scales","PageOfWrath","testmod-ConstraintPeriapt","PageOfNihil","Golden Egg","PageOfQueenBee","SynthV","Strawberry","PageOfPorccubus","RhineCircuit","qcfpunch:Red_Headband","testmod-Maize","Eternal Feather","testmod-Nyarlathotep","qcfpunch:Chain_With_Nametags"],"acts_visited":["Exordium","TheCity","TheBeyond"],"potions_floor_usage":[50,51,51],"damage_taken":[{"damage":0,"enemies":"Cultist","floor":1,"turns":1},{"damage":0,"enemies":"Jaw Worm","floor":2,"turns":1},{"damage":0,"enemies":"Small Slimes","floor":3,"turns":2},{"damage":0,"enemies":"3 Sentries","floor":6,"turns":3},{"damage":0,"enemies":"Lagavulin","floor":8,"turns":2},{"damage":0,"enemies":"3 Louse","floor":10,"turns":1},{"damage":0,"enemies":"Replay:BlueRogue","floor":11,"turns":2},{"damage":0,"enemies":"Exordium Thugs","floor":12,"turns":2},{"damage":0,"enemies":"3 Sentries","floor":13,"turns":2},{"damage":0,"enemies":"Blue Slaver","floor":14,"turns":1},{"damage":0,"enemies":"Slime Boss","floor":16,"turns":3},{"damage":0,"enemies":"3 Byrds","floor":18,"turns":2},{"damage":0,"enemies":"Shell Parasite","floor":19,"turns":1},{"damage":0,"enemies":"Snake Plant","floor":22,"turns":5},{"damage":0,"enemies":"Slavers","floor":23,"turns":1},{"damage":0,"enemies":"Chosen and Byrds","floor":27,"turns":2},{"damage":0,"enemies":"Shelled Parasite and Fungi","floor":29,"turns":1},{"damage":0,"enemies":"3 Cultists","floor":30,"turns":2},{"damage":0,"enemies":"Snake Plant","floor":31,"turns":1},{"damage":0,"enemies":"Pondfish","floor":33,"turns":4},{"damage":0,"enemies":"3 Darklings","floor":35,"turns":1},{"damage":0,"enemies":"3 Shapes","floor":38,"turns":1},{"damage":0,"enemies":"Mind Bloom Boss Battle","floor":39,"turns":2},{"damage":0,"enemies":"R_Hoarder","floor":41,"turns":3},{"damage":0,"enemies":"Transient","floor":42,"turns":3},{"damage":0,"enemies":"Spire Growth","floor":44,"turns":2},{"damage":0,"enemies":"4 Shapes","floor":46,"turns":2},{"damage":0,"enemies":"Reptomancer","floor":47,"turns":2},{"damage":0,"enemies":"Jaw Worm Horde","floor":48,"turns":2},{"damage":0,"enemies":"Time Eater","floor":50,"turns":2}],"seed_played":"-6447769414723923157","potions_obtained":[{"floor":8,"key":"AttackPotion"},{"floor":12,"key":"Reflective Coating"},{"floor":14,"key":"EssenceOfSteel"},{"floor":22,"key":"Block Potion"},{"floor":33,"key":"Venom Potion"},{"floor":38,"key":"PowerPotion"},{"floor":46,"key":"testmod-TestPotion"}],"is_trial":false,"path_per_floor":["M","M","M","T","$","E","R","E","T","M","E","M","E","M","R","B",null,"M","M","T","?","M","E","R","$","T","M","R","M","M","M","R","B",null,"M","?","T","M","?","R","E","M","T","M","?","M","E","M","R","B",null],"character_chosen":"Librarian","items_purchased":["PageOfSpiderBud","PageOfQueenBee","SynthV","Strawberry"],"campfire_rested":0,"item_purchase_floors":[5,25,25,25],"current_hp_per_floor":[1,1,1,1,1,1,1,1,1,1,1,1,1,1,1,1,1,1,1,1,1,1,1,1,8,1,1,1,1,1,1,1,1,1,1,1,1,1,1,1,1,1,1,1,1,1,1,1,1,1],"gold":461,"neow_bonus":"RANDOM_COMMON_RELIC","is_daily":false,"chose_seed":false,"campfire_upgraded":5,"win_rate":0.0,"timestamp":1614428256,"path_taken":["M","M","?","?","$","E","R","E","T","M","E","M","E","?","R","BOSS","M","M","?","?","M","E","R","$","T","M","R","?","M","M","R","BOSS","M","?","?","M","?","R","E","M","T","M","?","?","E","M","R","BOSS"],"items_purchased_type":["Relic","Relic","Relic","Relic"],"build_version":"2020-12-22","purchased_purges":1,"victory":true,"max_hp_per_floor":[1,1,1,1,1,1,1,1,1,1,1,1,1,1,1,1,1,1,1,1,1,1,1,1,8,1,1,1,1,1,1,1,1,1,1,1,1,1,1,1,1,1,1,1,1,1,1,1,1,1],"card_choices":[{"not_picked":["ViolentFlame","QuickSuppression","SmokingPipe","Parry2","Crush","StrongStrike","DarkCloud","FieryWaltz"],"picked":"SunsetBlade","floor":1},{"not_picked":["Parry2","PinpointShot","IllEndYou","GuardingStance","ForTheFamily","MindPrepared","Slice_lor","EnergyShield","ChopItOff","Parry"],"picked":"GutHarvesting","floor":2},{"not_picked":["HandleRequest","WildCard","SmokingPipe","InhaleSmoke","Diversion","GreatSerpentsImpact","ClassAndRespect","MultiHit","FieryWaltz","Parry","BulkyImpact"],"picked":"SKIP","floor":3},{"not_picked":["Outburst","Quickness","Punishment","HeavyPeaks","GuidanceOfTheGears","GuardingStance","SuppressingShot","FieryWaltz","QuickSuppression","Fence"],"picked":"SomberProcuration","floor":6},{"not_picked":["BladeWhirl","ExtractFuel","Guardian_lor","SetFire","ClassAndRespect","YouOnlyLiveOnce","UnavoidableGaze","ButterflySlash","RepressedFlesh","AsThePrescriptOrders"],"picked":"ViolentFlame","floor":8},{"not_picked":["MultiBlock","HighKick","ClassAndRespect","IngredientHunt","QuickSuppression","AutomatedMovement","SunsetBlade","Duel_lor","UpbeatPerformance","SmokingPipe","EnergyShield"],"picked":"SKIP","floor":10},{"not_picked":["SnakesPrey","Commandeering","CookingPrep","CutIn","PreemptiveStrike","ShockingBlow","InkOver","StrikeDown","SturdyDefense","Multislash"],"picked":"DistortedBlade","floor":11},{"not_picked":["Unlock1","UnavoidableGaze","AGoldenOpportunity","SinglePointStab","SpearedSweep","HandlingWork","MultiBlock","FaintMemories","GuardingStance","InhaleSmoke","BiAn"],"picked":"SKIP","floor":12},{"not_picked":["ICanCookAnything","WillOfThePrescript","HandleRequest","Outburst","Standoff","FleetFootsteps","UnavoidableGaze","HighKick","IronWall","BackAttack","DistortedBlade"],"picked":"SKIP","floor":13},{"not_picked":["SetFire","FieryDragonSlash","SkitterAway","AsThePrescriptOrders","BackstreetsDash","BackAttack","HandlingWork","UnavoidableGaze","FleetFootsteps","SmokingPipe","Standoff"],"picked":"SKIP","floor":14},{"not_picked":["BlazingStrike","SilentNight","GutHarvesting","GroundSmash"],"picked":"GoinFirst","floor":16},{"not_picked":["BlindFaith","SunsetBlade+1","NightInTheBackstreets","QuickAttack","QuickSuppression","IdentifyWeakpoint","EnergyConversion+1","Quickness+1","Marionette+1","HighSpeedStabbing+1","NonstopAssault"],"picked":"testmod-RepeatForm","floor":18},{"not_picked":["MultiBlock","GrazeTheGrass","UpbeatPerformance","GatherIntel","NonstopAssault","ShockRound","Parry","SinglePointStab","Parry2","Multislash","Mayhem"],"picked":"FormingStorm","floor":19},{"not_picked":["Leap_lor","SuppressingShot","Overpower","Parry2","UpbeatPerformance+1","Unlock1","OminousPower+1","ChargeUp","MultiHit","GreatSerpentsImpact","AutomatedMovement","REME_BattleFury"],"picked":"SKIP","floor":22},{"not_picked":["DarkCloud","BlindFaith","SharpSwipe","IronWall","Struggle+1","FrontalAssault","CutIn+1","ReadyUp","HighKick","DefenseOrder","testmod-EnhanceArmerment"],"picked":"Lock","floor":23},{"not_picked":["Collision+1","Outburst","FierceCharge","ClassAndRespect","ExtremeEdge","EndlessBattle","SkyClearingCut","GuidanceOfTheGears","Pound","StructuralAnalysis","Fence"],"picked":"MostiFishMod:KingOfFree","floor":27},{"not_picked":["Slice_lor","YourShield","WaitUp","Faith","Concentration","Fence","GuardingStance","IngredientHunt+1","Leap_lor","EnergyStrike","SteelKnuckles+1","REME_BattleFury"],"picked":"SKIP","floor":29},{"not_picked":["PreparedMind+1","Unlock1","MultiHit","SharpNails","VioletBlade","Quickness","Leap_lor+1","DimensionalRift","TrimTheIngredients","Duel_lor","Punishment","testmod-EnhanceArmerment"],"picked":"SKIP","floor":30},{"not_picked":["Reload","HighSpeedStabbing","QuickAttack","StrongStrike","Leap_lor","SpearedSweep","LossOfSenses+1","CoordinatedAssault","Parry","TrimTheIngredients","TheArtOfRapidSteps","testmod-RepeatForm"],"picked":"SKIP","floor":31},{"not_picked":["Decapitation","Castigation","LeRegole","Commandeering","testmod-CardIndex"],"picked":"GoinFirst","floor":33},{"not_picked":["IngredientHunt+1","RhinoRam+1","Tailoring+1","SnakeSlit","Faith","TheWillOfTheCity+1","HandlingWork+1","SharpSwipe","DarkCloud+1","AsThePrescriptOrders","PinpointShot+1","Purity"],"picked":"SKIP","floor":35},{"not_picked":["SuppressingShot+1","ViolentFlame","IdentifyWeakpoint","Endure+1","Bvapour+1","SerpentSwordTechnique","Riposte+1","Laceration","FleetEdge+1","SmokingPipe+1","Leap_lor","testmod-Bloodthirsty"],"picked":"SKIP","floor":38},{"not_picked":["UnforgettableMelody","BackstreetsDash+1","RipSpace","Pound+1","ChargeUp","QuickAttack","SharpenedBlade+1","StartinOutLightly","SilentNight","WillOfThePrescript+1","TheWillOfTheCity+1","testmod-HeadAttack"],"picked":"SKIP","floor":41},{"not_picked":["QuickAttack+1","SmokingPipe+1","UpbeatPerformance+1","TheRedNotes","ViolentFlame+1","GrazeTheGrass","SnakesPrey+1","Struggle","ExtremeEdge","MultiHit","JiaoTu","testmod-BloodBlade"],"picked":"SKIP","floor":42},{"not_picked":["MirageStorm","CoordinatedAssault+1","Marionette+1","GrazeTheGrass+1","ConcentratedFire+1","BiAn+1","ClassAndRespect","StayCalm+1","MindWhip+1","Reload+1","HiddenBlade","REME_HeartOfCthun"],"picked":"SKIP","floor":44},{"not_picked":["REME_WheelOfFate","testmod-PulseDistributor","testmod-HeadAttack","testmod-ComboMaster","Finesse","REME_ShortnessOfBreath","Dramatic Entrance","Madness","MostiFishMod:OneDayCity","testmod-ConditionedReflex"],"picked":"REME_FirmDetermination","floor":45},{"not_picked":["Thrust","SinglePointStab+1","Rampage_lor","UnavoidableGaze","BiAn","TheWillOfTheCity+1","Unlock1","Feast","SerpentSwordTechnique+1","MultiHit+1","StrikeDown+1","Mind Blast+1"],"picked":"SKIP","floor":46},{"not_picked":["Cruelty","IdentifyWeakpoint+1","BackAttack","Track","Eradication","Ripple","ChiWen","MultiBlock","Observe","BiAn+1","SunsetBlade+1","MostiFishMod:MusicBox"],"picked":"SKIP","floor":47},{"not_picked":["MultiHit+1","SkitterAway","FlowOfTheSword","StrongStrike","Concentration+1","ClassAndRespect+1","WillOfThePrescript+1","PreemptiveStrike+1","HandleRequest+1","EnergyCycle","SerpentSwordTechnique","ReplayTheSpireMod:Necrogeddon"],"picked":"SKIP","floor":48}],"player_experience":163718,"relics_obtained":[{"floor":1,"key":"SynthV:TestCard"},{"floor":6,"key":"REME_ArchaeologicalTools"},{"floor":8,"key":"ReplayTheSpireMod:Ninjato"},{"floor":9,"key":"PageOfTheKnightOfDespair"},{"floor":11,"key":"PageOfTheQueenOfHatred"},{"floor":13,"key":"PageOfGreed"},{"floor":17,"key":"Ancient Tea Set"},{"floor":17,"key":"Bronze Scales"},{"floor":20,"key":"PageOfWrath"},{"floor":22,"key":"PageOfNihil"},{"floor":23,"key":"Golden Egg"},{"floor":26,"key":"PageOfPorccubus"},{"floor":37,"key":"qcfpunch:Red_Headband"},{"floor":39,"key":"testmod-Maize"},{"floor":41,"key":"Eternal Feather"},{"floor":43,"key":"testmod-Nyarlathotep"},{"floor":47,"key":"qcfpunch:Chain_With_Nametags"}],"event_choices":[{"damage_healed":0,"gold_gain":0,"player_choice":"Opened","damage_taken":0,"relics_obtained":["testmod-ConstraintPeriapt"],"max_hp_gain":0,"max_hp_loss":0,"event_name":"The Mausoleum","floor":21,"gold_loss":0},{"damage_healed":0,"gold_gain":0,"player_choice":"Got Potions","damage_taken":0,"max_hp_gain":0,"max_hp_loss":0,"event_name":"Lab","floor":36,"gold_loss":0},{"damage_healed":0,"gold_gain":0,"player_choice":"Fight","damage_taken":0,"max_hp_gain":0,"max_hp_loss":0,"event_name":"MindBloom","floor":39,"gold_loss":0},{"damage_healed":0,"gold_gain":0,"player_choice":"Memory 1","damage_taken":0,"max_hp_gain":0,"max_hp_loss":0,"event_name":"SensoryStone","floor":45,"gold_loss":0}],"is_beta":false,"boss_relics":[{"not_picked":["Velvet Choker","NightmareShop"],"picked":"Replay:Grab Bag"},{"not_picked":["Cursed Key","Philosopher\u0027s Stone"],"picked":"energizedSpire:NeverEndingSparkler"},{"not_picked":["energizedSpire:RedRose","ChewingGum"],"picked":"energizedSpire:HugeHouse"},{"not_picked":["Calling Bell","Pandora\u0027s Box"],"picked":"REME_LowDesire"},{"not_picked":["Replay:Bronze Core","Abe\u0027s Treasure"],"picked":"RhineCircuit"}],"items_purged_floors":[25],"is_endless":false,"potions_floor_spawned":[1,8,11,12,14,22,23,33,38,39,44,46,48],"ascension_level":1}}