{"host":"3fq4qkq16k5wd7va","time":1614450417,"event":{"mods":["BaseMod","Better Match","Googly Eyes","Minty Spire (QoL Compilation)","StSLib"],"gold_per_floor":[112,37,57,57,132,160,160,160,183,215,215,215,315,335,335,434,434,449,469,346,363,375,375,375,375],"floor_reached":24,"language":"ENG","playtime":774,"items_purged":["Strike_R","Strike_R"],"score":263,"play_id":"70d729f3-29d4-4310-b06e-5446deef2031","local_time":"20210228052657","is_ascension_mode":true,"campfire_choices":[{"data":"Body Slam","floor":8,"key":"SMITH"},{"data":"Rampage","floor":12,"key":"SMITH"},{"data":"Defend_R","floor":15,"key":"SMITH"},{"floor":23,"key":"REST"}],"circlet_count":0,"master_deck":["Strike_R","Strike_R+1","Strike_R","Defend_R+1","Defend_R","Defend_R","Defend_R+1","Bash","Body Slam+1","Rampage+1","Berserk","True Grit"],"relics":["Burning Blood","NeowsBlessing","Mercury Hourglass","Tiny Chest","Nunchaku","Cursed Key"],"acts_visited":["Exordium","TheCity"],"potions_floor_usage":[10,16,22],"damage_taken":[{"damage":0,"enemies":"2 Louse","floor":1,"turns":1},{"damage":0,"enemies":"Jaw Worm","floor":3,"turns":1},{"damage":0,"enemies":"Gremlin Nob","floor":6,"turns":1},{"damage":15,"enemies":"3 Sentries","floor":10,"turns":5},{"damage":0,"enemies":"Small Slimes","floor":14,"turns":3},{"damage":25,"enemies":"The Guardian","floor":16,"turns":10},{"damage":2,"enemies":"Chosen","floor":18,"turns":4},{"damage":22,"enemies":"Shell Parasite","floor":19,"turns":4},{"damage":38,"enemies":"Snecko","floor":21,"turns":5},{"damage":25,"enemies":"Centurion and Healer","floor":22,"turns":6},{"damage":38,"enemies":"Book of Stabbing","floor":24,"turns":4}],"seed_played":"5173642240243643866","potions_obtained":[{"floor":6,"key":"Strength Potion"},{"floor":10,"key":"AttackPotion"},{"floor":18,"key":"DuplicationPotion"},{"floor":22,"key":"CultistPotion"}],"is_trial":false,"path_per_floor":["M","$","M","?","?","E","?","R","T","E","?","R","?","M","R","B",null,"M","M","$","M","M","R","E"],"character_chosen":"IRONCLAD","items_purchased":["True Grit"],"campfire_rested":1,"item_purchase_floors":[20],"current_hp_per_floor":[80,80,80,64,53,59,59,59,59,50,50,50,50,56,56,37,80,80,64,64,32,13,37,0,0],"gold":375,"neow_bonus":"THREE_ENEMY_KILL","is_daily":false,"chose_seed":false,"campfire_upgraded":3,"win_rate":0.0,"timestamp":1614450417,"path_taken":["M","$","M","?","?","E","?","R","T","E","?","R","?","M","R","BOSS","M","M","$","M","M","R","E"],"items_purchased_type":["Card"],"build_version":"2020-12-22","purchased_purges":2,"victory":false,"max_hp_per_floor":[80,80,80,80,80,80,80,80,80,80,80,80,80,80,80,80,80,80,80,80,80,80,80,80,80],"card_choices":[{"not_picked":["Thunderclap","Anger","Second Wind"],"picked":"SKIP","floor":1},{"not_picked":["Power Through","Thunderclap"],"picked":"Body Slam","floor":3},{"not_picked":["True Grit","Offering"],"picked":"Rampage","floor":6},{"not_picked":["Wild Strike","Perfected Strike","Warcry"],"picked":"SKIP","floor":10},{"not_picked":["Dark Embrace","Flex","Wild Strike"],"picked":"SKIP","floor":14},{"not_picked":["Exhume","Juggernaut"],"picked":"Berserk","floor":16},{"not_picked":["Armaments+1","Cleave+1","Flex"],"picked":"SKIP","floor":18},{"not_picked":["Sever Soul","Anger","Wild Strike"],"picked":"SKIP","floor":19},{"not_picked":["Berserk","Havoc+1","Armaments"],"picked":"SKIP","floor":21},{"not_picked":["Cleave","Warcry","Pommel Strike"],"picked":"SKIP","floor":22}],"player_experience":171658,"relics_obtained":[{"floor":6,"key":"Mercury Hourglass"},{"floor":9,"key":"Tiny Chest"},{"floor":10,"key":"Nunchaku"}],"event_choices":[{"damage_healed":0,"gold_gain":0,"player_choice":"Entered Light","damage_taken":16,"max_hp_gain":0,"max_hp_loss":0,"event_name":"Shining Light","floor":4,"gold_loss":0,"cards_upgraded":["Strike_R","Defend_R"]},{"damage_healed":0,"gold_gain":75,"player_choice":"Gather Gold","damage_taken":11,"max_hp_gain":0,"max_hp_loss":0,"event_name":"World of Goop","floor":5,"gold_loss":0},{"damage_healed":0,"gold_gain":0,"player_choice":"Ignored","damage_taken":0,"max_hp_gain":0,"max_hp_loss":0,"event_name":"Liars Game","floor":7,"gold_loss":0},{"damage_healed":0,"gold_gain":0,"player_choice":"Ignored","damage_taken":0,"max_hp_gain":0,"max_hp_loss":0,"event_name":"Golden Idol","floor":11,"gold_loss":0},{"damage_healed":0,"gold_gain":100,"player_choice":"Pray","damage_taken":0,"max_hp_gain":0,"max_hp_loss":0,"event_name":"Golden Shrine","floor":13,"gold_loss":0}],"is_beta":false,"boss_relics":[{"not_picked":["SacredBark","Calling Bell"],"picked":"Cursed Key"}],"items_purged_floors":[2,20],"is_endless":false,"potions_floor_spawned":[6,10,18,22],"killed_by":"Book of Stabbing","ascension_level":3}}