{"host":"ilo0sg5cl3zcnqwd","time":1614433851,"event":{"mods":["BaseMod","Downfall","Minty Spire (QoL Compilation)","StSLib"],"gold_per_floor":[99,115,126,126,137,152,152,163,174,190,90,102,102,128,144,245,245,245,260,273,291,307,335,335,355,371,389,474,474,574,635,654,654,654,654],"floor_reached":33,"language":"ENG","playtime":1531,"items_purged":[],"score":295,"play_id":"f2570e55-0668-445f-bee2-69656ac5047a","local_time":"20210227135051","is_ascension_mode":true,"campfire_choices":[{"floor":1.0,"key":"RECALL"},{"data":"bronze:Iterate","floor":11,"key":"SMITH"},{"data":"bronze:Repair","floor":13,"key":"SMITH"},{"data":"bronze:Boost","floor":18,"key":"SMITH"},{"data":"bronze:Flail","floor":29,"key":"SMITH"}],"circlet_count":0,"master_deck":["bronze:Strike","bronze:Defend","bronze:Defend","bronze:Defend","bronze:Defend","bronze:Replicate","bronze:Goto","bronze:Shield","bronze:Boost+1","bronze:WhirlingStrike","bronze:Repair+1","bronze:Iterate+1","bronze:FineTuning","bronze:ItsAFeature","bronze:Flail+1","bronze:FindAndReplace","bronze:DigitalCarnage+1","bronze:Optimize+1","bronze:GetLatest+1","bronze:CloningBeam","bronze:DigitalCarnage","bronze:Repulsor+1","bronze:WhirlingStrike","bronze:Iterate","bronze:ForLoop"],"relics":["bronze:BronzeCore","Omamori","downfall:HeartBlessingRed","Meat on the Bone","Astrolabe","Mercury Hourglass","Ornamental Fan","downfall:CloakOfManyFaces","CultistMask","FaceOfCleric","NlothsMask","GremlinMask","SsserpentHead"],"acts_visited":["Exordium","TheCity"],"potions_floor_usage":[6,27],"damage_taken":[{"damage":5.0,"enemies":"Small Slimes","floor":2.0,"turns":3.0},{"damage":9.0,"enemies":"Jaw Worm","floor":3.0,"turns":5.0},{"damage":1.0,"enemies":"Cultist","floor":5.0,"turns":4.0},{"damage":0,"enemies":"Lots of Slimes","floor":6,"turns":1},{"damage":0,"enemies":"downfall:LooterAlt","floor":8,"turns":4},{"damage":2,"enemies":"Blue Slaver","floor":9,"turns":4},{"damage":17,"enemies":"Red Slaver","floor":10,"turns":6},{"damage":8,"enemies":"Exordium Wildlife","floor":12,"turns":4},{"damage":3,"enemies":"3 Sentries","floor":14,"turns":4},{"damage":6,"enemies":"3 Louse","floor":15,"turns":2},{"damage":35,"enemies":"SI_SHIV_ARCHETYPE","floor":16,"turns":10},{"damage":7,"enemies":"Shell Parasite","floor":19,"turns":3},{"damage":5,"enemies":"Chosen","floor":20,"turns":3},{"damage":10,"enemies":"Shelled Parasite and Fungi","floor":21,"turns":3},{"damage":18,"enemies":"Snecko","floor":22,"turns":7},{"damage":74,"enemies":"Book of Stabbing","floor":23,"turns":8},{"damage":0,"enemies":"3 Cultists","floor":25,"turns":4},{"damage":8,"enemies":"Centurion and Healer","floor":26,"turns":6},{"damage":3,"enemies":"Snecko","floor":27,"turns":4},{"damage":5,"enemies":"downfall:FaceTrader","floor":30,"turns":8},{"damage":17,"enemies":"Snake Plant","floor":31,"turns":3},{"damage":0,"enemies":"Centurion and Healer","floor":32,"turns":5},{"damage":63,"enemies":"WA_ARCHETYPE_CALM","floor":33,"turns":7}],"seed_played":"962253281648084212","potions_obtained":[{"floor":2.0,"key":"bronze:BurnAndBuffPotion"},{"floor":3.0,"key":"Explosive Potion"},{"floor":6,"key":"SteroidPotion"},{"floor":8,"key":"SpeedPotion"},{"floor":25,"key":"Ancient Potion"},{"floor":27,"key":"FearPotion"}],"is_trial":false,"path_per_floor":["R","M","M","?","M","M","T","M","M","M","R","M","R","E","M","B",null,"R","M","M","M","M","E","T","M","M","M","?","R","?","M","M","B"],"character_chosen":"THE_AUTOMATON","items_purchased":[],"campfire_rested":0,"item_purchase_floors":[],"current_hp_per_floor":[77,72,63,68,67,67,67,67,72,62,62,61,61,68,62,49,82,82,82,82,72,64,24,24,46,58,55,41,41,46,42,53,0,0,0],"gold":654,"neow_bonus":"TEN_PERCENT_HP_BONUS","is_daily":false,"chose_seed":false,"campfire_upgraded":4,"win_rate":0.0,"timestamp":1614433851,"path_taken":["R","M","M","?","M","M","T","M","M","M","R","M","R","E","M","BOSS","R","M","M","M","M","E","T","M","M","M","?","R","?","?","M","BOSS"],"items_purchased_type":[],"build_version":"2020-12-22","purchased_purges":0,"victory":false,"max_hp_per_floor":[77,77,77,82,82,82,82,82,82,82,82,82,82,82,82,82,82,82,82,82,82,82,82,82,82,82,82,82,82,82,83,84,84,84,84],"card_choices":[{"not_picked":["bronze:Repair","bronze:DigitalCarnage"],"picked":"bronze:Shield","floor":2.0},{"not_picked":["bronze:Invalidate","bronze:Overload","bronze:Refactor"],"picked":"SKIP","floor":3.0},{"not_picked":["bronze:Deprecate","bronze:BronzeArmor"],"picked":"bronze:Boost","floor":5.0},{"not_picked":["bronze:ChildClass","bronze:GetLatest"],"picked":"bronze:WhirlingStrike","floor":6},{"not_picked":["bronze:BronzeArmor","bronze:Shield"],"picked":"bronze:Repair","floor":8},{"not_picked":["bronze:CloningBeam","bronze:BugBarrage"],"picked":"bronze:Iterate","floor":9},{"not_picked":["bronze:DarkDash","bronze:WildBeam","bronze:Allocate"],"picked":"SKIP","floor":10},{"not_picked":["bronze:Allocate","bronze:ChosenStrike"],"picked":"bronze:FineTuning","floor":12},{"not_picked":["bronze:ChildClass","bronze:DelayedGuard"],"picked":"bronze:ItsAFeature","floor":14},{"not_picked":["bronze:Return","bronze:Separator"],"picked":"bronze:Flail","floor":15},{"not_picked":["bronze:CleanCode","bronze:BurnOut"],"picked":"bronze:FindAndReplace","floor":16},{"not_picked":["bronze:BitShift","bronze:FollowUp","bronze:Separator"],"picked":"SKIP","floor":19},{"not_picked":["bronze:CutThrough","bronze:Overheat","bronze:Shell+1"],"picked":"SKIP","floor":20},{"not_picked":["bronze:Overload+1","bronze:Deprecate"],"picked":"bronze:CloningBeam","floor":21},{"not_picked":["bronze:Overload+1","bronze:OilSpill+1","bronze:CutThrough"],"picked":"SKIP","floor":22},{"not_picked":["bronze:ItsAFeature","bronze:BronzeArmor+1"],"picked":"bronze:DigitalCarnage","floor":23},{"not_picked":["bronze:Shield","bronze:BuggyMess","bronze:Philosophize"],"picked":"SKIP","floor":25},{"not_picked":["bronze:OilSpill","bronze:AlphaBuild"],"picked":"bronze:Repulsor+1","floor":26},{"not_picked":["bronze:Overheat","bronze:Turbo"],"picked":"bronze:WhirlingStrike","floor":27},{"not_picked":["bronze:WildBeam","bronze:BitShift"],"picked":"bronze:Iterate","floor":30},{"not_picked":["bronze:DelayedGuard","bronze:Shell+1","bronze:Turbo"],"picked":"SKIP","floor":31},{"not_picked":["bronze:ForLoop","bronze:DelayedSlice","bronze:BugBarrage"],"picked":"SKIP","floor":32},{"not_picked":["bronze:DelayedSlice","bronze:BugBarrage"],"picked":"bronze:ForLoop","floor":32}],"player_experience":312694,"relics_obtained":[{"floor":7,"key":"Omamori"},{"floor":14,"key":"Meat on the Bone"},{"floor":23,"key":"Mercury Hourglass"},{"floor":24,"key":"Ornamental Fan"},{"floor":30,"key":"downfall:CloakOfManyFaces"}],"event_choices":[{"damage_healed":0.0,"max_hp_gain":5.0,"max_hp_loss":0.0,"gold_gain":0.0,"event_name":"Big Fish","player_choice":"Donut","floor":4.0,"gold_loss":0.0,"damage_taken":0.0}],"is_beta":false,"boss_relics":[{"not_picked":["Fusion Hammer","Runic Pyramid"],"picked":"Astrolabe"}],"items_purged_floors":[],"is_endless":false,"potions_floor_spawned":[2,3,6,8,9,20,21,22,25,27],"killed_by":"WA_ARCHETYPE_CALM","ascension_level":1}}