{"host":"5vxoi0a3x57fg5l4","time":1614396101,"event":{"mods":["Act Like it!","BaseMod","Better Third Choice","Colored Map","GifTheSpireLib","Hallownest","Highlight Path","Minty Spire (QoL Compilation)","Permanent Neow","Quick Restart","Relic Sorter","Relic Stats","StSLib","The Bug Knight","UnlockEverythingMod"],"gold_per_floor":[119,129,129,148,168,168,201,201,201,43,58,72,72,88,88,192,192,210,210,210,210,221,221,250,67,91,108,108,108,108],"floor_reached":29,"language":"ENG","playtime":2579,"items_purged":["HollowMod:NailStrikeStart"],"score":267,"play_id":"e8917a6f-6aab-49fe-a3f7-e8e5fc443c80","local_time":"20210227002141","is_ascension_mode":true,"campfire_choices":[{"data":"HollowMod:MantisMark","floor":6.0,"key":"SMITH"},{"data":"HollowMod:GrimmsGift","floor":13.0,"key":"SMITH"},{"floor":15.0,"key":"REST"},{"data":"HollowMod:ShadowDash","floor":23.0,"key":"SMITH"}],"circlet_count":0,"master_deck":["HollowMod:NailStrikeStart","HollowMod:NailStrikeStart","HollowMod:QuickDashStart","HollowMod:PogoStrike","HollowMod:ShadowDash+1","HollowMod:GrimmsGift+1","HollowMod:MantisMark+1","HollowMod:WraithStrike","Enlightenment","HollowMod:SiblingsSouls","HollowMod:DungDefenderAura","HollowMod:Hiveblood","HollowMod:GrimmsGift+1","HollowMod:NewLittleFool+1","HollowMod:ShadowDash+1","HollowMod:MothsMistake","HollowMod:MonarchWings+1","HollowMod:SharpenedShadows","HollowMod:HeavyBlow+1","HollowMod:InfectedCysts","HollowMod:WraithStrike"],"relics":["Runic Pyramid","Gremlin Horn","Hallownest:DreamNailRelic","Singing Bowl","Astrolabe","Oddly Smooth Stone","Anchor"],"acts_visited":["Hallownest:Greenpath","Hallownest:CityofTears"],"potions_floor_usage":[24],"damage_taken":[{"damage":2.0,"enemies":"Hallownest:monsterHuskGuard","floor":1.0,"turns":4.0},{"damage":3.0,"enemies":"Hallownest:monsterHuskWarrior","floor":2.0,"turns":2.0},{"damage":14.0,"enemies":"Hallownest:2_MossCreeps","floor":4.0,"turns":4.0},{"damage":13.0,"enemies":"Hallownest:Wandering_and_Horned","floor":5.0,"turns":4.0},{"damage":6.0,"enemies":"Hallownest:eliteVengeflyKing","floor":7.0,"turns":4.0},{"damage":9.0,"enemies":"Hallownest:monsterFoolEater","floor":11.0,"turns":2.0},{"damage":2.0,"enemies":"Hallownest:1_Baldur_1_Crawlid_1_Warrior","floor":12.0,"turns":2.0},{"damage":4.0,"enemies":"Hallownest:2_Tiktiks_1_Baldur_1_Crawlid","floor":14.0,"turns":3.0},{"damage":32.0,"enemies":"Hallownest:BossHornet","floor":16.0,"turns":10.0},{"damage":31.0,"enemies":"Hallownest:Guard_and_Sentry","floor":18.0,"turns":5.0},{"damage":23.0,"enemies":"Hallownest:3_Youths","floor":22.0,"turns":6.0},{"damage":11,"enemies":"Hallownest:Nosk","floor":24,"turns":6},{"damage":16,"enemies":"Hallownest:Master_and_Novice","floor":27,"turns":4},{"damage":44,"enemies":"Hallownest:eliteSoulWarrior","floor":29,"turns":4}],"seed_played":"-4228193835488933380","potions_obtained":[{"floor":2.0,"key":"EntropicBrew"},{"floor":11.0,"key":"AttackPotion"},{"floor":12.0,"key":"Dexterity Potion"},{"floor":14.0,"key":"Block Potion"},{"floor":22.0,"key":"Swift Potion"},{"floor":27,"key":"Weak Potion"}],"is_trial":false,"path_per_floor":["M","M","?","M","M","R","E","?","T","$","M","M","R","M","R","B",null,"M","?","?","?","M","R","E","$","T","M","?","E"],"character_chosen":"THE_BUGKNIGHT","items_purchased":["Enlightenment","Anchor","HollowMod:InfectedCysts"],"campfire_rested":1,"item_purchase_floors":[10,25,25],"current_hp_per_floor":[73,70,70,56,43,43,37,37,37,37,30,28,28,24,47,15,77,60,60,60,60,52,52,56,56,56,40,40,0,0],"gold":108,"neow_bonus":"BOSS_RELIC","is_daily":false,"chose_seed":false,"campfire_upgraded":3,"win_rate":0.0,"timestamp":1614396101,"path_taken":["M","M","?","M","M","R","E","?","T","$","M","M","R","M","R","BOSS","M","?","?","?","?","R","E","$","T","M","?","E"],"items_purchased_type":["Card","Relic","Card"],"build_version":"2020-12-22","purchased_purges":1,"victory":false,"max_hp_per_floor":[75,75,75,75,75,75,75,75,75,75,77,77,77,77,77,77,77,79,79,79,79,79,79,79,79,79,79,79,79,79],"relic_stats":{"Gremlin Horn":[8,8],"Singing Bowl":4,"counters":[14,60],"Astrolabe":["HollowMod:GrimmsGift","HollowMod:NewLittleFool","HollowMod:ShadowDash"],"obtain_stats":[{"Anchor":25,"Gremlin Horn":7,"Singing Bowl":9,"Astrolabe":17,"Oddly Smooth Stone":24,"HollowMod:VesselMask":0,"Hallownest:DreamNailRelic":8,"Runic Pyramid":0},{"Anchor":12,"Gremlin Horn":5,"Singing Bowl":5,"Astrolabe":9,"Oddly Smooth Stone":12,"HollowMod:VesselMask":0,"Hallownest:DreamNailRelic":5,"Runic Pyramid":0},{"Anchor":52,"Gremlin Horn":18,"Singing Bowl":18,"Astrolabe":35,"Oddly Smooth Stone":52,"HollowMod:VesselMask":0,"Hallownest:DreamNailRelic":18,"Runic Pyramid":0}]},"card_choices":[{"not_picked":["HollowMod:CycloneSlash","HollowMod:SoulSplash"],"picked":"HollowMod:ShadowDash","floor":1.0},{"not_picked":["HollowMod:CornifersMapStart","HollowMod:MonarchWings"],"picked":"HollowMod:GrimmsGift","floor":2.0},{"not_picked":["HollowMod:DashSlash","HollowMod:SoulVessel","HollowMod:LifebloodCocoon"],"picked":"SKIP","floor":4.0},{"not_picked":["HollowMod:WraithStrike","HollowMod:ShadowDash"],"picked":"HollowMod:MantisMark","floor":5.0},{"not_picked":["HollowMod:DashSlash","HollowMod:FallenFury"],"picked":"HollowMod:WraithStrike","floor":7.0},{"not_picked":["HollowMod:SoulSplash","HollowMod:NewJinnsSoul","HollowMod:HeavyBlow"],"picked":"Singing Bowl","floor":11.0},{"not_picked":["HollowMod:InfectedAttack","HollowMod:RecoilStrike"],"picked":"HollowMod:SiblingsSouls","floor":12.0},{"not_picked":["HollowMod:LifebloodCocoon","HollowMod:SoulSplash"],"picked":"HollowMod:DungDefenderAura","floor":14.0},{"not_picked":["HollowMod:HerrahsAnger","HollowMod:AwokenDreamNail"],"picked":"HollowMod:Hiveblood","floor":16.0},{"not_picked":["HollowMod:SoulStrike","HollowMod:CycloneSlash","HollowMod:CornifersMapStart"],"picked":"Singing Bowl","floor":18.0},{"not_picked":["HollowMod:DashSlash","HollowMod:MonomonsArchive+1"],"picked":"HollowMod:MothsMistake","floor":20.0},{"not_picked":["HollowMod:TaintedHusks","HollowMod:MonomonsArchive+1"],"picked":"HollowMod:MonarchWings+1","floor":20.0},{"not_picked":["HollowMod:SoulStrike","HollowMod:CloakDash+1"],"picked":"HollowMod:SharpenedShadows","floor":22.0},{"not_picked":["HollowMod:DesolateDive","HollowMod:LifebloodCocoon"],"picked":"HollowMod:HeavyBlow+1","floor":24},{"not_picked":["HollowMod:SoulVessel+1","HollowMod:QuirrelsAssistance"],"picked":"HollowMod:WraithStrike","floor":27}],"player_experience":44938,"relics_obtained":[{"floor":7.0,"key":"Gremlin Horn"},{"floor":9.0,"key":"Singing Bowl"},{"floor":24,"key":"Oddly Smooth Stone"}],"event_choices":[],"is_beta":false,"boss_relics":[{"not_picked":["Ectoplasm","Snecko Eye"],"picked":"Astrolabe"}],"items_purged_floors":[10],"is_endless":false,"potions_floor_spawned":[2,11,12,14,22,27],"killed_by":"Hallownest:eliteSoulWarrior","ascension_level":2}}