{"host":"emzatosnsokm6754","time":1614436470,"event":{"mods":["Act Like it!","BaseMod","Bossed Relics","Colored Powertips","Dota2Spire","Energized Spire","Minty Spire (QoL Compilation)","Rare Cards Sparkle","Replay The Spire","Ruina","Small Relic Pack","StSLib","The Hierophant","The Servant 0.9.4"],"gold_per_floor":[115,115,115,135,151,151,171,45,45,45,76,88,107,131,131,233,233,243,94,137,149,149,149,149],"floor_reached":23,"language":"ENG","playtime":560,"items_purged":["Defend_R"],"score":257,"play_id":"1e33472a-9e8e-431b-b1ad-ce7a16383380","local_time":"20210228033430","is_ascension_mode":true,"campfire_choices":[{"data":"Eruption","floor":6,"key":"SMITH"},{"data":"Clash","floor":10,"key":"SMITH"},{"floor":15,"key":"REST"}],"circlet_count":0,"master_deck":["Strike_R","Strike_R","Strike_R","Strike_R","Strike_R","Defend_R","Defend_R","Defend_R","Eruption+1","Heavy Blade","Clash","Clash+1","FollowUp","Clash","Double Tap","Clash"],"relics":["NeowsBlessing","Replay:M_SmolderingBlood","InkBottle","Dream Catcher","MealTicket","Odd Mushroom","Runic Cube","Dota2Spire:HandOfMidas","relicPack:DSword"],"acts_visited":["Exordium","ruina:Briah"],"potions_floor_usage":[16,21],"damage_taken":[{"damage":0,"enemies":"2 Louse","floor":1,"turns":1},{"damage":0,"enemies":"Jaw Worm","floor":4,"turns":1},{"damage":0,"enemies":"Small Slimes","floor":5,"turns":1},{"damage":11,"enemies":"Looter","floor":7,"turns":2},{"damage":15,"enemies":"3 Sentries","floor":11,"turns":3},{"damage":11,"enemies":"3 Louse","floor":12,"turns":2},{"damage":0,"enemies":"Gremlin Gang","floor":13,"turns":1},{"damage":9,"enemies":"The Mushroom Lair","floor":14,"turns":3},{"damage":10,"enemies":"Hexaghost","floor":16,"turns":6},{"damage":4,"enemies":"ruina:2_Scarecrows","floor":18,"turns":2},{"damage":22,"enemies":"ruina:3_Bats","floor":20,"turns":3},{"damage":5,"enemies":"ruina:KingOfGreed","floor":21,"turns":2},{"damage":24,"enemies":"ruina:ServantOfWrath","floor":23,"turns":3}],"seed_played":"-7745940612145440653","potions_obtained":[{"floor":1,"key":"Languid Potion"},{"floor":7,"key":"Milkshake"},{"floor":12,"key":"Block Potion"},{"floor":16,"key":"Weak Potion"}],"is_trial":false,"path_per_floor":["M","?","?","M","M","R","M","$","T","R","E","M","M","?","R","B",null,"M","$","M","M","?","E"],"character_chosen":"IRONCLAD","items_purchased":["Clash","Dota2Spire:HandOfMidas"],"campfire_rested":1,"item_purchase_floors":[8,19],"current_hp_per_floor":[80,80,77,77,77,77,66,66,66,66,51,40,40,31,55,45,80,76,80,58,53,18,0,0],"gold":149,"neow_bonus":"THREE_ENEMY_KILL","is_daily":false,"chose_seed":false,"campfire_upgraded":2,"win_rate":0.0,"timestamp":1614436470,"path_taken":["M","?","?","M","?","R","M","$","T","R","E","M","M","?","R","BOSS","M","$","M","M","?","E"],"items_purchased_type":["Card","Relic"],"build_version":"2020-12-22","purchased_purges":1,"victory":false,"max_hp_per_floor":[80,80,80,80,80,80,80,80,80,80,80,80,80,80,80,80,80,80,80,80,80,80,80,80],"card_choices":[{"not_picked":["ReplayTheSpireMod:Muscle Training","Shrug It Off","Burning Pact"],"picked":"SKIP","floor":1},{"not_picked":["Sever Soul","Shrug It Off","Halt"],"picked":"SKIP","floor":4},{"not_picked":["Carnage","Replay:Undeath\u0027s Touch"],"picked":"Heavy Blade","floor":5},{"not_picked":["FlyingSleeves","Headbutt"],"picked":"Clash","floor":7},{"not_picked":["Defy Death","ReplayTheSpireMod:Strike From Hell","Cleave"],"picked":"SKIP","floor":11},{"not_picked":["Shrug It Off","Thunderclap","ReplayTheSpireMod:Strike From Hell"],"picked":"SKIP","floor":12},{"not_picked":["Fire Breathing","Disarm"],"picked":"FollowUp","floor":13},{"not_picked":["BowlingBash","Hemokinesis"],"picked":"Clash","floor":15},{"not_picked":["Corruption","Fiend Fire"],"picked":"Double Tap","floor":16},{"not_picked":["Flex","Headbutt","Thunderclap"],"picked":"SKIP","floor":18},{"not_picked":["Headbutt","Armaments+1"],"picked":"Clash","floor":20},{"not_picked":["Flame Barrier","Ghostly Armor+1","Life Link"],"picked":"SKIP","floor":21}],"player_experience":235473,"relics_obtained":[{"floor":9,"key":"Dream Catcher"},{"floor":11,"key":"MealTicket"},{"floor":14,"key":"Odd Mushroom"}],"event_choices":[{"damage_healed":0,"gold_gain":0,"player_choice":"Success","damage_taken":3,"relics_obtained":["InkBottle"],"max_hp_gain":0,"max_hp_loss":0,"event_name":"Scrap Ooze","floor":3,"gold_loss":0},{"damage_healed":0,"gold_gain":0,"player_choice":"Fought Mushrooms","damage_taken":0,"max_hp_gain":0,"max_hp_loss":0,"event_name":"Mushrooms","floor":14,"gold_loss":0}],"is_beta":false,"boss_relics":[{"not_picked":["Snecko Eye","Replay:Wanted Poster"],"picked":"Runic Cube"}],"items_purged_floors":[8],"is_endless":false,"potions_floor_spawned":[1,7,12,16,18,20],"killed_by":"ruina:ServantOfWrath","ascension_level":4}}