{"host":"46u8m8ngwc6ir49n","time":1614413673,"event":{"mods":["Ascension Reborn","BaseMod","Minty Spire (QoL Compilation)","Reimu£®≤©¿ˆ¡È√Œ£©","Replay The Spire","Shop Mod","StSLib","noobMod"],"gold_per_floor":[115,115,290,66,66,93,93,93,93,113,145,179,179,206,206,311,311,325,27,27,55,55,88,115,115,115,143,171,183,223,266,278,392,404,435,9,0,16,27,52,85,119,144,179,94,94,94,129,129,129],"floor_reached":51,"language":"ZHS","playtime":5092,"items_purged":["Doubt","ReplayTheSpireMod:Strike From Hell","Juggernaut","True Grit"],"score":1304,"play_id":"c8f83584-1eb7-486d-a432-9c5f219abea6","local_time":"20210227161433","daily_mods":["SealedDeck","Heirloom","Time Dilation","Flight","DeadlyEvents"],"is_ascension_mode":false,"campfire_choices":[{"floor":7,"key":"REST"},{"floor":8,"key":"REST"},{"data":"Armaments","floor":13,"key":"SMITH"},{"floor":15,"key":"DIG"},{"data":"Searing Blow","floor":25,"key":"SMITH"},{"data":"Searing Blow+1","floor":29,"key":"SMITH"},{"data":"Perfected Strike","floor":32,"key":"PURGE"},{"data":"Searing Blow+2","floor":46,"key":"SMITH"},{"data":"Searing Blow+3","floor":47,"key":"SMITH"},{"data":"Searing Blow+4","floor":49,"key":"SMITH"}],"circlet_count":0,"master_deck":["Headbutt","ReplayTheSpireMod:Strike From Hell+1","Flex+1","True Grit+1","Pommel Strike+1","Rage+1","Armaments+1","Metallicize","Searing Blow+5","Brutality","Feel No Pain+1"],"relics":["Burning Blood","ice","Torii","MerchantsRug","Gremlin Food","Tea:ReiMu","Blood Vial","Omamori","Lizard Tail","Coffee Dripper","Replay:Bottled Steam","Ancient Tea Set","Centennial Puzzle","Replay:WaspNest","InkBottle","Snack Pack","Ice Cream","Quantum Egg","Pen Nib","CaptainsWheel","Red Mask","FossilizedHelix","Paper Frog","Nunchaku","Boot","ReplayTheSpireMod:Lightbulb","Replay:Bottled Flurry"],"acts_visited":["Exordium","TheCity","TheBeyond"],"potions_floor_usage":[6,12,42],"damage_taken":[{"damage":65,"enemies":"2 Louse","floor":1,"turns":8},{"damage":16,"enemies":"Gremlin Nob","floor":6,"turns":3},{"damage":0,"enemies":"Jaw Worm","floor":10,"turns":2},{"damage":18,"enemies":"Lagavulin","floor":11,"turns":4},{"damage":18,"enemies":"3 Sentries","floor":12,"turns":4},{"damage":0,"enemies":"Lagavulin","floor":14,"turns":3},{"damage":3,"enemies":"The Guardian","floor":16,"turns":5},{"damage":1,"enemies":"2 Thieves","floor":18,"turns":3},{"damage":19,"enemies":"Gremlin Leader","floor":21,"turns":5},{"damage":3,"enemies":"Replay:Snechameleon","floor":23,"turns":3},{"damage":15,"enemies":"Slavers","floor":24,"turns":3},{"damage":18,"enemies":"Gremlin Leader","floor":27,"turns":5},{"damage":0,"enemies":"3 Byrds","floor":28,"turns":4},{"damage":1,"enemies":"Replay:Snechameleon","floor":30,"turns":4},{"damage":17,"enemies":"Slavers","floor":31,"turns":4},{"damage":11,"enemies":"Collector","floor":33,"turns":6},{"damage":4,"enemies":"3 Darklings","floor":35,"turns":6},{"damage":9,"enemies":"3 Shapes","floor":38,"turns":3},{"damage":15,"enemies":"3 Darklings","floor":39,"turns":5},{"damage":3,"enemies":"R_Hoarder","floor":40,"turns":4},{"damage":0,"enemies":"Giant Head","floor":41,"turns":8},{"damage":9,"enemies":"R_Hoarder","floor":42,"turns":6},{"damage":66,"enemies":"Reptomancer","floor":44,"turns":4},{"damage":0,"enemies":"Giant Head","floor":48,"turns":6},{"damage":0,"enemies":"Time Eater","floor":50,"turns":7}],"seed_played":"-1927805082469009069","potions_obtained":[{"floor":6,"key":"EntropicBrew"},{"floor":12,"key":"SmokeBomb"},{"floor":23,"key":"BloodPotion"},{"floor":24,"key":"ZuzhouPotion:ReiMu"},{"floor":31,"key":"Explosive Potion"},{"floor":38,"key":"Adrenaline Potion"},{"floor":41,"key":"Energy Potion"},{"floor":48,"key":"Explosive Potion"}],"is_trial":true,"path_per_floor":["M","?","?","$","?","E","R","R","T","M","E","E","R","E","R","B",null,"M","$","?","E","T","E","E","R","T","E","M","R","E","E","R","B",null,"M","$","?","M","M","E","E","E","T","E","$","R","R","E","R","B",null],"character_chosen":"IRONCLAD","items_purchased":["MerchantsRug","Replay:Bottled Steam","Pen Nib","CaptainsWheel"],"campfire_rested":2,"item_purchase_floors":[4,19,36,36],"current_hp_per_floor":[80,64,64,64,64,54,78,81,81,82,70,58,58,66,66,71,97,99,99,99,86,86,91,84,84,84,78,86,86,95,86,86,83,160,162,162,162,163,156,163,171,178,178,120,120,120,120,132,132,140],"gold":129,"neow_bonus":"","is_daily":false,"chose_seed":false,"campfire_upgraded":6,"win_rate":0.0,"timestamp":1614413673,"path_taken":["M","?","?","$","?","E","R","R","T","?","E","E","R","E","R","BOSS","M","$","?","?","?","E","E","R","T","E","?","R","?","E","R","BOSS","M","$","?","?","?","E","E","E","T","E","$","R","R","E","R","BOSS"],"items_purchased_type":["Relic","Relic","Relic","Relic"],"build_version":"2020-12-22","purchased_purges":4,"victory":true,"max_hp_per_floor":[80,80,80,80,80,81,81,81,81,82,84,86,86,87,87,97,97,99,99,99,104,104,111,115,115,115,119,135,135,149,157,157,160,160,165,165,165,168,174,176,181,185,185,192,192,192,192,195,195,206],"card_choices":[{"not_picked":["Replay:Undeath\u0027s Touch","Clash","Cleave"],"picked":"SKIP","floor":1},{"not_picked":["Run Through","ReplayTheSpireMod:Strike From Hell","Warcry"],"picked":"SKIP","floor":6},{"not_picked":["Combust","ReplayReversal","ReplayTheSpireMod:LeadingStrike"],"picked":"SKIP","floor":10},{"not_picked":["Defy Death","Barricade"],"picked":"Armaments","floor":11},{"not_picked":["Headbutt","Pummel","Bludgeon"],"picked":"SKIP","floor":12},{"not_picked":["Berserk","Flame Barrier"],"picked":"Perfected Strike","floor":14},{"not_picked":["Corruption","Bludgeon"],"picked":"Juggernaut","floor":16},{"not_picked":["Second Wind","Thunderclap","Armaments"],"picked":"SKIP","floor":18},{"not_picked":["Headbutt+1","Run Through+1"],"picked":"Metallicize","floor":21},{"not_picked":["Abandon","Shrug It Off"],"picked":"Searing Blow","floor":23},{"not_picked":["Life Link","Warcry","Twin Strike"],"picked":"SKIP","floor":24},{"not_picked":["Run Through","Ghostly Armor","Sentinel+1"],"picked":"SKIP","floor":27},{"not_picked":["Searing Blow","Bludgeon","Wild Strike"],"picked":"SKIP","floor":28},{"not_picked":["Twin Strike+1","ReplayReversal"],"picked":"Brutality","floor":30},{"not_picked":["Massacre","Dual Wield","Power Through"],"picked":"SKIP","floor":31},{"not_picked":["Flex","Inflame+1","Dropkick+1"],"picked":"SKIP","floor":35},{"not_picked":["Sever Soul+1","Dual Wield+1"],"picked":"Feel No Pain+1","floor":38},{"not_picked":["Havoc+1","ReplayTheSpireMod:Strike From Hell+1","Fire Breathing"],"picked":"SKIP","floor":39},{"not_picked":["Intimidate+1","Replay:Undeath\u0027s Touch+1","Disarm+1"],"picked":"SKIP","floor":40},{"not_picked":["Replay:Undeath\u0027s Touch","Inflame","Wild Strike+1"],"picked":"SKIP","floor":41},{"not_picked":["Clothesline+1","Perfected Strike+1","Body Slam+1"],"picked":"SKIP","floor":42},{"not_picked":["Warcry+1","Cleave","Intimidate"],"picked":"SKIP","floor":44},{"not_picked":["Replay:Undeath\u0027s Touch","ReplayReversal","Armaments"],"picked":"SKIP","floor":48}],"player_experience":386220,"relics_obtained":[{"floor":6,"key":"Gremlin Food"},{"floor":9,"key":"Tea:ReiMu"},{"floor":11,"key":"Bottled Flame"},{"floor":12,"key":"Blood Vial"},{"floor":14,"key":"Omamori"},{"floor":15,"key":"Lizard Tail"},{"floor":21,"key":"Ancient Tea Set"},{"floor":22,"key":"Centennial Puzzle"},{"floor":23,"key":"Replay:WaspNest"},{"floor":24,"key":"InkBottle"},{"floor":26,"key":"Snack Pack"},{"floor":27,"key":"MawBank"},{"floor":30,"key":"Ice Cream"},{"floor":31,"key":"Quantum Egg"},{"floor":40,"key":"FossilizedHelix"},{"floor":41,"key":"Paper Frog"},{"floor":42,"key":"Nunchaku"},{"floor":43,"key":"Boot"},{"floor":44,"key":"ReplayTheSpireMod:Lightbulb"},{"floor":48,"key":"Replay:Bottled Flurry"}],"event_choices":[{"damage_healed":0,"gold_gain":0,"player_choice":"Entered Light","damage_taken":16,"max_hp_gain":0,"max_hp_loss":0,"event_name":"Shining Light","floor":2,"gold_loss":0,"cards_upgraded":["Flex","True Grit"]},{"damage_healed":0,"gold_gain":175,"player_choice":"AGREE","damage_taken":0,"max_hp_gain":0,"max_hp_loss":0,"event_name":"Liars Game","floor":3,"gold_loss":0,"cards_obtained":["Doubt"]},{"damage_healed":0,"gold_gain":0,"player_choice":"0 cards matched","damage_taken":0,"max_hp_gain":0,"max_hp_loss":0,"event_name":"Match and Keep!","floor":20,"gold_loss":0,"cards_obtained":[]},{"damage_healed":0,"gold_gain":0,"player_choice":"Paid","damage_taken":0,"relics_obtained":["Red Mask"],"max_hp_gain":0,"max_hp_loss":0,"event_name":"Tomb of Lord Red Mask","floor":37,"gold_loss":9}],"is_beta":false,"boss_relics":[{"not_picked":["Replay:Bronze Core","Ectoplasm"],"picked":"Coffee Dripper"},{"not_picked":["Velvet Choker","Electric Blood"],"picked":"Empty Cage"}],"items_purged_floors":[4,19,36,45],"is_endless":false,"potions_floor_spawned":[6,10,12,16,23,24,31,35,38,41,44,48],"ascension_level":0}}