{"host":"gk5m6v7zec9neb0j","time":1614393351,"event":{"mods":["AchievementEnabler","AlwaysNeverKeys","BaseMod","BetterRewards","Block Reminder","Minty Spire (QoL Compilation)","RNG Fix","Rare Cards Sparkle","Relic Stats","StSLib"],"gold_per_floor":[110,110,128,78,88,88,420,420,420,433,451,482,494,276,276,380,380,396,414,432,450,203,203,118,128,151,151,186,91,122,141,141,240,240,255,130,144,144,157,157,168,168,168,179,198,198,227,227,227,227,227,227,129,161,161,161],"floor_reached":55,"language":"ENG","playtime":1994,"items_purged":["Strike_R","Strike_R","Strike_R+1"],"score":776,"play_id":"6609d95e-71dd-4559-bf1e-c063183a82f5","local_time":"20210226213551","is_ascension_mode":false,"campfire_choices":[{"data":"Bash","floor":6.0,"key":"SMITH"},{"data":"Offering","floor":8.0,"key":"SMITH"},{"floor":15.0,"key":"REST"},{"data":"Juggernaut","floor":23.0,"key":"SMITH"},{"data":"Metallicize","floor":27.0,"key":"SMITH"},{"data":"Armaments","floor":32.0,"key":"SMITH"},{"data":"Metallicize","floor":40.0,"key":"SMITH"},{"data":"Spot Weakness","floor":42.0,"key":"SMITH"},{"data":"Battle Trance","floor":49,"key":"SMITH"},{"data":"Armaments","floor":52,"key":"SMITH"}],"circlet_count":0,"master_deck":["Defend_R","Defend_R+1","Defend_R","Defend_R+1","Bash+1","Armaments+1","Iron Wave+1","Cleave","Armaments+1","Offering+1","Spot Weakness+1","Metallicize+1","Shrug It Off","Juggernaut+1","CurseOfTheBell","Metallicize+1","Shrug It Off+1","Shrug It Off+1","Juggernaut+1","Battle Trance+1","Shrug It Off"],"relics":["Burning Blood","Calipers","Old Coin","Whetstone","Red Skull","Orrery","Calling Bell","Blood Vial","Letter Opener","Peace Pipe","War Paint","Bronze Scales","Potion Belt","Kunai","InkBottle","Cursed Key","Mercury Hourglass","Toy Ornithopter"],"acts_visited":["Exordium","TheCity","TheBeyond","TheEnding"],"potions_floor_usage":[50,54,54,55,55,55],"damage_taken":[{"damage":4.0,"enemies":"Jaw Worm","floor":1.0,"turns":5.0},{"damage":6.0,"enemies":"Cultist","floor":3.0,"turns":3.0},{"damage":0.0,"enemies":"2 Louse","floor":5.0,"turns":2.0},{"damage":15.0,"enemies":"3 Sentries","floor":7.0,"turns":10.0},{"damage":7.0,"enemies":"Exordium Wildlife","floor":10.0,"turns":2.0},{"damage":8.0,"enemies":"Exordium Thugs","floor":11.0,"turns":4.0},{"damage":17.0,"enemies":"Lagavulin","floor":12.0,"turns":8.0},{"damage":6.0,"enemies":"Blue Slaver","floor":13.0,"turns":3.0},{"damage":18.0,"enemies":"Hexaghost","floor":16.0,"turns":10.0},{"damage":21.0,"enemies":"2 Thieves","floor":18.0,"turns":4.0},{"damage":15.0,"enemies":"Spheric Guardian","floor":19.0,"turns":5.0},{"damage":15.0,"enemies":"Centurion and Healer","floor":20.0,"turns":9.0},{"damage":13.0,"enemies":"Shelled Parasite and Fungi","floor":21.0,"turns":9.0},{"damage":6.0,"enemies":"Cultist and Chosen","floor":25.0,"turns":6.0},{"damage":26.0,"enemies":"Slavers","floor":28.0,"turns":4.0},{"damage":11.0,"enemies":"Book of Stabbing","floor":30.0,"turns":5.0},{"damage":5.0,"enemies":"Centurion and Healer","floor":31.0,"turns":9.0},{"damage":43.0,"enemies":"Automaton","floor":33.0,"turns":13.0},{"damage":9.0,"enemies":"3 Darklings","floor":35.0,"turns":4.0},{"damage":9.0,"enemies":"Orb Walker","floor":37.0,"turns":4.0},{"damage":7.0,"enemies":"Transient","floor":39.0,"turns":5.0},{"damage":13.0,"enemies":"Writhing Mass","floor":41.0,"turns":6.0},{"damage":6,"enemies":"Spire Growth","floor":44,"turns":5},{"damage":11,"enemies":"Jaw Worm Horde","floor":45,"turns":4},{"damage":6,"enemies":"Nemesis","floor":47,"turns":7},{"damage":61,"enemies":"Awakened One","floor":50,"turns":10},{"damage":50,"enemies":"Shield and Spear","floor":54,"turns":5},{"damage":56,"enemies":"The Heart","floor":55,"turns":6}],"seed_played":"6951868025604023843","potions_obtained":[{"floor":5.0,"key":"Dexterity Potion"},{"floor":18.0,"key":"Regen Potion"},{"floor":25.0,"key":"Fire Potion"},{"floor":30.0,"key":"Regen Potion"},{"floor":33.0,"key":"PowerPotion"}],"is_trial":false,"path_per_floor":["M","?","M","?","M","R","E","R","T","M","M","E","M","$","R","B",null,"M","M","M","M","$","R","?","M","T","R","E","$","E","M","R","B",null,"M","$","M","?","M","R","M","R","T","M","M","?","E","?","R","B",null,"R","$","E","B"],"character_chosen":"IRONCLAD","items_purchased":["Calipers","Armaments","Orrery","War Paint","SmokeBomb","EntropicBrew"],"campfire_rested":1,"item_purchase_floors":[0,0,14,22,29,53],"current_hp_per_floor":[46,46,46,46,52,52,43,43,43,42,40,29,29,29,53,41,80,65,58,66,61,61,61,61,63,63,63,45,45,42,45,45,25,80,77,77,76,76,77,77,72,72,72,74,71,71,73,73,73,20,80,80,80,36,0,0],"gold":161,"neow_bonus":"","is_daily":false,"chose_seed":false,"campfire_upgraded":9,"win_rate":0.0,"timestamp":1614393351,"path_taken":["M","?","M","?","M","R","E","R","T","M","M","E","M","?","R","BOSS","M","?","M","M","$","R","?","M","T","R","E","$","E","M","R","BOSS","M","$","M","?","M","R","M","R","T","M","M","?","E","?","R","BOSS","R","$","E","BOSS"],"items_purchased_type":["Relic","Card","Relic","Relic","Potion","Potion"],"build_version":"2020-12-22","purchased_purges":3,"victory":false,"max_hp_per_floor":[80,80,80,80,80,80,80,80,80,80,80,80,80,80,80,80,80,80,80,80,80,80,80,80,80,80,80,80,80,80,80,80,80,80,80,80,80,80,80,80,80,80,80,80,80,80,80,80,80,80,80,80,80,80,80,80],"relic_stats":{"counters":[327,1881],"Whetstone":["Iron Wave","Strike_R"],"Letter Opener":[396],"War Paint":["Defend_R","Defend_R"],"Cursed Key":0,"Burning Blood":2145,"Mercury Hourglass":[87],"Blood Vial":32,"Peace Pipe":0,"Bronze Scales":[355],"Kunai":[0],"obtain_stats":[{"Whetstone":43,"Bottled Tornado":31,"Boot":43,"Old Coin":7,"Blood Vial":20,"Sundial":11,"MealTicket":9,"Kunai":10,"Runic Cube":34,"Pear":26,"Blue Candle":0,"Velvet Choker":17,"Eternal Feather":26,"Pen Nib":9,"Akabeko":19,"Runic Dome":17,"Bird Faced Urn":41,"MutagenicStrength":29,"CultistMask":27,"StrikeDummy":54,"Unceasing Top":48,"Regal Pillow":41,"Lantern":26,"Singing Bowl":0,"Torii":2,"Magic Flower":0,"StoneCalendar":22,"Bag of Preparation":54,"Ancient Tea Set":43,"Smiling Mask":26,"Cursed Key":34,"Burning Blood":0,"Shovel":0,"Matryoshka":23,"Toolbox":47,"WingedGreaves":0,"Chemical X":4,"InkBottle":7,"Paper Frog":0,"Potion Belt":14,"Golden Idol":7,"Self Forming Clay":0,"Thread and Needle":27,"PreservedInsect":28,"Frozen Egg 2":0,"MawBank":13,"Busted Crown":17,"Ornamental Fan":17,"Orrery":0,"Turnip":14,"Champion Belt":0,"Bottled Lightning":26,"Toy Ornithopter":30,"Calipers":24,"Gremlin Horn":13,"Nilry\u0027s Codex":29,"CeramicFish":6,"Vajra":0,"Sozu":34,"Lizard Tail":0,"Centennial Puzzle":4,"DollysMirror":0,"Strawberry":44,"Prayer Wheel":0,"Toxic Egg 2":43,"Happy Flower":0,"Oddly Smooth Stone":0,"Charon\u0027s Ashes":28,"Letter Opener":20,"War Paint":6,"Question Card":26,"OrangePellets":12,"Shuriken":0,"Bronze Scales":9,"Molten Egg 2":27,"Black Star":17,"Pocketwatch":17,"Meat on the Bone":13,"Darkstone Periapt":26,"SacredBark":34,"Black Blood":17,"Juzu Bracelet":25,"PrismaticShard":19,"Empty Cage":34,"ClockworkSouvenir":0,"Dream Catcher":17,"Nunchaku":23,"Mummified Hand":0,"Pantograph":9,"Tiny Chest":24,"Red Mask":47,"Red Skull":12,"Runic Pyramid":34,"Odd Mushroom":8,"Orichalcum":6,"Medical Kit":0,"White Beast Statue":22,"Mercury Hourglass":26,"Calling Bell":17,"Peace Pipe":7,"Anchor":31,"Bag of Marbles":12,"Membership Card":0,"FossilizedHelix":0,"TungstenRod":23},{"Whetstone":20,"Bottled Tornado":15,"Boot":228,"Old Coin":303,"Blood Vial":145,"Sundial":45,"MealTicket":3,"Kunai":45,"Runic Cube":121,"Pear":267,"Blue Candle":260,"Velvet Choker":143,"Eternal Feather":179,"Pen Nib":139,"Akabeko":265,"Runic Dome":242,"Bird Faced Urn":202,"MutagenicStrength":247,"CultistMask":65,"StrikeDummy":206,"Unceasing Top":278,"Regal Pillow":73,"Lantern":294,"Singing Bowl":0,"Torii":235,"Magic Flower":77,"StoneCalendar":50,"Bag of Preparation":104,"Ancient Tea Set":125,"Smiling Mask":294,"Cursed Key":317,"Burning Blood":0,"Shovel":0,"Matryoshka":178,"Toolbox":126,"WingedGreaves":260,"Chemical X":153,"InkBottle":184,"Paper Frog":0,"Potion Belt":142,"Golden Idol":134,"Self Forming Clay":207,"Thread and Needle":295,"PreservedInsect":195,"Frozen Egg 2":0,"MawBank":111,"Busted Crown":86,"Ornamental Fan":31,"Orrery":129,"Turnip":60,"Champion Belt":0,"Bottled Lightning":35,"Toy Ornithopter":92,"Calipers":64,"Gremlin Horn":84,"Nilry\u0027s Codex":296,"CeramicFish":155,"Vajra":0,"Sozu":249,"Lizard Tail":135,"Centennial Puzzle":137,"DollysMirror":77,"Strawberry":74,"Prayer Wheel":39,"Toxic Egg 2":74,"Happy Flower":77,"Oddly Smooth Stone":0,"Charon\u0027s Ashes":220,"Letter Opener":243,"War Paint":57,"Question Card":116,"OrangePellets":111,"Shuriken":128,"Bronze Scales":156,"Molten Egg 2":179,"Black Star":47,"Pocketwatch":31,"Meat on the Bone":171,"Darkstone Periapt":65,"SacredBark":93,"Black Blood":7,"Juzu Bracelet":35,"PrismaticShard":32,"Empty Cage":69,"ClockworkSouvenir":0,"Dream Catcher":31,"Nunchaku":90,"Mummified Hand":105,"Pantograph":28,"Tiny Chest":90,"Red Mask":101,"Red Skull":306,"Runic Pyramid":198,"Odd Mushroom":45,"Orichalcum":82,"Medical Kit":165,"White Beast Statue":63,"Mercury Hourglass":13,"Calling Bell":31,"Peace Pipe":110,"Anchor":197,"Bag of Marbles":5,"Membership Card":128,"FossilizedHelix":105,"TungstenRod":148},{"Whetstone":116,"Bottled Tornado":78,"Boot":1285,"Old Coin":1734,"Blood Vial":788,"Sundial":234,"MealTicket":13,"Kunai":234,"Runic Cube":681,"Pear":1522,"Blue Candle":1489,"Velvet Choker":779,"Eternal Feather":969,"Pen Nib":759,"Akabeko":1514,"Runic Dome":1388,"Bird Faced Urn":1138,"MutagenicStrength":1415,"CultistMask":361,"StrikeDummy":1167,"Unceasing Top":1576,"Regal Pillow":419,"Lantern":1693,"Singing Bowl":0,"Torii":1333,"Magic Flower":452,"StoneCalendar":278,"Bag of Preparation":588,"Ancient Tea Set":703,"Smiling Mask":1693,"Cursed Key":1825,"Burning Blood":0,"Shovel":0,"Matryoshka":962,"Toolbox":710,"WingedGreaves":1489,"Chemical X":823,"InkBottle":999,"Paper Frog":0,"Potion Belt":771,"Golden Idol":744,"Self Forming Clay":1181,"Thread and Needle":1700,"PreservedInsect":1075,"Frozen Egg 2":0,"MawBank":617,"Busted Crown":491,"Ornamental Fan":170,"Orrery":721,"Turnip":328,"Champion Belt":0,"Bottled Lightning":186,"Toy Ornithopter":516,"Calipers":355,"Gremlin Horn":481,"Nilry\u0027s Codex":1705,"CeramicFish":837,"Vajra":0,"Sozu":1424,"Lizard Tail":745,"Centennial Puzzle":752,"DollysMirror":452,"Strawberry":424,"Prayer Wheel":208,"Toxic Egg 2":424,"Happy Flower":452,"Oddly Smooth Stone":0,"Charon\u0027s Ashes":1235,"Letter Opener":1392,"War Paint":318,"Question Card":651,"OrangePellets":617,"Shuriken":720,"Bronze Scales":842,"Molten Egg 2":969,"Black Star":256,"Pocketwatch":170,"Meat on the Bone":923,"Darkstone Periapt":361,"SacredBark":524,"Black Blood":34,"Juzu Bracelet":186,"PrismaticShard":173,"Empty Cage":387,"ClockworkSouvenir":0,"Dream Catcher":170,"Nunchaku":508,"Mummified Hand":593,"Pantograph":155,"Tiny Chest":508,"Red Mask":569,"Red Skull":1748,"Runic Pyramid":1104,"Odd Mushroom":234,"Orichalcum":472,"Medical Kit":895,"White Beast Statue":347,"Mercury Hourglass":64,"Calling Bell":170,"Peace Pipe":614,"Anchor":1090,"Bag of Marbles":23,"Membership Card":720,"FossilizedHelix":593,"TungstenRod":799}],"InkBottle":[28],"Toy Ornithopter":15},"card_choices":[{"not_picked":["Flex","Feel No Pain"],"picked":"Iron Wave","floor":1.0},{"not_picked":["Rupture","Burning Pact"],"picked":"Armaments","floor":3.0},{"not_picked":["Rage","Burning Pact"],"picked":"Offering","floor":5.0},{"not_picked":["Wild Strike","Clothesline"],"picked":"Spot Weakness","floor":7.0},{"not_picked":["Cleave","Searing Blow"],"picked":"Metallicize","floor":10.0},{"not_picked":["Spot Weakness","Thunderclap","Metallicize"],"picked":"SKIP","floor":11.0},{"not_picked":["Warcry","Armaments"],"picked":"Shrug It Off","floor":12.0},{"not_picked":["Hemokinesis","Clash","Iron Wave"],"picked":"SKIP","floor":13.0},{"not_picked":["Corruption","Brutality"],"picked":"Juggernaut","floor":16.0},{"not_picked":["Intimidate","Warcry","Dark Embrace"],"picked":"SKIP","floor":18.0},{"not_picked":["True Grit","Iron Wave","Hemokinesis"],"picked":"SKIP","floor":19.0},{"not_picked":["Infernal Blade","Second Wind+1"],"picked":"Metallicize","floor":20.0},{"not_picked":["Hemokinesis","Warcry","Clash+1"],"picked":"SKIP","floor":21.0},{"not_picked":["Heavy Blade","Headbutt","Reaper"],"picked":"SKIP","floor":25.0},{"not_picked":["Twin Strike","Anger+1","Headbutt+1"],"picked":"SKIP","floor":28.0},{"not_picked":["Havoc","Heavy Blade+1","Warcry"],"picked":"SKIP","floor":30.0},{"not_picked":["Armaments+1","Second Wind+1","Rupture+1"],"picked":"SKIP","floor":31.0},{"not_picked":["Thunderclap+1","Wild Strike","Pommel Strike+1"],"picked":"SKIP","floor":35.0},{"not_picked":["Hemokinesis+1","Intimidate"],"picked":"Shrug It Off+1","floor":37.0},{"not_picked":["Thunderclap","Shrug It Off","Flex+1"],"picked":"SKIP","floor":39.0},{"not_picked":["Wild Strike+1","Iron Wave","Evolve"],"picked":"SKIP","floor":41.0},{"not_picked":["Double Tap","Power Through+1"],"picked":"Shrug It Off+1","floor":44},{"not_picked":["Pommel Strike+1","Hemokinesis","Anger"],"picked":"SKIP","floor":45},{"not_picked":["Warcry+1","Fire Breathing"],"picked":"Battle Trance","floor":47},{"not_picked":["Cleave+1","Clothesline+1"],"picked":"Shrug It Off","floor":54}],"player_experience":876319,"relics_obtained":[{"floor":7.0,"key":"Old Coin"},{"floor":9.0,"key":"Whetstone"},{"floor":12.0,"key":"Red Skull"},{"floor":17.0,"key":"Blood Vial"},{"floor":17.0,"key":"Letter Opener"},{"floor":17.0,"key":"Peace Pipe"},{"floor":26.0,"key":"Potion Belt"},{"floor":28.0,"key":"Kunai"},{"floor":30.0,"key":"InkBottle"},{"floor":47,"key":"Mercury Hourglass"},{"floor":54,"key":"Toy Ornithopter"}],"event_choices":[{"damage_healed":0.0,"max_hp_gain":0.0,"max_hp_loss":0.0,"gold_gain":0.0,"cards_transformed":["Strike_R"],"event_name":"Transmorgrifier","player_choice":"Transformed","floor":2.0,"gold_loss":0.0,"damage_taken":0.0,"cards_obtained":["Cleave"]},{"cards_removed":["Strike_R"],"damage_healed":0.0,"max_hp_gain":0.0,"max_hp_loss":0.0,"gold_gain":0.0,"event_name":"The Cleric","player_choice":"Card Removal","floor":4.0,"gold_loss":50.0,"damage_taken":0.0},{"damage_healed":0.0,"max_hp_gain":0.0,"max_hp_loss":0.0,"gold_gain":0.0,"event_name":"Addict","player_choice":"Obtained Relic","floor":24.0,"gold_loss":85.0,"damage_taken":0.0,"relics_obtained":["Bronze Scales"]},{"damage_healed":0.0,"max_hp_gain":0.0,"max_hp_loss":0.0,"gold_gain":0.0,"event_name":"Mysterious Sphere","player_choice":"Ignored","floor":38.0,"gold_loss":0.0,"damage_taken":0.0},{"damage_healed":0,"gold_gain":0,"player_choice":"Copied","damage_taken":0,"max_hp_gain":0,"max_hp_loss":0,"event_name":"Duplicator","floor":46,"gold_loss":0,"cards_obtained":["Juggernaut"]},{"damage_healed":0,"gold_gain":0,"player_choice":"Ignored","damage_taken":0,"max_hp_gain":0,"max_hp_loss":0,"event_name":"Tomb of Lord Red Mask","floor":48,"gold_loss":0}],"is_beta":false,"boss_relics":[{"not_picked":["Coffee Dripper","Ectoplasm"],"picked":"Calling Bell"},{"not_picked":["Mark of Pain","Busted Crown"],"picked":"Cursed Key"}],"items_purged_floors":[14,22,36],"is_endless":false,"potions_floor_spawned":[5,12,13,16,18,25,30,31,33,39,44,45],"killed_by":"The Heart","ascension_level":0}}