{"host":"3omna1v4kuj0u9pv","time":1614391731,"event":{"mods":["AchievementEnabler","Act Like it!","Aspiration","BaseMod","Better Altar","Better Match","Better Note","Better Sensory Stone","Better Skull","Better Third Choice","Better Vampires","BetterRewards","CCEM2","CapriCore","Conspire","Curses Come First","Displayed Cursed Tome","Downfall","Fox Events","Halation","Hubris","Infinite Spire","Library of Ruina","Library of Ruina Extra","Minty Spire (QoL Compilation)","Permanent Neow","Poor People Problems","Rare Cards Sparkle","Reliquary","Replay The Spire","Ruina","Shop Mod","Spicy Shops","StSLib","The Animator","Transform Curses"],"gold_per_floor":[15,28,46,59,59,89,89,105,105,116,116,130,148,159,159,264,264,281,301,331,331,331],"floor_reached":21,"language":"ENG","playtime":1937,"items_purged":[],"score":262,"play_id":"f9b8ce8a-fbb4-48e9-934e-e336d442487a","local_time":"20210227120851","is_ascension_mode":false,"campfire_choices":[{"floor":7,"key":"REST"},{"floor":11,"key":"REST"},{"data":"SunsetBlade","floor":15,"key":"SMITH"}],"circlet_count":0,"master_deck":["Dodge","LightDefense","LightAttack","LightAttack","LightAttack","LightDefense","LightDefense","LightDefense","ChargeAndCover","FocusedStrikes","DimensionalRift","SturdyDefense","FlowOfTheSword","SunsetBlade+1","LeRegole","SunsetBlade","FervidEmotions","UnforgettableMelody","SpearedSweep","FrontalAssault+1","ViolentFlame"],"relics":["PageOfLibrarian","PageOfTheKnightOfDespair","PageOfTheQueenOfHatred","PageOfGreed","Philosopher\u0027s Stone","PageOfWrath"],"acts_visited":["Exordium","ruina:Briah"],"potions_floor_usage":[19,21,21,21],"damage_taken":[{"damage":7,"enemies":"Cultist","floor":1,"turns":5},{"damage":10,"enemies":"Jaw Worm","floor":2,"turns":4},{"damage":3,"enemies":"conspire:RoseBush","floor":3,"turns":3},{"damage":0,"enemies":"Large Slime","floor":4,"turns":4},{"damage":10,"enemies":"Replay:BlueRogue","floor":6,"turns":6},{"damage":8,"enemies":"Red Slaver","floor":8,"turns":2},{"damage":0,"enemies":"Blue Slaver","floor":10,"turns":3},{"damage":3,"enemies":"3 Louse","floor":12,"turns":4},{"damage":3,"enemies":"Lots of Slimes","floor":13,"turns":5},{"damage":4,"enemies":"Exordium Thugs","floor":14,"turns":4},{"damage":0,"enemies":"The Guardian","floor":16,"turns":8},{"damage":2,"enemies":"ruina:Nosferatu","floor":18,"turns":4},{"damage":8,"enemies":"ruina:2_Scarecrows","floor":19,"turns":5},{"damage":0,"enemies":"conspire:MimicChest","floor":20,"turns":4},{"damage":95,"enemies":"ruina:KingOfGreed","floor":21,"turns":3}],"seed_played":"-8410762273331933134","potions_obtained":[{"floor":2,"key":"GamblersBrew"},{"floor":6,"key":"sneckomod:MuddlingPotion"},{"floor":8,"key":"Block Potion"},{"floor":13,"key":"SkillPotion"},{"floor":20,"key":"FearPotion"}],"is_trial":false,"path_per_floor":["M","M","M","M","$","E","R","M","T","M","R","M","M","M","R","B",null,"M","M","?","M"],"character_chosen":"Librarian","items_purchased":[],"campfire_rested":2,"item_purchase_floors":[],"current_hp_per_floor":[53,43,40,40,40,30,56,49,49,51,77,76,76,75,75,80,89,89,83,86,0,0],"gold":331,"neow_bonus":"ONE_RARE_RELIC","is_daily":false,"chose_seed":false,"campfire_upgraded":1,"win_rate":0.0,"timestamp":1614391731,"path_taken":["M","M","M","M","$","E","R","?","T","M","R","?","M","M","R","BOSS","M","?","?","M"],"items_purchased_type":[],"build_version":"2020-12-22","purchased_purges":0,"victory":false,"max_hp_per_floor":[62,63,87,63,63,79,89,89,89,89,89,89,89,89,89,89,89,89,89,89,89,89],"card_choices":[{"not_picked":["BackAttack","Overcharge","ClassAndRespect"],"picked":"DimensionalRift","floor":1},{"not_picked":["ShrineToMusic","SinglePointStab","ViolentFlame"],"picked":"SturdyDefense","floor":2},{"not_picked":["SuppressingShot","IronWall","Bvapour","RushDown"],"picked":"SKIP","floor":3},{"not_picked":["Parry2","Standoff","TheArtOfRapidSteps"],"picked":"FlowOfTheSword","floor":4},{"not_picked":["Standoff","FrontalAssault","GuardingStance"],"picked":"SunsetBlade","floor":6},{"not_picked":["FleetFootsteps","Reload","AutomatedMovement"],"picked":"LeRegole","floor":8},{"not_picked":["Leap_lor","GuidanceOfTheGears","TheArtOfRapidSteps","HighKick"],"picked":"SKIP","floor":10},{"not_picked":["Rewind","NonstopAssault","LeRegole"],"picked":"SunsetBlade","floor":12},{"not_picked":["SilentMist","GuardingStance","EnergyCycle","SuppressingShot"],"picked":"SKIP","floor":13},{"not_picked":["Gamble","FleetFootsteps","FrontalAssault"],"picked":"FervidEmotions","floor":14},{"not_picked":["ChargeUp","Transpierce"],"picked":"UnforgettableMelody","floor":16},{"not_picked":["DefenseOrder+1","AssaultOrder","AutonomousRush+1"],"picked":"SpearedSweep","floor":18},{"not_picked":["PuppetBlockade","Outburst+1","SteelKnuckles"],"picked":"FrontalAssault+1","floor":19},{"not_picked":["Outburst","SinglePointStab+1","DarkCloud+1"],"picked":"ViolentFlame","floor":20}],"player_experience":147369,"relics_obtained":[{"floor":6,"key":"PageOfTheQueenOfHatred"},{"floor":9,"key":"PageOfGreed"},{"floor":20,"key":"PageOfWrath"}],"event_choices":[],"is_beta":false,"boss_relics":[{"not_picked":["Replay:Grab Bag","Snecko Eye"],"picked":"Philosopher\u0027s Stone"}],"items_purged_floors":[],"is_endless":false,"potions_floor_spawned":[2,6,8,13,14,18,20],"killed_by":"ruina:KingOfGreed","ascension_level":0}}