{"host":"kjgzfbg2u01m7isv","time":1614458189,"event":{"mods":["BaseMod","Minty Spire (QoL Compilation)"],"gold_per_floor":[13,288,298,309,322,322,333,333,356,372,387,337,337,1,1,96,96,116,133,33,53,53,53,53],"floor_reached":23,"language":"RUS","playtime":1032,"items_purged":["Parasite","Hello World"],"score":250,"play_id":"9cd8ec57-0b22-48b5-b038-2194da32ee60","local_time":"20210227233629","is_ascension_mode":true,"campfire_choices":[{"data":"Loop","floor":6,"key":"SMITH"},{"floor":8,"key":"REST"},{"data":"Defragment","floor":15,"key":"SMITH"}],"circlet_count":0,"master_deck":["Strike_B","Strike_B","Strike_B","Defend_B","Defend_B","Defend_B","Zap","Dualcast","Sunder","Defragment+1","Streamline","Streamline","Loop+1","Turbo","Machine Learning","Seek","Defragment+1","Melter","Core Surge","Glacier"],"relics":["Cracked Core","Toy Ornithopter","Philosopher\u0027s Stone"],"acts_visited":["Exordium","TheCity"],"potions_floor_usage":[7,7,16,16,18],"damage_taken":[{"damage":6,"enemies":"Jaw Worm","floor":1,"turns":4},{"damage":2,"enemies":"Cultist","floor":3,"turns":3},{"damage":6,"enemies":"2 Louse","floor":4,"turns":2},{"damage":23,"enemies":"Blue Slaver","floor":5,"turns":4},{"damage":30,"enemies":"Gremlin Gang","floor":7,"turns":3},{"damage":1,"enemies":"2 Fungi Beasts","floor":10,"turns":2},{"damage":14,"enemies":"Red Slaver","floor":11,"turns":2},{"damage":10,"enemies":"Hexaghost","floor":16,"turns":9},{"damage":43,"enemies":"2 Thieves","floor":18,"turns":3},{"damage":24,"enemies":"Chosen","floor":19,"turns":5},{"damage":24,"enemies":"Snake Plant","floor":21,"turns":4},{"damage":21,"enemies":"Slavers","floor":23,"turns":1}],"seed_played":"6226276037177982058","potions_obtained":[{"floor":1,"key":"EssenceOfSteel"},{"floor":4,"key":"AttackPotion"},{"floor":7,"key":"Weak Potion"},{"floor":10,"key":"Dexterity Potion"},{"floor":16,"key":"Regen Potion"},{"floor":19,"key":"FairyPotion"}],"is_trial":false,"path_per_floor":["M","?","M","M","M","R","M","R","T","M","M","?","?","$","R","B",null,"M","M","$","M","?","E"],"character_chosen":"DEFECT","items_purchased":["Seek","Defragment","Melter"],"campfire_rested":1,"item_purchase_floors":[14,14,14],"current_hp_per_floor":[62,62,60,54,31,31,1,23,23,22,8,8,26,26,26,26,61,32,8,8,12,12,0,0],"gold":53,"neow_bonus":"TRANSFORM_TWO_CARDS","is_daily":false,"chose_seed":false,"campfire_upgraded":2,"win_rate":0.0,"timestamp":1614458189,"path_taken":["M","?","?","M","M","R","M","R","T","M","M","?","?","?","R","BOSS","M","?","$","M","?","E"],"items_purchased_type":["Card","Card","Card"],"build_version":"2020-12-22","purchased_purges":2,"victory":false,"max_hp_per_floor":[75,75,75,75,75,75,75,75,75,75,75,75,75,72,72,72,72,72,72,72,72,72,72,72],"card_choices":[{"not_picked":["Darkness","Melter"],"picked":"Defragment","floor":1},{"not_picked":["Rebound","Chill"],"picked":"Streamline","floor":3},{"not_picked":["Beam Cell","Heatsinks"],"picked":"Streamline","floor":4},{"not_picked":["Stack","Loop","Aggregate"],"picked":"SKIP","floor":5},{"not_picked":["Stack","Loop","Aggregate"],"picked":"SKIP","floor":5},{"not_picked":["Stack","Aggregate"],"picked":"Loop","floor":5},{"not_picked":["Beam Cell","Gash","Rebound"],"picked":"SKIP","floor":7},{"not_picked":["Stack","Beam Cell"],"picked":"Turbo","floor":10},{"not_picked":["Hologram","Coolheaded"],"picked":"Machine Learning","floor":11},{"not_picked":["All For One","Electrodynamics"],"picked":"Core Surge","floor":16},{"not_picked":["Static Discharge+1","Aggregate","Compile Driver"],"picked":"SKIP","floor":18},{"not_picked":["Gash","Compile Driver","Ball Lightning"],"picked":"SKIP","floor":19},{"not_picked":["Scrape","Aggregate"],"picked":"Glacier","floor":21}],"player_experience":398838,"relics_obtained":[{"floor":9,"key":"Toy Ornithopter"}],"event_choices":[{"damage_healed":0,"gold_gain":275,"player_choice":"Desecrate","damage_taken":0,"max_hp_gain":0,"max_hp_loss":0,"event_name":"Golden Shrine","floor":2,"gold_loss":0,"cards_obtained":["Regret"]},{"cards_removed":["Regret"],"damage_healed":0,"gold_gain":0,"player_choice":"Card Removal","damage_taken":0,"max_hp_gain":0,"max_hp_loss":0,"event_name":"The Cleric","floor":12,"gold_loss":50},{"damage_healed":18,"gold_gain":0,"player_choice":"Healed and dodged fight","damage_taken":0,"max_hp_gain":0,"max_hp_loss":0,"event_name":"Mushrooms","floor":13,"gold_loss":0,"cards_obtained":["Parasite"]},{"damage_healed":0,"gold_gain":0,"player_choice":"Forge","damage_taken":0,"max_hp_gain":0,"max_hp_loss":0,"event_name":"Accursed Blacksmith","floor":22,"gold_loss":0,"cards_upgraded":["Defragment"]}],"is_beta":false,"boss_relics":[{"not_picked":["Empty Cage","Velvet Choker"],"picked":"Philosopher\u0027s Stone"}],"items_purged_floors":[14,20],"is_endless":false,"potions_floor_spawned":[1,4,7,10,16,19],"killed_by":"Slavers","ascension_level":7}}