{"host":"a3wpq7kyokchzawk","time":1614406390,"event":{"mods":["BaseMod","Colored Map","Highlight Path","Minty Spire (QoL Compilation)","Permanent Neow","Potion Indicator Mod","Relic Stats","Weighted Paths"],"gold_per_floor":[117,136,1,13,27,27,61,61,61,87,102,40,40,54,54,126,126,144,144,211,227,123,151,151,51,51,51,62,91,91,141,141,215,215,227,277,327,338,338,338],"floor_reached":39,"language":"ENG","playtime":3902,"items_purged":["Strike_R","Strike_R"],"score":1008,"play_id":"a33eaa90-72c6-4a96-b009-fd986151f65a","local_time":"20210227031310","is_ascension_mode":true,"campfire_choices":[{"data":"Body Slam","floor":6.0,"key":"SMITH"},{"floor":8.0,"key":"REST"},{"floor":13.0,"key":"REST"},{"data":"Entrench","floor":15.0,"key":"SMITH"},{"floor":24.0,"key":"REST"},{"data":"Shockwave","floor":27.0,"key":"SMITH"},{"data":"True Grit","floor":30.0,"key":"SMITH"},{"floor":32.0,"key":"REST"}],"circlet_count":0,"master_deck":["AscendersBane","Strike_R","Strike_R","Defend_R","Defend_R+1","Defend_R","Defend_R+1","Bash","Battle Trance","Hemokinesis","Evolve","True Grit+1","Entrench+1","Body Slam+1","Shockwave+1","Dropkick","Combust","Iron Wave","Bludgeon","Rupture+1","Sword Boomerang","Disarm","Rupture","Rupture+1","Shame","Flame Barrier","Warcry+1","Parasite","Body Slam+1","Limit Break","True Grit","Heavy Blade+1"],"relics":["Burning Blood","Dream Catcher","Anchor","Mercury Hourglass","Magic Flower","Tiny Chest","Cursed Key","SsserpentHead","Art of War","Molten Egg 2","PreservedInsect","War Paint","Philosopher\u0027s Stone"],"acts_visited":["Exordium","TheCity","TheBeyond"],"potions_floor_usage":[],"damage_taken":[{"damage":7.0,"enemies":"Small Slimes","floor":1.0,"turns":4.0},{"damage":7.0,"enemies":"Cultist","floor":2.0,"turns":4.0},{"damage":4.0,"enemies":"2 Louse","floor":4.0,"turns":3.0},{"damage":12.0,"enemies":"2 Fungi Beasts","floor":5.0,"turns":4.0},{"damage":45.0,"enemies":"Gremlin Nob","floor":7.0,"turns":5.0},{"damage":18.0,"enemies":"3 Sentries","floor":10.0,"turns":6.0},{"damage":2.0,"enemies":"Exordium Thugs","floor":11.0,"turns":3.0},{"damage":4.0,"enemies":"3 Louse","floor":14.0,"turns":3.0},{"damage":0.0,"enemies":"The Guardian","floor":16.0,"turns":8.0},{"damage":20.0,"enemies":"Chosen","floor":18.0,"turns":4.0},{"damage":14.0,"enemies":"Shell Parasite","floor":20.0,"turns":5.0},{"damage":30.0,"enemies":"Snake Plant","floor":21.0,"turns":5.0},{"damage":14.0,"enemies":"Gremlin Leader","floor":23.0,"turns":8.0},{"damage":29.0,"enemies":"Shelled Parasite and Fungi","floor":28.0,"turns":6.0},{"damage":8.0,"enemies":"Book of Stabbing","floor":29.0,"turns":5.0},{"damage":102.0,"enemies":"Collector","floor":33.0,"turns":11.0},{"damage":35.0,"enemies":"Orb Walker","floor":35.0,"turns":4.0},{"damage":46.0,"enemies":"3 Darklings","floor":38.0,"turns":4.0},{"damage":29,"enemies":"Jaw Worm Horde","floor":39,"turns":4}],"seed_played":"-4551334527954583422","potions_obtained":[{"floor":2.0,"key":"Ancient Potion"},{"floor":7.0,"key":"BlessingOfTheForge"},{"floor":11.0,"key":"FairyPotion"},{"floor":14.0,"key":"PowerPotion"},{"floor":20.0,"key":"Fire Potion"},{"floor":23.0,"key":"SmokeBomb"},{"floor":28.0,"key":"HeartOfIron"},{"floor":38.0,"key":"LiquidBronze"}],"is_trial":false,"path_per_floor":["M","M","$","M","M","R","E","R","T","E","M","?","R","M","R","B",null,"M","?","M","M","$","E","R","$","T","R","M","E","R","T","R","B",null,"M","?","?","M","M"],"character_chosen":"IRONCLAD","items_purchased":["Evolve","True Grit","Rupture"],"campfire_rested":4,"item_purchase_floors":[3,3,22],"current_hp_per_floor":[67,66,66,68,62,62,23,45,45,33,40,40,62,67,67,75,75,64,64,59,38,38,33,55,55,55,55,35,36,36,36,58,11,59,33,61,61,24,0,0],"gold":338,"neow_bonus":"RANDOM_COMMON_RELIC","is_daily":false,"chose_seed":false,"campfire_upgraded":4,"win_rate":0.0,"timestamp":1614406390,"path_taken":["M","M","$","M","M","R","E","R","T","E","M","?","R","M","R","BOSS","M","?","?","M","?","E","R","$","T","R","M","E","R","?","R","BOSS","M","?","?","M","M"],"items_purchased_type":["Card","Card","Card"],"build_version":"2020-12-22","purchased_purges":2,"victory":false,"max_hp_per_floor":[75,75,75,75,75,75,75,75,75,75,75,75,75,75,75,75,75,75,75,75,75,75,75,75,75,75,75,75,75,75,75,75,75,75,75,61,61,61,61,61],"relic_stats":{"SsserpentHead":250,"Dream Catcher":4,"counters":[19,96],"Magic Flower":[46],"Tiny Chest":1,"PreservedInsect":0,"Art of War":[3],"War Paint":["Defend_R","Defend_R"],"Cursed Key":2,"obtain_stats":[{"Magic Flower":10,"PreservedInsect":29,"War Paint":31,"Cursed Key":17,"Burning Blood":0,"Mercury Hourglass":9,"SsserpentHead":19,"Dream Catcher":0,"Anchor":7,"Tiny Chest":12,"Molten Egg 2":26,"Philosopher\u0027s Stone":34,"Art of War":23},{"Magic Flower":6,"PreservedInsect":15,"War Paint":15,"Cursed Key":9,"Burning Blood":0,"Mercury Hourglass":5,"SsserpentHead":10,"Dream Catcher":0,"Anchor":5,"Tiny Chest":7,"Molten Egg 2":13,"Philosopher\u0027s Stone":16,"Art of War":13},{"Magic Flower":26,"PreservedInsect":73,"War Paint":73,"Cursed Key":40,"Burning Blood":0,"Mercury Hourglass":20,"SsserpentHead":44,"Dream Catcher":0,"Anchor":20,"Tiny Chest":29,"Molten Egg 2":62,"Philosopher\u0027s Stone":84,"Art of War":62}],"Burning Blood":143,"Mercury Hourglass":[288]},"card_choices":[{"not_picked":["Wild Strike","Warcry"],"picked":"Battle Trance","floor":1.0},{"not_picked":["Rupture","Warcry"],"picked":"Hemokinesis","floor":2.0},{"not_picked":["Clothesline","Sword Boomerang"],"picked":"Entrench","floor":4.0},{"not_picked":["Blood for Blood","Pommel Strike"],"picked":"Body Slam","floor":5.0},{"not_picked":["Twin Strike","Sword Boomerang"],"picked":"Shockwave","floor":7.0},{"not_picked":["Battle Trance","Havoc"],"picked":"Dropkick","floor":8.0},{"not_picked":["Anger","Rampage","Warcry"],"picked":"SKIP","floor":10.0},{"not_picked":["Body Slam","Clash"],"picked":"Combust","floor":11.0},{"not_picked":["Flex","Sword Boomerang"],"picked":"Iron Wave","floor":14.0},{"not_picked":["Brutality","Demon Form"],"picked":"Bludgeon","floor":16.0},{"not_picked":["Anger","Shockwave"],"picked":"Rupture+1","floor":18.0},{"not_picked":["Carnage","Headbutt"],"picked":"Sword Boomerang","floor":20.0},{"not_picked":["Bloodletting","Anger"],"picked":"Disarm","floor":21.0},{"not_picked":["Cleave","Thunderclap"],"picked":"Rupture+1","floor":23.0},{"not_picked":["Sever Soul+1","Seeing Red"],"picked":"Flame Barrier","floor":28.0},{"not_picked":["Inflame","Brutality"],"picked":"Warcry+1","floor":29.0},{"not_picked":["Thunderclap+1","Cleave+1"],"picked":"Body Slam+1","floor":32.0},{"not_picked":["Demon Form","Bludgeon+1"],"picked":"Limit Break","floor":33.0},{"not_picked":["Pummel+1","Thunderclap+1"],"picked":"True Grit","floor":35.0},{"not_picked":["Thunderclap+1","Flex"],"picked":"Heavy Blade+1","floor":38.0}],"player_experience":2861048,"relics_obtained":[{"floor":7.0,"key":"Anchor"},{"floor":9.0,"key":"Mercury Hourglass"},{"floor":10.0,"key":"Magic Flower"},{"floor":23.0,"key":"Art of War"},{"floor":26.0,"key":"Molten Egg 2"},{"floor":29.0,"key":"PreservedInsect"},{"floor":31.0,"key":"War Paint"}],"event_choices":[{"damage_healed":0.0,"max_hp_gain":0.0,"max_hp_loss":0.0,"gold_gain":0.0,"event_name":"WeMeetAgain","player_choice":"Paid Gold","floor":12.0,"gold_loss":62.0,"damage_taken":0.0,"relics_obtained":["Tiny Chest"]},{"damage_healed":0.0,"max_hp_gain":0.0,"max_hp_loss":0.0,"gold_gain":0.0,"event_name":"FaceTrader","player_choice":"Trade","floor":19.0,"gold_loss":0.0,"damage_taken":0.0,"relics_obtained":["SsserpentHead"]},{"damage_healed":61.0,"max_hp_gain":0.0,"max_hp_loss":14.0,"gold_gain":0.0,"event_name":"The Moai Head","player_choice":"Heal","floor":36.0,"gold_loss":0.0,"damage_taken":0.0},{"cards_removed":["Strike_R"],"damage_healed":0.0,"max_hp_gain":0.0,"max_hp_loss":0.0,"gold_gain":0.0,"event_name":"Wheel of Change","player_choice":"Card Removal","floor":37.0,"gold_loss":0.0,"damage_taken":0.0}],"is_beta":false,"boss_relics":[{"not_picked":["SacredBark","Black Star"],"picked":"Cursed Key"},{"not_picked":["Runic Cube","Black Blood"],"picked":"Philosopher\u0027s Stone"}],"items_purged_floors":[22,25],"is_endless":false,"potions_floor_spawned":[2,7,11,14,20,23,28,38],"killed_by":"Jaw Worm Horde","ascension_level":20}}