{"host":"bplbr8uekuotory4","time":1614431725,"event":{"mods":["Act Like it!","BaseMod","GungeonMod","Hermit","KinomotoSakuraMod(木之本樱)","Marisa（F雨　魔理沙）","Minty Spire (QoL Compilation)","Prisma Mod","Quick Restart","Reimu（博丽灵梦）","SOS（斯巴达之子）","Spicy Shops","StSLib","TestMod","The Blackbeard","The Cursed","The Mystic","The Saiyan","The Senshi","The Servant 0.9.4","Yuri Mod","[IsaacMod]以撒尖塔"],"gold_per_floor":[117,192,205,292,67,97,97,134,134,134,134,160,177,191,191,298,298,309,35,48,71,71,99,99,131,185,85,105,119,119,41,41,150,150,168,184,583,105,124,162,184,200,269,325,237,254,254,254,254,272,272,272,22,80,86],"floor_reached":56,"language":"ZHS","playtime":2104,"items_purged":["hermit:Defend_Hermit","hermit:Defend_Hermit","hermit:Strike_Hermit","hermit:Strike_Hermit","hermit:Strike_Hermit","hermit:Defend_Hermit","hermit:Defend_Hermit"],"score":2329,"play_id":"759335fd-fa20-4053-98fe-63b8703b27b5","local_time":"20210227211525","is_ascension_mode":true,"campfire_choices":[{"data":"hermit:FlashPowder","floor":7.0,"key":"SMITH"},{"data":"hermit:Covet","floor":10.0,"key":"SMITH"},{"data":"hermit:Dive","floor":15.0,"key":"SMITH"},{"data":"hermit:Roughhouse","floor":24,"key":"SMITH"},{"data":"hermit:GoldenBullet","floor":30,"key":"SMITH"},{"data":"hermit:Scavenge","floor":32,"key":"SMITH"},{"floor":49,"key":"RECALL"},{"data":"hermit:Snapshot","floor":52,"key":"SMITH"}],"circlet_count":0,"master_deck":["AscendersBane","hermit:Snapshot+1","hermit:Covet+1","hermit:FlashPowder+1","hermit:Scavenge+1","hermit:GoldenBullet+1","hermit:Dive+1","hermit:Roughhouse+1","hermit:Deadeye","hermit:FlashPowder+1","hermit:Magnum","hermit:FlashPowder+1","hermit:PistolWhip"],"relics":["hermit:Momento","testmod-TestBox","HushsDoor","BookOfRevelations","testmod-HarvestTotem","testmod-Charity","DemoMod:ClearGuonStone","DeadEye","CaptainsWheel","testmod-Motorcycle","testmod-Temperance","GuppysPaw","RottenBaby","SteamSale","Vajra","Nunchaku","GnawedLeaf","Omamori","HowToJump","DollysMirror","BFFS","hermit:BartenderGlass","GuppysHead","SalivaCoin","Lantern","RuthlessExorcism:ReiMu","PreservedInsect","Strange Spoon","DemoMod:WhiteGuonStone","Ornamental Fan","AnarchistCookbook","SharpPlug","testmod-TurbochargingSystem","yuri:PortableGlitches","DemoMod:GlassGuonStoneRelic","CrazyTorch:ReiMu"],"acts_visited":["Exordium","TheCity","TheBeyond","TheEnding"],"potions_floor_usage":[16,18,21,33,33,41,50,50,55,55,55,55,55,55],"damage_taken":[{"damage":0.0,"enemies":"Jaw Worm","floor":1.0,"turns":1.0},{"damage":0.0,"enemies":"Small Slimes","floor":3.0,"turns":1.0},{"damage":0.0,"enemies":"Gremlin Nob","floor":6.0,"turns":1.0},{"damage":3.0,"enemies":"3 Sentries","floor":8.0,"turns":4.0},{"damage":29.0,"enemies":"Gremlin Nob","floor":12.0,"turns":5.0},{"damage":0.0,"enemies":"Cultist","floor":13.0,"turns":3.0},{"damage":0.0,"enemies":"3 Louse","floor":14.0,"turns":4.0},{"damage":0,"enemies":"The Guardian","floor":16,"turns":19},{"damage":0,"enemies":"2 Thieves","floor":18,"turns":2},{"damage":0,"enemies":"Spheric Guardian","floor":20,"turns":3},{"damage":0,"enemies":"Shelled Parasite and Fungi","floor":21,"turns":4},{"damage":14,"enemies":"Slavers","floor":23,"turns":5},{"damage":0,"enemies":"Book of Stabbing","floor":25,"turns":5},{"damage":0,"enemies":"Centurion and Healer","floor":28,"turns":6},{"damage":0,"enemies":"Snake Plant","floor":29,"turns":4},{"damage":0,"enemies":"Automaton","floor":33,"turns":10},{"damage":0,"enemies":"Orb Walker","floor":35,"turns":3},{"damage":0,"enemies":"3 Darklings","floor":36,"turns":5},{"damage":0,"enemies":"Transient","floor":39,"turns":5},{"damage":8,"enemies":"Giant Head","floor":40,"turns":6},{"damage":0,"enemies":"4 Shapes","floor":41,"turns":4},{"damage":0,"enemies":"3 Darklings","floor":42,"turns":5},{"damage":28,"enemies":"Nemesis","floor":44,"turns":5},{"damage":0,"enemies":"Maw","floor":46,"turns":6},{"damage":8,"enemies":"Awakened One","floor":50,"turns":13},{"damage":20,"enemies":"Shield and Spear","floor":54,"turns":5},{"damage":0,"enemies":"The Heart","floor":55,"turns":9}],"seed_played":"2717764929280421979","potions_obtained":[{"floor":6.0,"key":"GrandPatriotsElixir:ReiMu"},{"floor":12.0,"key":"Energy Potion"},{"floor":13.0,"key":"SkillPotion"},{"floor":16,"key":"SkillPotion"},{"floor":23,"key":"AttackPotion"},{"floor":25,"key":"FearPotion"},{"floor":28,"key":"Dexterity Potion"},{"floor":39,"key":"CultistPotion"},{"floor":41,"key":"testmod-SpacePotion"},{"floor":46,"key":"Weak Potion"}],"is_trial":false,"path_per_floor":["M","?","M","?","$","E","R","E","T","R","?","E","M","M","R","B",null,"M","$","M","M","?","E","R","E","T","$","M","M","R","$","R","B",null,"M","M","?","$","M","E","M","M","T","E","$","M","?","T","R","B",null,"R","$","E","B",null],"character_chosen":"HERMIT","items_purchased":["testmod-Charity","GuppysPaw","RottenBaby","hermit:Deadeye","testmod-EscapePotion","SteamSale","Vajra","DollysMirror","BFFS","GuppysHead","SalivaCoin","Lantern","RuthlessExorcism:ReiMu","ColorlessPotion","PreservedInsect","Strange Spoon","testmod-TurbochargingSystem","yuri:PortableGlitches","Strength Potion"],"campfire_rested":0,"item_purchase_floors":[5,17,17,17,17,19,19,27,31,34,38,38,38,38,38,38,53,53,53],"current_hp_per_floor":[143,132,132,117,117,121,121,126,126,126,126,101,109,113,113,121,130,134,134,136,140,125,119,119,123,127,127,135,143,143,143,143,151,143,145,149,151,151,155,155,163,169,171,159,159,167,167,167,167,171,191,191,191,193,197],"gold":86,"neow_bonus":"THREE_ENEMY_KILL","is_daily":false,"chose_seed":false,"campfire_upgraded":7,"win_rate":0.0,"timestamp":1614431725,"path_taken":["M","?","M","?","$","E","R","E","T","R","?","E","?","M","R","BOSS","M","$","M","M","?","E","R","E","T","$","M","?","R","$","R","BOSS","M","M","?","$","?","E","M","M","T","E","$","M","?","?","R","BOSS","R","$","E","BOSS"],"items_purchased_type":["Relic","Relic","Relic","Card","Potion","Relic","Relic","Relic","Relic","Relic","Relic","Relic","Relic","Potion","Relic","Relic","Relic","Relic","Potion"],"build_version":"2020-12-22","purchased_purges":7,"victory":true,"max_hp_per_floor":[150,150,150,150,150,152,152,156,156,156,156,158,162,164,164,168,130,134,134,136,140,140,144,144,146,148,148,152,156,156,156,156,160,143,145,149,151,151,155,161,165,169,171,181,181,185,185,185,185,191,191,191,191,203,205],"card_choices":[{"not_picked":[],"picked":"Bomb","floor":0.0},{"not_picked":["hermit:HoleUp","hermit:Horror"],"picked":"hermit:FlashPowder","floor":1.0},{"not_picked":["hermit:Ricochet","hermit:TrackingShot"],"picked":"hermit:Scavenge","floor":3.0},{"not_picked":["hermit:Cheat","hermit:Horror"],"picked":"hermit:GoldenBullet","floor":6.0},{"not_picked":["hermit:Showdown","hermit:DeadOrAlive","hermit:WideOpen"],"picked":"SKIP","floor":8.0},{"not_picked":["hermit:WideOpen","hermit:Manifest","hermit:Scavenge"],"picked":"SKIP","floor":12.0},{"not_picked":["hermit:FromBeyond","hermit:SprayPray"],"picked":"hermit:Dive","floor":13.0},{"not_picked":["hermit:Scavenge","hermit:Headshot","hermit:Quickdraw"],"picked":"SKIP","floor":14.0},{"not_picked":["hermit:RoundhouseKick","hermit:FatalDesire"],"picked":"hermit:Roughhouse","floor":16},{"not_picked":["hermit:Headshot","hermit:Feint","hermit:Malice"],"picked":"SKIP","floor":18},{"not_picked":["hermit:TrackingShot+1","hermit:Vantage","hermit:Ricochet"],"picked":"SKIP","floor":20},{"not_picked":["hermit:Headshot","hermit:Gambit","hermit:Vantage+1"],"picked":"SKIP","floor":21},{"not_picked":["hermit:BodyArmor+1","hermit:Manifest","hermit:ShadowCloak+1"],"picked":"SKIP","floor":23},{"not_picked":["hermit:Glare","hermit:HighCaliber+1","hermit:Enervate"],"picked":"SKIP","floor":25},{"not_picked":["hermit:WideOpen","hermit:Dive","hermit:Magnum"],"picked":"SKIP","floor":28},{"not_picked":["hermit:Quickdraw","hermit:Combo","hermit:Desperado"],"picked":"SKIP","floor":29},{"not_picked":["hermit:HighNoon","hermit:BlackWind"],"picked":"hermit:Magnum","floor":33},{"not_picked":["hermit:Glare","hermit:Deadeye","hermit:Midnight"],"picked":"SKIP","floor":35},{"not_picked":["hermit:TrackingShot","hermit:Malice","hermit:Quickdraw"],"picked":"SKIP","floor":36},{"not_picked":["hermit:Glare","hermit:LowProfile"],"picked":"hermit:FlashPowder+1","floor":39},{"not_picked":["hermit:LowProfile","hermit:Vantage","hermit:HighNoon"],"picked":"SKIP","floor":40},{"not_picked":["hermit:SprayPray","hermit:WideOpen","hermit:Maintenance"],"picked":"SKIP","floor":41},{"not_picked":["hermit:Headshot","hermit:Misfire+1"],"picked":"hermit:PistolWhip","floor":42},{"not_picked":["hermit:Dive","hermit:Misfire","hermit:Roulette"],"picked":"SKIP","floor":44},{"not_picked":["hermit:Spite+1","hermit:WideOpen","hermit:NoHoldsBarred+1"],"picked":"SKIP","floor":46},{"not_picked":["hermit:Maintenance+1","hermit:Quickdraw","hermit:GoldenBullet+1"],"picked":"SKIP","floor":54}],"player_experience":1211375,"relics_obtained":[{"floor":6.0,"key":"DemoMod:ClearGuonStone"},{"floor":8.0,"key":"DeadEye"},{"floor":12.0,"key":"testmod-Motorcycle"},{"floor":23,"key":"GnawedLeaf"},{"floor":25,"key":"Omamori"},{"floor":26,"key":"HowToJump"},{"floor":40,"key":"DemoMod:WhiteGuonStone"},{"floor":43,"key":"Ornamental Fan"},{"floor":44,"key":"AnarchistCookbook"},{"floor":48,"key":"SharpPlug"},{"floor":54,"key":"CrazyTorch:ReiMu"}],"event_choices":[{"damage_healed":0.0,"max_hp_gain":0.0,"max_hp_loss":0.0,"gold_gain":75.0,"event_name":"World of Goop","player_choice":"Gather Gold","floor":2.0,"gold_loss":0.0,"damage_taken":11.0},{"damage_healed":0.0,"max_hp_gain":0.0,"max_hp_loss":0.0,"gold_gain":0.0,"event_name":"WeMeetAgain","player_choice":"Gave Potion","floor":11.0,"gold_loss":0.0,"damage_taken":0.0,"relics_obtained":["CaptainsWheel"]},{"damage_healed":0,"gold_gain":400,"player_choice":"Sell","damage_taken":0,"max_hp_gain":0,"max_hp_loss":0,"event_name":"恩洛斯的盘子","floor":37,"relics_lost":["NeowsBlessing"],"gold_loss":0},{"damage_healed":0,"gold_gain":0,"player_choice":"Swap Relic","damage_taken":0,"relics_obtained":["testmod-HarvestTotem"],"max_hp_gain":0,"max_hp_loss":0,"event_name":"给自己的盒子","floor":47,"relics_lost":["testmod-HarvestTotem"],"gold_loss":0}],"is_beta":false,"boss_relics":[{"not_picked":["testmod-Recursion","testmod-NegativeEmotionEnhancer"],"picked":"testmod-Temperance"},{"not_picked":[]},{"not_picked":["Astrolabe","testmod-SaigiyounoYou"],"picked":"hermit:BartenderGlass"},{"not_picked":[]}],"items_purged_floors":[5,17,19,27,34,38,45],"is_endless":false,"potions_floor_spawned":[6,12,13,16,23,25,28,29,39,41,46,54],"ascension_level":12}}