{"host":"92wx9z21c4p52du4","time":1614389981,"event":{"mods":["Act Like it!","BaseMod","ChefMod","Downfall","Evolution","GungeonMod","Infinite Spire","Minty Spire (QoL Compilation)","Relic Stats","Reliquary","Replay The Spire","StSLib","SuperFastMode","The Hierophant","The Runesmith"],"gold_per_floor":[99,111,286,0,91,107,107,139,139,139,139,152,11,40,57,57,57,57],"floor_reached":16,"language":"ENG","playtime":704,"items_purged":["Doubt","bronze:Strike"],"score":133,"play_id":"d55a38ba-7358-4430-a008-3f057ce182e5","local_time":"20210226193941","is_ascension_mode":false,"campfire_choices":[{"data":"bronze:Replicate","floor":1,"key":"SMITH"},{"data":"bronze:InfiniteBeams","floor":9,"key":"SMITH"},{"floor":11,"key":"REST"}],"circlet_count":0,"master_deck":["bronze:OilSpill","bronze:Strike","bronze:Strike","bronze:Defend","bronze:Defend","bronze:Defend","bronze:Defend","bronze:Replicate+1","bronze:Goto","bronze:InfiniteBeams+1","bronze:HardenedForm","bronze:InfiniteBeams","bronze:BronzeOrb","bronze:BuggyMess","bronze:OilSpill","bronze:ThunderWave","bronze:Replicate+1","bronze:Optimize","bronze:Allocate","bronze:BugBarrage","bronze:Turbo"],"relics":["bronze:BronzeCore","EVO:Axolotl","Unceasing Top","DemoMod:GnawedKey","Replay:Bottled Steam","Darkstone Periapt","DemoMod:DecoyRelic"],"acts_visited":["Exordium"],"potions_floor_usage":[4,8,14,14],"damage_taken":[{"damage":0,"enemies":"2 Louse","floor":2,"turns":2},{"damage":0,"enemies":"downfall:FleeingMerchant","floor":4,"turns":4},{"damage":0,"enemies":"Small Slimes","floor":6,"turns":2},{"damage":24,"enemies":"3 Sentries","floor":8,"turns":8},{"damage":0,"enemies":"Cultist","floor":12,"turns":2},{"damage":9,"enemies":"downfall:FleeingMerchant","floor":13,"turns":4},{"damage":0,"enemies":"Lagavulin","floor":14,"turns":4},{"damage":5,"enemies":"Blue Slaver","floor":15,"turns":3},{"damage":52,"enemies":"IC_STATUS_ARCHETYPE","floor":16,"turns":4}],"seed_played":"1526349737445295182","potions_obtained":[{"floor":2,"key":"AttackPotion"},{"floor":6,"key":"Dexterity Potion"},{"floor":8,"key":"Adrenaline Potion"},{"floor":12,"key":"PowerPotion"},{"floor":14,"key":"SteroidPotion"}],"is_trial":false,"path_per_floor":["R","M","?","$","?","M","T","E","R","?","R","M","$","E","M","B"],"character_chosen":"THE_AUTOMATON","items_purchased":["DemoMod:GnawedKey","bronze:InfiniteBeams","bronze:BugBarrage"],"campfire_rested":1,"item_purchase_floors":[4,4,13],"current_hp_per_floor":[63,63,63,63,48,48,48,24,24,24,42,42,33,33,28,0,0,0],"gold":57,"neow_bonus":"ONE_RARE_RELIC","is_daily":false,"chose_seed":false,"campfire_upgraded":2,"win_rate":0.0,"timestamp":1614389981,"path_taken":["R","M","?","$","?","?","T","E","R","?","R","M","?","E","M","BOSS"],"items_purchased_type":["Relic","Card","Card"],"build_version":"2020-12-22","purchased_purges":2,"victory":false,"max_hp_per_floor":[63,63,63,63,63,63,63,63,63,63,63,63,63,63,63,63,63,63],"relic_stats":{"Darkstone Periapt":0,"counters":[9,33],"obtain_stats":[{"Darkstone Periapt":8,"bronze:BronzeCore":0,"DemoMod:DecoyRelic":14,"DemoMod:GlassGuonStoneRelic":2,"DemoMod:GnawedKey":4,"EVO:Axolotl":0,"Unceasing Top":0,"Replay:Bottled Steam":7},{"Darkstone Periapt":4,"bronze:BronzeCore":0,"DemoMod:DecoyRelic":7,"DemoMod:GlassGuonStoneRelic":1,"DemoMod:GnawedKey":2,"EVO:Axolotl":0,"Unceasing Top":0,"Replay:Bottled Steam":3},{"Darkstone Periapt":16,"bronze:BronzeCore":0,"DemoMod:DecoyRelic":26,"DemoMod:GlassGuonStoneRelic":2,"DemoMod:GnawedKey":6,"EVO:Axolotl":0,"Unceasing Top":0,"Replay:Bottled Steam":8}],"Unceasing Top":[1]},"card_choices":[{"not_picked":["bronze:WildBeam","bronze:Overheat"],"picked":"bronze:InfiniteBeams","floor":2},{"not_picked":["bronze:WhirlingStrike","bronze:Refactor"],"picked":"bronze:HardenedForm","floor":4},{"not_picked":["bronze:ForceShield","bronze:Boost"],"picked":"bronze:BronzeOrb","floor":5},{"not_picked":["bronze:OilSpill","bronze:CutThrough"],"picked":"bronze:BuggyMess","floor":5},{"not_picked":["bronze:Iterate","bronze:Turbo"],"picked":"bronze:OilSpill","floor":5},{"not_picked":["bronze:Constructor","bronze:Invalidate","bronze:Overload"],"picked":"SKIP","floor":6},{"not_picked":["bronze:OilSpill","bronze:Boost"],"picked":"bronze:ThunderWave","floor":8},{"not_picked":["bronze:Refactor","bronze:Backtrace"],"picked":"bronze:Optimize","floor":12},{"not_picked":["bronze:Return","bronze:GetLatest"],"picked":"bronze:Allocate","floor":13},{"not_picked":["bronze:Deprecate","bronze:BugBarrage","bronze:Turbo"],"picked":"SKIP","floor":14},{"not_picked":["bronze:ForceShield","bronze:BugBarrage"],"picked":"bronze:Turbo","floor":15}],"player_experience":379248,"relics_obtained":[{"floor":7,"key":"Replay:Bottled Steam"},{"floor":8,"key":"Darkstone Periapt"},{"floor":14,"key":"DemoMod:DecoyRelic"}],"event_choices":[],"is_beta":false,"boss_relics":[],"items_purged_floors":[4,13],"is_endless":false,"potions_floor_spawned":[2,6,8,12,14],"killed_by":"IC_STATUS_ARCHETYPE","ascension_level":0}}