{"host":"1focbxb2e8qu7ccd","time":1614447008,"event":{"mods":["AchievementEnabler","BaseMod","Bestiary","Highlight Path","Minty Spire (QoL Compilation)","Relic Stats"],"gold_per_floor":[119,139,159,176,195,195,228,228,252,284,284,315,328,342,342,443,443,463,480,480,180,279,279,292,292,292],"floor_reached":25,"language":"ENG","playtime":1763,"items_purged":["Strike_B"],"score":338,"play_id":"fbaa5ad6-9644-4346-96b7-eccecf1f9ab1","local_time":"20210227123008","is_ascension_mode":true,"campfire_choices":[{"data":"Cold Snap","floor":6.0,"key":"SMITH"},{"data":"Defragment","floor":8.0,"key":"SMITH"},{"floor":11.0,"key":"REST"},{"floor":15,"key":"REST"},{"data":"Electrodynamics","floor":23,"key":"SMITH"}],"circlet_count":0,"master_deck":["AscendersBane","Strike_B","Strike_B","Strike_B","Defend_B","Defend_B","Defend_B","Defend_B","Zap","Dualcast","Madness","Cold Snap+1","Compile Driver","Compile Driver","Defragment+1","Static Discharge","Heatsinks","Coolheaded+1","Undo+1","Hello World","White Noise","Electrodynamics+1","Capacitor","Glacier","Self Repair"],"relics":["Cracked Core","Kunai","Pen Nib","PreservedInsect","War Paint","Nuclear Battery"],"acts_visited":["Exordium","TheCity"],"potions_floor_usage":[16,16,19,24],"damage_taken":[{"damage":0.0,"enemies":"Small Slimes","floor":1.0,"turns":3.0},{"damage":5.0,"enemies":"Jaw Worm","floor":2.0,"turns":4.0},{"damage":5.0,"enemies":"2 Louse","floor":3.0,"turns":2.0},{"damage":9.0,"enemies":"Blue Slaver","floor":4.0,"turns":3.0},{"damage":7.0,"enemies":"Looter","floor":5.0,"turns":3.0},{"damage":15.0,"enemies":"3 Sentries","floor":7.0,"turns":4.0},{"damage":16.0,"enemies":"Gremlin Nob","floor":10.0,"turns":4.0},{"damage":25.0,"enemies":"3 Sentries","floor":12.0,"turns":5.0},{"damage":0,"enemies":"Red Slaver","floor":13,"turns":5},{"damage":0,"enemies":"2 Fungi Beasts","floor":14,"turns":4},{"damage":10,"enemies":"Slime Boss","floor":16,"turns":10},{"damage":21,"enemies":"Chosen","floor":18,"turns":5},{"damage":14,"enemies":"2 Thieves","floor":19,"turns":4},{"damage":10,"enemies":"3 Cultists","floor":24,"turns":4},{"damage":27,"enemies":"Slavers","floor":25,"turns":2}],"seed_played":"-1373332419400059492","potions_obtained":[{"floor":2.0,"key":"BlessingOfTheForge"},{"floor":5.0,"key":"Weak Potion"},{"floor":7.0,"key":"PowerPotion"},{"floor":12,"key":"SpeedPotion"},{"floor":13,"key":"Energy Potion"},{"floor":16,"key":"Regen Potion"},{"floor":18,"key":"SpeedPotion"},{"floor":19,"key":"PotionOfCapacity"}],"is_trial":false,"path_per_floor":["M","M","M","M","M","R","E","R","T","E","R","E","M","M","R","B",null,"M","M","?","$","?","R","M","E"],"character_chosen":"DEFECT","items_purchased":["Glacier","Self Repair","DistilledChaos"],"campfire_rested":2,"item_purchase_floors":[21,21,21],"current_hp_per_floor":[68,63,58,49,42,42,27,27,27,11,33,8,8,8,30,20,61,40,38,24,24,24,24,21,0,0],"gold":292,"neow_bonus":"RANDOM_COLORLESS","is_daily":false,"chose_seed":false,"campfire_upgraded":3,"win_rate":0.0,"timestamp":1614447008,"path_taken":["M","M","M","M","M","R","E","R","T","E","R","E","M","M","R","BOSS","M","M","?","$","?","R","M","E"],"items_purchased_type":["Card","Card","Potion"],"build_version":"2020-12-22","purchased_purges":1,"victory":false,"max_hp_per_floor":[75,75,75,75,75,75,75,75,75,75,75,75,75,75,75,75,75,75,75,80,80,80,80,80,80,80],"relic_stats":{"counters":[15,62],"Pen Nib":[4],"PreservedInsect":75,"Kunai":[3],"War Paint":["Undo","Coolheaded"],"obtain_stats":[{"Pen Nib":9,"PreservedInsect":10,"Kunai":7,"War Paint":12,"Cracked Core":0,"Nuclear Battery":17},{"Pen Nib":6,"PreservedInsect":7,"Kunai":6,"War Paint":8,"Cracked Core":0,"Nuclear Battery":11},{"Pen Nib":19,"PreservedInsect":23,"Kunai":19,"War Paint":28,"Cracked Core":0,"Nuclear Battery":47}]},"card_choices":[{"not_picked":["Deep Breath","Forethought"],"picked":"Madness","floor":0.0},{"not_picked":["Sweeping Beam","Stack"],"picked":"Cold Snap","floor":1.0},{"not_picked":["Hologram","Chaos"],"picked":"Compile Driver","floor":2.0},{"not_picked":["Streamline","Hologram"],"picked":"Compile Driver","floor":3.0},{"not_picked":["Recycle","Streamline"],"picked":"Defragment","floor":4.0},{"not_picked":["Double Energy","Skim"],"picked":"Static Discharge","floor":5.0},{"not_picked":["Streamline","Blizzard"],"picked":"Heatsinks","floor":7.0},{"not_picked":["Go for the Eyes","Redo"],"picked":"Coolheaded","floor":10.0},{"not_picked":["Buffer","Beam Cell"],"picked":"Undo","floor":12},{"not_picked":["Leap","Go for the Eyes"],"picked":"Hello World","floor":13},{"not_picked":["Hologram","Sweeping Beam"],"picked":"White Noise","floor":14},{"not_picked":["Hyperbeam","Machine Learning"],"picked":"Electrodynamics","floor":16},{"not_picked":["Sweeping Beam+1","Gash","Storm"],"picked":"SKIP","floor":18},{"not_picked":["Double Energy","Gash"],"picked":"Capacitor","floor":19},{"not_picked":["Sunder","Go for the Eyes","Redo"],"picked":"SKIP","floor":24}],"player_experience":1048460,"relics_obtained":[{"floor":7.0,"key":"Kunai"},{"floor":9.0,"key":"Pen Nib"},{"floor":10.0,"key":"PreservedInsect"},{"floor":12,"key":"War Paint"}],"event_choices":[{"damage_healed":0,"gold_gain":0,"player_choice":"Shed Blood","damage_taken":19,"max_hp_gain":5,"max_hp_loss":0,"event_name":"Forgotten Altar","floor":20,"gold_loss":0},{"damage_healed":0,"gold_gain":99,"player_choice":"Stole From Cult","damage_taken":0,"max_hp_gain":0,"max_hp_loss":0,"event_name":"Nest","floor":22,"gold_loss":0}],"is_beta":false,"boss_relics":[{"not_picked":["Fusion Hammer","Ectoplasm"],"picked":"Nuclear Battery"}],"items_purged_floors":[21],"is_endless":false,"potions_floor_spawned":[2,5,7,12,13,16,18,19],"killed_by":"Slavers","ascension_level":10}}