{"host":"94aus4jnk6thj94q","time":1614452520,"event":{"mods":["BaseMod","Minty Spire (QoL Compilation)","Quick Restart","StSLib"],"gold_per_floor":[16,33,33,33,47,47,72,72,72,108,108,152,173,197,197,323,323],"floor_reached":16,"language":"ENG","playtime":10933,"items_purged":[],"score":162,"play_id":"aad42ba5-b5c5-4ab5-9419-f6bc92651e52","local_time":"20210227210200","is_ascension_mode":false,"campfire_choices":[{"floor":6,"key":"REST"},{"data":"Juggernaut","floor":8,"key":"SMITH"},{"floor":11,"key":"REST"},{"floor":15,"key":"REST"}],"circlet_count":0,"master_deck":["Strike_R","Strike_R","Strike_R","Strike_R","Defend_R","Defend_R","Defend_R","Defend_R","Bash","Juggernaut+1","Iron Wave","Cleave","Inflame","Perfected Strike","Armaments","Armaments","Armaments"],"relics":["Burning Blood","Golden Idol","Gremlin Horn","Red Skull"],"acts_visited":["Exordium"],"potions_floor_usage":[10,12,14],"damage_taken":[{"damage":7,"enemies":"Small Slimes","floor":1,"turns":4},{"damage":1,"enemies":"Cultist","floor":2,"turns":4},{"damage":7,"enemies":"2 Louse","floor":5,"turns":2},{"damage":5,"enemies":"Looter","floor":7,"turns":4},{"damage":22,"enemies":"Gremlin Nob","floor":10,"turns":4},{"damage":26,"enemies":"Lagavulin","floor":12,"turns":5},{"damage":0,"enemies":"Lots of Slimes","floor":13,"turns":2},{"damage":11,"enemies":"2 Fungi Beasts","floor":14,"turns":3},{"damage":64,"enemies":"Hexaghost","floor":16,"turns":12}],"seed_played":"6699615089803060449","potions_obtained":[{"floor":1,"key":"Fire Potion"},{"floor":2,"key":"Fire Potion"},{"floor":12,"key":"Energy Potion"},{"floor":14,"key":"SteroidPotion"}],"is_trial":false,"path_per_floor":["M","M","?","?","M","R","M","R","T","E","R","E","M","M","R","B"],"character_chosen":"IRONCLAD","items_purchased":[],"campfire_rested":3,"item_purchase_floors":[],"current_hp_per_floor":[79,80,60,60,59,80,80,80,80,64,80,60,66,61,80,22,22],"gold":323,"neow_bonus":"THREE_RARE_CARDS","is_daily":false,"chose_seed":false,"campfire_upgraded":1,"win_rate":0.0,"timestamp":1614452520,"path_taken":["M","M","?","?","M","R","M","R","T","E","R","E","?","M","R","BOSS"],"items_purchased_type":[],"build_version":"2020-12-22","purchased_purges":0,"victory":false,"max_hp_per_floor":[80,80,80,80,80,80,80,80,80,80,80,80,80,80,80,80,80],"card_choices":[{"not_picked":["Impervious","Demon Form"],"picked":"Juggernaut","floor":0},{"not_picked":["Flex","Sever Soul"],"picked":"Iron Wave","floor":1},{"not_picked":["Sword Boomerang","Power Through"],"picked":"Cleave","floor":2},{"not_picked":["Clash","Carnage","Uppercut"],"picked":"SKIP","floor":5},{"not_picked":["Twin Strike","Intimidate"],"picked":"Inflame","floor":7},{"not_picked":["Carnage","Fiend Fire"],"picked":"Perfected Strike","floor":10},{"not_picked":["Perfected Strike","Searing Blow"],"picked":"Armaments","floor":12},{"not_picked":["Evolve","Sentinel"],"picked":"Armaments","floor":13},{"not_picked":["Power Through","Entrench"],"picked":"Armaments","floor":14}],"player_experience":4494624,"relics_obtained":[{"floor":10,"key":"Gremlin Horn"},{"floor":12,"key":"Red Skull"}],"event_choices":[{"damage_healed":0,"gold_gain":0,"player_choice":"Take Damage","damage_taken":20,"relics_obtained":["Golden Idol"],"max_hp_gain":0,"max_hp_loss":0,"event_name":"Golden Idol","floor":3,"gold_loss":0},{"cards_removed":["Strike_R"],"damage_healed":0,"gold_gain":0,"player_choice":"Purged","damage_taken":0,"max_hp_gain":0,"max_hp_loss":0,"event_name":"Purifier","floor":4,"gold_loss":0}],"is_beta":false,"boss_relics":[],"items_purged_floors":[],"is_endless":false,"potions_floor_spawned":[1,2,12,14],"killed_by":"Hexaghost","ascension_level":0}}