{"host":"i29s15dsg0c43zmx","time":1614426167,"event":{"mods":["AchievementEnabler","BaseMod","Colored Map","Colored Powertips","Highlight Path","Minty Spire (QoL Compilation)","StSLib"],"gold_per_floor":[119,69,88,88,106,138,138,170,170,23,23,23,23,37,37,141,141,158,8,28,28,41,70,70,100,100,120,152,162,162,162,162,263,263,281,331,331,162,181,181,206,235,260,260,276,311,311,329,329,329],"floor_reached":51,"language":"ENG","playtime":2222,"items_purged":["Strike_R","Defend_R"],"score":896,"play_id":"988fb8e5-2fed-45ff-8f74-f56409101914","local_time":"20210227124247","is_ascension_mode":true,"campfire_choices":[{"data":"Juggernaut","floor":7,"key":"SMITH"},{"data":"Flame Barrier","floor":13,"key":"SMITH"},{"data":"Metallicize","floor":15,"key":"SMITH"},{"data":"Barricade","floor":24,"key":"SMITH"},{"floor":32,"key":"REST"},{"floor":40,"key":"RECALL"},{"data":"Metallicize","floor":44,"key":"SMITH"},{"data":"Fire Breathing","floor":47,"key":"SMITH"},{"data":"Iron Wave","floor":49,"key":"SMITH"}],"circlet_count":0,"master_deck":["Defend_R","Defend_R","Cleave+1","Armaments","Twin Strike","Juggernaut+1","Fire Breathing+1","Flame Barrier+1","Inflame","Metallicize+1","Barricade+1","Armaments+1","Thunderclap+1","Shrug It Off+1","Body Slam+1","Juggernaut+1","Shrug It Off+1","Combust+1","Intimidate+1","Body Slam+1","Shockwave","Iron Wave+1","Anger","Dropkick","Metallicize+1","Evolve+1"],"relics":["Burning Blood","Toy Ornithopter","Ornamental Fan","Ice Cream","Mummified Hand","Prayer Wheel","Matryoshka","Astrolabe","DollysMirror","Bottled Tornado","Red Mask","Tiny Chest","Lizard Tail","Whetstone","Busted Crown","WingedGreaves","Bottled Flame","StrikeDummy","Blood Vial","Bronze Scales","Blue Candle"],"acts_visited":["Exordium","TheCity","TheBeyond"],"potions_floor_usage":[23,25,29,29,29,29],"damage_taken":[{"damage":0,"enemies":"Small Slimes","floor":1,"turns":3},{"damage":5,"enemies":"2 Louse","floor":3,"turns":2},{"damage":6,"enemies":"Jaw Worm","floor":5,"turns":3},{"damage":30,"enemies":"3 Sentries","floor":6,"turns":10},{"damage":23,"enemies":"Lagavulin","floor":8,"turns":7},{"damage":2,"enemies":"2 Fungi Beasts","floor":14,"turns":4},{"damage":9,"enemies":"Hexaghost","floor":16,"turns":9},{"damage":19,"enemies":"Chosen","floor":18,"turns":7},{"damage":22,"enemies":"3 Byrds","floor":20,"turns":4},{"damage":2,"enemies":"Cultist and Chosen","floor":22,"turns":4},{"damage":22,"enemies":"Gremlin Leader","floor":23,"turns":6},{"damage":24,"enemies":"Masked Bandits","floor":25,"turns":4},{"damage":0,"enemies":"Snecko","floor":27,"turns":4},{"damage":20,"enemies":"Slavers","floor":28,"turns":5},{"damage":14,"enemies":"Shelled Parasite and Fungi","floor":29,"turns":6},{"damage":6,"enemies":"Champ","floor":33,"turns":8},{"damage":10,"enemies":"3 Shapes","floor":35,"turns":3},{"damage":1,"enemies":"Mind Bloom Boss Battle","floor":36,"turns":4},{"damage":0,"enemies":"Orb Walker","floor":39,"turns":3},{"damage":14,"enemies":"Nemesis","floor":41,"turns":5},{"damage":3,"enemies":"Giant Head","floor":42,"turns":6},{"damage":9,"enemies":"Writhing Mass","floor":45,"turns":5},{"damage":3,"enemies":"Nemesis","floor":46,"turns":7},{"damage":20,"enemies":"Jaw Worm Horde","floor":48,"turns":3},{"damage":26,"enemies":"Time Eater","floor":50,"turns":9}],"seed_played":"-5173486104020165651","potions_obtained":[{"floor":3,"key":"BlessingOfTheForge"},{"floor":5,"key":"GamblersBrew"},{"floor":14,"key":"Dexterity Potion"},{"floor":25,"key":"Dexterity Potion"},{"floor":28,"key":"SpeedPotion"},{"floor":29,"key":"BloodPotion"},{"floor":39,"key":"BlessingOfTheForge"},{"floor":45,"key":"Weak Potion"},{"floor":48,"key":"SteroidPotion"}],"is_trial":false,"path_per_floor":["M","?","M","?","M","E","R","E","T","$","T","?","R","M","R","B",null,"M","$","M","$","M","E","R","?","T","M","E","M","?","?","R","B",null,"M","?","T","$","M","R","E","E","T","R","M","E","R","M","R","B",null],"character_chosen":"IRONCLAD","items_purchased":["Flame Barrier","DollysMirror","Metallicize"],"campfire_rested":1,"item_purchase_floors":[10,19,38],"current_hp_per_floor":[80,80,80,77,77,53,53,36,36,36,36,36,36,40,40,37,80,67,67,51,51,55,44,44,31,31,37,23,51,51,51,75,75,80,76,80,80,80,80,80,72,75,75,75,74,79,79,66,66,48],"gold":329,"neow_bonus":"RANDOM_COMMON_RELIC","is_daily":false,"chose_seed":false,"campfire_upgraded":7,"win_rate":0.0,"timestamp":1614426167,"path_taken":["M","?","M","?","M","E","R","E","T","$","?","?","R","M","R","BOSS","M","$","?","$","M","E","R","?","T","M","E","M","?","?","R","BOSS","M","?","?","$","?","R","E","E","T","R","M","E","R","M","R","BOSS"],"items_purchased_type":["Card","Relic","Card"],"build_version":"2020-12-22","purchased_purges":2,"victory":true,"max_hp_per_floor":[80,80,80,80,80,80,80,80,80,80,80,80,80,80,80,80,80,80,80,80,80,80,80,80,80,80,80,80,80,80,80,80,80,80,80,80,80,80,80,80,80,80,80,80,80,80,80,80,80,80],"card_choices":[{"not_picked":["True Grit","Entrench"],"picked":"Cleave","floor":1},{"not_picked":["Havoc","Dark Embrace"],"picked":"Armaments","floor":3},{"not_picked":["Dual Wield","Warcry"],"picked":"Twin Strike","floor":5},{"not_picked":["Wild Strike","Twin Strike"],"picked":"Juggernaut","floor":6},{"not_picked":["Rampage","Warcry"],"picked":"Fire Breathing","floor":8},{"not_picked":["Body Slam","Twin Strike"],"picked":"Inflame","floor":14},{"not_picked":["Anger","Sentinel"],"picked":"Metallicize","floor":14},{"not_picked":["Exhume","Limit Break"],"picked":"Barricade","floor":16},{"not_picked":["Twin Strike","Intimidate"],"picked":"Body Slam","floor":18},{"not_picked":["Thunderclap","True Grit","Havoc"],"picked":"SKIP","floor":18},{"not_picked":["Whirlwind","Headbutt+1"],"picked":"Shrug It Off+1","floor":20},{"not_picked":["Sword Boomerang","Clothesline","Shrug It Off"],"picked":"SKIP","floor":20},{"not_picked":["Immolate","Thunderclap"],"picked":"Combust+1","floor":22},{"not_picked":["Anger+1","Wild Strike"],"picked":"Disarm","floor":22},{"not_picked":["Power Through","Headbutt+1"],"picked":"Intimidate+1","floor":23},{"not_picked":["Intimidate+1","Combust"],"picked":"Body Slam+1","floor":27},{"not_picked":["Flex+1","Shrug It Off","Warcry+1"],"picked":"SKIP","floor":27},{"not_picked":["True Grit","Shrug It Off","Pummel"],"picked":"SKIP","floor":28},{"not_picked":["Inflame","Dropkick"],"picked":"Shockwave","floor":29},{"not_picked":["Demon Form","Burning Pact"],"picked":"Iron Wave","floor":29},{"not_picked":["Flex+1"],"picked":"SKIP","floor":35},{"not_picked":["Sword Boomerang"],"picked":"SKIP","floor":35},{"not_picked":["Clothesline+1"],"picked":"SKIP","floor":39},{"not_picked":["Pommel Strike+1"],"picked":"SKIP","floor":39},{"not_picked":["Iron Wave+1"],"picked":"SKIP","floor":41},{"not_picked":["Brutality"],"picked":"SKIP","floor":42},{"not_picked":["Pommel Strike+1"],"picked":"SKIP","floor":45},{"not_picked":["Perfected Strike"],"picked":"SKIP","floor":45},{"not_picked":["Wild Strike"],"picked":"SKIP","floor":46},{"not_picked":[],"picked":"Evolve+1","floor":48},{"not_picked":["Feel No Pain"],"picked":"SKIP","floor":48}],"player_experience":149493,"relics_obtained":[{"floor":6,"key":"Ice Cream"},{"floor":8,"key":"Mummified Hand"},{"floor":9,"key":"Prayer Wheel"},{"floor":11,"key":"Matryoshka"},{"floor":23,"key":"Bottled Tornado"},{"floor":25,"key":"Red Mask"},{"floor":26,"key":"Tiny Chest"},{"floor":26,"key":"Lizard Tail"},{"floor":28,"key":"Whetstone"},{"floor":36,"key":"WingedGreaves"},{"floor":37,"key":"Bottled Flame"},{"floor":41,"key":"StrikeDummy"},{"floor":42,"key":"Blood Vial"},{"floor":43,"key":"Bronze Scales"},{"floor":46,"key":"Blue Candle"}],"event_choices":[{"cards_removed":["Strike_R"],"damage_healed":0,"gold_gain":0,"player_choice":"Card Removal","damage_taken":0,"max_hp_gain":0,"max_hp_loss":0,"event_name":"The Cleric","floor":2,"gold_loss":50},{"damage_healed":0,"gold_gain":0,"player_choice":"Success","damage_taken":3,"relics_obtained":["Ornamental Fan"],"max_hp_gain":0,"max_hp_loss":0,"event_name":"Scrap Ooze","floor":4,"gold_loss":0},{"cards_removed":["Strike_R"],"damage_healed":0,"gold_gain":0,"player_choice":"Purged","damage_taken":0,"max_hp_gain":0,"max_hp_loss":0,"event_name":"Purifier","floor":12,"gold_loss":0},{"damage_healed":0,"gold_gain":0,"player_choice":"Fought Bandits","damage_taken":0,"max_hp_gain":0,"max_hp_loss":0,"event_name":"Masked Bandits","floor":25,"gold_loss":0},{"damage_healed":0,"gold_gain":0,"cards_transformed":["Disarm","Defend_R"],"player_choice":"Became Test Subject","damage_taken":0,"max_hp_gain":0,"max_hp_loss":0,"event_name":"Drug Dealer","floor":30,"gold_loss":0,"cards_obtained":["Anger","Dropkick"]},{"damage_healed":0,"gold_gain":0,"player_choice":"Ignored","damage_taken":0,"max_hp_gain":0,"max_hp_loss":0,"event_name":"Cursed Tome","floor":31,"gold_loss":0},{"damage_healed":0,"gold_gain":0,"player_choice":"Fight","damage_taken":0,"max_hp_gain":0,"max_hp_loss":0,"event_name":"MindBloom","floor":36,"gold_loss":0}],"is_beta":false,"boss_relics":[{"not_picked":["Runic Dome","Velvet Choker"],"picked":"Astrolabe"},{"not_picked":["SlaversCollar","Mark of Pain"],"picked":"Busted Crown"}],"items_purged_floors":[10,38],"is_endless":false,"potions_floor_spawned":[3,5,14,16,20,22,23,25,28,29,39,45,48],"ascension_level":1}}