{"host":"y2yfw1uz4pozeykh","time":1614393320,"event":{"mods":["AchievementEnabler","Aspiration","BaseMod","Colored Map","Colored Powertips","DeckTracker","Highlight Path","Hubris","Infinite Spire","Minty Spire (QoL Compilation)","Quick Restart","Random Character Button","Replay The Spire","StSLib","SuperFastMode","Synergy Search","The Cursed","The Disciple","The Jungle","The Runesmith"],"gold_per_floor":[118,118,128,147,11,37,37,65,92,121,66,92,92,112,112,215,215,228,228,240,114,114,114,148,148,194,194,204,237,271,323,323,430,430,470,470,525,593,658,658,713,713,713,769,811,848,848,897,897,915],"floor_reached":51,"language":"ENG","playtime":4546,"items_purged":["Injury"],"score":1001,"play_id":"0fa705a0-ba59-46a5-8fda-e24f2a5648e1","local_time":"20210226203520","daily_mods":["SealedDeck","DeadlyEvents","Elite Swarm"],"is_ascension_mode":false,"campfire_choices":[{"data":"After Image","floor":7,"key":"SMITH"},{"floor":13,"key":"REST"},{"floor":15,"key":"REST"},{"data":"ReplayTheSpireMod:Scrap Shanks","floor":23,"key":"SMITH"},{"data":"Accuracy","floor":25,"key":"SMITH"},{"data":"Noxious Fumes","floor":27,"key":"SMITH"},{"data":"Acrobatics","floor":32,"key":"SMITH"},{"data":"Pot Of Greed","floor":40,"key":"SMITH"},{"data":"Pot Of Greed","floor":42,"key":"SMITH"},{"floor":47,"key":"REST"},{"data":"Pot Of Greed","floor":49,"key":"SMITH"}],"circlet_count":0,"master_deck":["Slice","Underhanded Strike","Sucker Punch","Dagger Spray","All Out Attack","Acrobatics+1","ReplayTheSpireMod:Scrap Shanks+1","Hidden Blade","Slice","Cloak And Dagger+1","Noxious Fumes+1","Choke+1","Slice+1","After Image+1","Die Die Die+1","Poison Darts+1","Adrenaline+1","Footwork+1","Envenom+1","Hidden Blade","Storm of Steel+1","Accuracy+1","Backflip","Cloak And Dagger+1","Pot Of Greed+1","Pot Of Greed+1","Pot Of Greed+1","Replay:Poison Smokescreen","Phantasmal Killer+1","aspiration:Lunge+1","aspiration:Lunge+1","Burst+1"],"relics":["Ring of the Snake","Molten Egg 2","Golden Egg","Darkstone Periapt","Replay:Wax Seal","Nunchaku","Bag of Marbles","Painkiller Herb","PrismaticShard","hubris:Towel","Gremlin Horn","Grinning Jar","Replay:Bandana","Art of War","hubris:VirtuousBlindfold","Iron Hammer","MealTicket","Regal Pillow","Basket Of Snakes","Frozen Egg 2"],"acts_visited":["Exordium","TheCity","TheBeyond"],"potions_floor_usage":[16,24,38,50],"damage_taken":[{"damage":5,"enemies":"Jaw Worm","floor":1,"turns":2},{"damage":6,"enemies":"2 Louse","floor":3,"turns":2},{"damage":0,"enemies":"Small Slimes","floor":4,"turns":2},{"damage":15,"enemies":"3 Sentries","floor":6,"turns":4},{"damage":13,"enemies":"Lagavulin","floor":8,"turns":5},{"damage":8,"enemies":"3 Sentries","floor":10,"turns":3},{"damage":6,"enemies":"Lagavulin","floor":12,"turns":4},{"damage":0,"enemies":"Exordium Wildlife","floor":14,"turns":1},{"damage":20,"enemies":"Hexaghost","floor":16,"turns":5},{"damage":0,"enemies":"3 Byrds","floor":18,"turns":2},{"damage":2,"enemies":"Chosen","floor":20,"turns":4},{"damage":9,"enemies":"Replay:Snechameleon","floor":24,"turns":2},{"damage":0,"enemies":"Centurion and Healer","floor":28,"turns":3},{"damage":0,"enemies":"Slavers","floor":29,"turns":3},{"damage":8,"enemies":"Snake Plant","floor":30,"turns":3},{"damage":22,"enemies":"Gremlin Leader","floor":31,"turns":3},{"damage":0,"enemies":"Automaton","floor":33,"turns":6},{"damage":18,"enemies":"3 Shapes","floor":35,"turns":3},{"damage":8,"enemies":"3 Darklings","floor":37,"turns":3},{"damage":2,"enemies":"Reptomancer","floor":38,"turns":3},{"damage":1,"enemies":"Maw","floor":39,"turns":3},{"damage":0,"enemies":"Nemesis","floor":41,"turns":1},{"damage":0,"enemies":"Reptomancer","floor":44,"turns":2},{"damage":6,"enemies":"4 Shapes","floor":45,"turns":2},{"damage":21,"enemies":"Spire Growth","floor":46,"turns":3},{"damage":0,"enemies":"R_Hoarder","floor":48,"turns":4},{"damage":3,"enemies":"hubris:GrandSnecko","floor":50,"turns":7}],"seed_played":"6095873899780566056","potions_obtained":[{"floor":4,"key":"Ancient Potion"},{"floor":6,"key":"GamblersBrew"},{"floor":10,"key":"LiquidMemories"},{"floor":14,"key":"SteroidPotion"},{"floor":18,"key":"SneckoOil"},{"floor":31,"key":"Dexterity Potion"},{"floor":33,"key":"Weak Potion"},{"floor":39,"key":"Venom Potion"},{"floor":45,"key":"CunningPotion"}],"is_trial":true,"path_per_floor":["M","?","M","M","$","E","R","E","T","E","$","E","R","M","R","B",null,"?","?","?","T","?","T","E","T","T","T","?","E","?","E","T","B",null,"?","?","?","E","?","T","E","T","T","E","?","?","T","E","T","B",null],"character_chosen":"THE_SILENT","items_purchased":["After Image","Footwork+1","Cloak And Dagger"],"campfire_rested":3,"item_purchase_floors":[5,11,21],"current_hp_per_floor":[65,65,59,59,59,44,44,31,31,23,23,17,38,38,59,39,70,70,62,60,60,60,60,51,51,51,51,51,51,43,21,21,21,70,52,58,56,60,65,70,70,70,70,70,64,49,70,70,70,67],"gold":915,"neow_bonus":"","is_daily":false,"chose_seed":false,"campfire_upgraded":8,"win_rate":0.0,"timestamp":1614393320,"path_taken":["M","?","M","M","$","E","R","E","T","E","?","E","R","M","R","BOSS","?","?","?","T","?","T","E","T","T","T","?","E","?","?","T","BOSS","?","?","?","?","?","T","E","T","T","E","?","?","T","E","T","BOSS"],"items_purchased_type":["Card","Card","Card"],"build_version":"2020-12-22","purchased_purges":1,"victory":true,"max_hp_per_floor":[70,70,70,70,70,70,70,70,70,70,70,70,70,70,70,70,70,70,70,70,70,70,70,70,70,70,70,70,70,70,70,70,70,70,70,70,70,70,70,70,70,70,70,70,70,70,70,70,70,70],"card_choices":[{"not_picked":["Expertise","Dagger Spray"],"picked":"Noxious Fumes","floor":1},{"not_picked":["Distraction","Flechettes+1"],"picked":"Choke+1","floor":3},{"not_picked":["Bane+1","Backflip"],"picked":"Slice+1","floor":4},{"not_picked":["Glass Knife+1","ReplayTheSpireMod:From All Sides+1"],"picked":"Die Die Die+1","floor":6},{"not_picked":["Glass Knife+1","Bullet Time"],"picked":"Poison Darts","floor":8},{"not_picked":["Atom Bomb+1","Replay:Bag of Tricks"],"picked":"Adrenaline","floor":10},{"not_picked":["Glass Knife+1","Replay:Bag of Tricks"],"picked":"Envenom","floor":12},{"not_picked":["Flying Knee+1","Toxin Wave"],"picked":"Hidden Blade","floor":14},{"not_picked":["Wraith Form v2","ReplayTheSpireMod:Necrosis"],"picked":"Storm of Steel","floor":16},{"not_picked":["Acrobatics+1","Deflect"],"picked":"Accuracy","floor":18},{"not_picked":["Dagger Spray+1","ReplayTheSpireMod:Exploit Weakness"],"picked":"Backflip","floor":19},{"not_picked":["EmptyBody","Fusion","TheCursedMod:Stigma+1"],"picked":"SKIP","floor":20},{"not_picked":["Chronoelasticity","Magnetism","TheCursedMod:VoidForm"],"picked":"SKIP","floor":24},{"not_picked":["TheCursedMod:StingEye+1","Runesmith:RunicBlueprint"],"picked":"Replay:Poison Smokescreen","floor":28},{"not_picked":["Runesmith:ReplicatingBarrier","Alpha","TheCursedMod:DemonSword+1"],"picked":"SKIP","floor":29},{"not_picked":["Shrug It Off","Halt+1"],"picked":"Phantasmal Killer","floor":30},{"not_picked":["TheCursedMod:ParallelWorld","TheCursedMod:UltimatePain","MasterKey"],"picked":"SKIP","floor":31},{"not_picked":["Heavy Blade+1","Runesmith:CraftMagma+1","TheCursedMod:TroublousMinions+1"],"picked":"SKIP","floor":35},{"not_picked":["Sweeping Beam+1","EmptyFist+1","TheCursedMod:RapidMovement+1"],"picked":"SKIP","floor":37},{"not_picked":["Runesmith:LightningRod","Juggernaut"],"picked":"aspiration:Lunge+1","floor":38},{"not_picked":["Melter+1","CrushJoints+1","Runesmith:HeatExchange+1"],"picked":"SKIP","floor":39},{"not_picked":["LockedLightning","TheCursedMod:ShockAndAwe+1"],"picked":"aspiration:Lunge+1","floor":41},{"not_picked":["Blasphemy","Fragmentalize+1"],"picked":"Burst","floor":44},{"not_picked":["Runesmith:FrozenChisel+1","Runesmith:Electrocute+1","Runesmith:RuneHurl+1"],"picked":"SKIP","floor":45},{"not_picked":["ReplayTheSpireMod:Strike From Hell+1","TiringSlam+1","Runesmith:EarthShield+1"],"picked":"SKIP","floor":46},{"not_picked":["Poison Darts","Hyperbeam+1","OldTimer+1"],"picked":"SKIP","floor":48},{"not_picked":["Poison Darts","Hyperbeam+1","OldTimer+1"],"picked":"SKIP","floor":48}],"player_experience":136008,"relics_obtained":[{"floor":6,"key":"Golden Egg"},{"floor":8,"key":"Darkstone Periapt"},{"floor":9,"key":"Replay:Wax Seal"},{"floor":10,"key":"Nunchaku"},{"floor":12,"key":"Bag of Marbles"},{"floor":19,"key":"PrismaticShard"},{"floor":24,"key":"Gremlin Horn"},{"floor":26,"key":"Grinning Jar"},{"floor":29,"key":"Replay:Bandana"},{"floor":31,"key":"Art of War"},{"floor":38,"key":"Iron Hammer"},{"floor":41,"key":"MealTicket"},{"floor":43,"key":"Regal Pillow"},{"floor":44,"key":"Basket Of Snakes"},{"floor":48,"key":"Frozen Egg 2"}],"event_choices":[],"is_beta":false,"boss_relics":[{"not_picked":["Fusion Hammer","hubris:ScarierMask"],"picked":"Painkiller Herb"},{"not_picked":["Ring of Chaos","Cursed Key"],"picked":"hubris:VirtuousBlindfold"}],"items_purged_floors":[21],"is_endless":false,"potions_floor_spawned":[4,6,10,14,18,31,33,37,39,41,45,46,48],"ascension_level":0}}