{"host":"kpyoctgc7jne3jiy","time":1614460207,"event":{"mods":["AchievementEnabler","BaseMod","Minty Spire (QoL Compilation)","Relic Stats"],"gold_per_floor":[117,128,143,68,79,107,107,182,206,236,236,251,251,278,278,376,376,390,83,103,103,103,129,129,34,34,44,54,54,81,108,108,203,203,222,272,318,329,71,100,100,0,0,35,35,35,35,61,61,61,61,61,3,33,33],"floor_reached":56,"language":"ENG","playtime":3187,"items_purged":["Hemokinesis","Fiend Fire"],"score":1738,"play_id":"3ef8240d-4cb9-46b9-86bc-06f6bf2df9fc","local_time":"20210227221007","is_ascension_mode":true,"campfire_choices":[{"data":"Barricade","floor":7.0,"key":"SMITH"},{"data":"Body Slam","floor":11.0,"key":"SMITH"},{"data":"Reaper","floor":15.0,"key":"SMITH"},{"floor":24.0,"key":"REST"},{"floor":32.0,"key":"REST"},{"floor":41.0,"key":"RECALL"},{"data":"1","floor":45,"key":"LIFT"},{"data":"2","floor":49,"key":"LIFT"},{"data":"Impervious","floor":52,"key":"SMITH"}],"circlet_count":0,"master_deck":["Bash","Intimidate","Barricade+1","Impervious+1","Pummel","Flame Barrier","Searing Blow","Ghostly Armor+1","Body Slam+1","Metallicize","Uppercut","Seeing Red+1","Entrench+1","Berserk","CurseOfTheBell","Reaper","Body Slam","Armaments+1","Spot Weakness+1","Battle Trance+1","Metallicize"],"relics":["Pandora\u0027s Box","Ancient Tea Set","Toy Ornithopter","Nunchaku","Darkstone Periapt","Calling Bell","Orichalcum","Singing Bowl","Thread and Needle","ClockworkSouvenir","Peace Pipe","Self Forming Clay","Charon\u0027s Ashes","Akabeko","Snecko Eye","Incense Burner","Girya","Pear","Paper Frog","Red Mask","Smiling Mask","The Courier","Strawberry","War Paint"],"acts_visited":["Exordium","TheCity","TheBeyond","TheEnding"],"potions_floor_usage":[50,50,55,55],"damage_taken":[{"damage":0.0,"enemies":"2 Louse","floor":1.0,"turns":4.0},{"damage":0.0,"enemies":"Jaw Worm","floor":2.0,"turns":2.0},{"damage":0.0,"enemies":"Small Slimes","floor":3.0,"turns":3.0},{"damage":11.0,"enemies":"Exordium Thugs","floor":5.0,"turns":6.0},{"damage":0.0,"enemies":"Lagavulin","floor":6.0,"turns":7.0},{"damage":8.0,"enemies":"Gremlin Nob","floor":10.0,"turns":3.0},{"damage":8.0,"enemies":"Lots of Slimes","floor":12.0,"turns":6.0},{"damage":10.0,"enemies":"3 Sentries","floor":14.0,"turns":8.0},{"damage":3.0,"enemies":"Hexaghost","floor":16.0,"turns":9.0},{"damage":5.0,"enemies":"Spheric Guardian","floor":18.0,"turns":7.0},{"damage":10.0,"enemies":"3 Byrds","floor":20.0,"turns":5.0},{"damage":83.0,"enemies":"Gremlin Leader","floor":23.0,"turns":7.0},{"damage":5.0,"enemies":"Cultist and Chosen","floor":27.0,"turns":9.0},{"damage":0.0,"enemies":"Snake Plant","floor":28.0,"turns":4.0},{"damage":26.0,"enemies":"Book of Stabbing","floor":30.0,"turns":6.0},{"damage":24.0,"enemies":"Collector","floor":33.0,"turns":9.0},{"damage":4.0,"enemies":"3 Shapes","floor":35.0,"turns":5.0},{"damage":0.0,"enemies":"Mind Bloom Boss Battle","floor":36.0,"turns":4.0},{"damage":42.0,"enemies":"2 Orb Walkers","floor":37.0,"turns":5.0},{"damage":0.0,"enemies":"3 Darklings","floor":38.0,"turns":4.0},{"damage":0.0,"enemies":"Nemesis","floor":40.0,"turns":6.0},{"damage":0,"enemies":"Giant Head","floor":44,"turns":7},{"damage":0,"enemies":"Nemesis","floor":48,"turns":9},{"damage":11,"enemies":"Awakened One","floor":50,"turns":9},{"damage":48,"enemies":"Shield and Spear","floor":54,"turns":6},{"damage":56,"enemies":"The Heart","floor":55,"turns":13}],"seed_played":"8129817905837863970","potions_obtained":[{"floor":3.0,"key":"Block Potion"},{"floor":5.0,"key":"FearPotion"},{"floor":10.0,"key":"Dexterity Potion"},{"floor":12.0,"key":"EntropicBrew"},{"floor":20.0,"key":"EssenceOfSteel"},{"floor":21.0,"key":"EssenceOfSteel"},{"floor":28.0,"key":"DistilledChaos"},{"floor":30.0,"key":"LiquidMemories"},{"floor":33.0,"key":"Dexterity Potion"},{"floor":37.0,"key":"SteroidPotion"},{"floor":40.0,"key":"Block Potion"}],"is_trial":false,"path_per_floor":["M","M","M","$","M","E","R","?","T","E","R","M","?","E","R","B",null,"M","$","M","?","$","E","R","$","T","M","M","$","E","T","R","B",null,"M","?","?","M","$","E","R","?","T","E","R","?","T","E","R","B",null,"R","$","E","B",null],"character_chosen":"IRONCLAD","items_purchased":["ClockworkSouvenir","Body Slam","CultistPotion","Pear","Ancient Potion"],"campfire_rested":2,"item_purchase_floors":[19,19,25,39,53],"current_hp_per_floor":[72,72,72,72,61,61,61,50,50,47,47,47,47,49,49,51,79,79,79,85,85,85,28,55,55,55,61,67,67,59,59,87,80,94,98,98,90,102,112,112,112,112,112,114,114,114,114,121,121,115,120,120,120,98,62],"gold":33,"neow_bonus":"BOSS_RELIC","is_daily":false,"chose_seed":false,"campfire_upgraded":4,"win_rate":0.0,"timestamp":1614460207,"path_taken":["M","M","M","$","M","E","R","?","T","E","R","M","?","E","R","BOSS","M","$","M","?","?","E","R","$","T","?","M","?","E","?","R","BOSS","M","?","?","M","$","E","R","?","T","E","R","?","?","E","R","BOSS","R","$","E","BOSS"],"items_purchased_type":["Relic","Card","Potion","Relic","Potion"],"build_version":"2020-12-22","purchased_purges":2,"victory":true,"max_hp_per_floor":[80,80,80,80,80,80,80,80,80,80,80,80,80,80,80,80,86,86,86,88,88,88,90,90,90,90,92,94,94,96,96,96,98,98,98,98,100,102,112,112,112,112,112,114,114,114,114,121,121,121,121,121,121,123,123],"relic_stats":{"Darkstone Periapt":6,"Singing Bowl":20,"counters":[26,163],"Self Forming Clay":[126],"Charon\u0027s Ashes":[282],"Orichalcum":[114],"War Paint":["Seeing Red","Ghostly Armor"],"Smiling Mask":0,"Peace Pipe":0,"Nunchaku":[17],"Snecko Eye":[112,105,111,122],"Pandora\u0027s Box":["Intimidate","Barricade","Impervious","Hemokinesis","Pummel","Flame Barrier","Searing Blow","Ghostly Armor","Fiend Fire"],"obtain_stats":[{"Darkstone Periapt":14,"Singing Bowl":17,"Incense Burner":36,"Ancient Tea Set":6,"Smiling Mask":44,"Burning Blood":0,"ClockworkSouvenir":19,"Nunchaku":10,"Strawberry":48,"Red Mask":42,"Paper Frog":40,"Girya":37,"Pear":39,"Self Forming Clay":26,"Thread and Needle":17,"Charon\u0027s Ashes":30,"The Courier":47,"Orichalcum":17,"War Paint":54,"Akabeko":31,"Calling Bell":17,"Peace Pipe":23,"Snecko Eye":34,"Pandora\u0027s Box":0,"Toy Ornithopter":9},{"Darkstone Periapt":8,"Singing Bowl":9,"Incense Burner":18,"Ancient Tea Set":5,"Smiling Mask":22,"Burning Blood":0,"ClockworkSouvenir":10,"Nunchaku":6,"Strawberry":23,"Red Mask":21,"Paper Frog":21,"Girya":19,"Pear":20,"Self Forming Clay":12,"Thread and Needle":9,"Charon\u0027s Ashes":15,"The Courier":22,"Orichalcum":9,"War Paint":25,"Akabeko":15,"Calling Bell":9,"Peace Pipe":12,"Snecko Eye":16,"Pandora\u0027s Box":0,"Toy Ornithopter":5},{"Darkstone Periapt":39,"Singing Bowl":48,"Incense Burner":104,"Ancient Tea Set":22,"Smiling Mask":126,"Burning Blood":0,"ClockworkSouvenir":55,"Nunchaku":25,"Strawberry":135,"Red Mask":119,"Paper Frog":119,"Girya":109,"Pear":113,"Self Forming Clay":67,"Thread and Needle":48,"Charon\u0027s Ashes":86,"The Courier":126,"Orichalcum":48,"War Paint":150,"Akabeko":86,"Calling Bell":48,"Peace Pipe":67,"Snecko Eye":95,"Pandora\u0027s Box":0,"Toy Ornithopter":22}],"Toy Ornithopter":38},"card_choices":[{"not_picked":["Warcry","Pummel"],"picked":"Body Slam","floor":1.0},{"not_picked":["Twin Strike","Seeing Red"],"picked":"Metallicize","floor":2.0},{"not_picked":["Clash","Intimidate"],"picked":"Uppercut","floor":3.0},{"not_picked":["Searing Blow","Shockwave"],"picked":"Seeing Red","floor":5.0},{"not_picked":["Carnage","True Grit"],"picked":"Entrench","floor":6.0},{"not_picked":["Body Slam","Whirlwind"],"picked":"Reaper","floor":10.0},{"not_picked":["Uppercut","Armaments","Thunderclap"],"picked":"SKIP","floor":12.0},{"not_picked":["Thunderclap","Second Wind","Clash"],"picked":"SKIP","floor":14.0},{"not_picked":["Barricade","Offering"],"picked":"Berserk","floor":16.0},{"not_picked":["Heavy Blade","Sword Boomerang"],"picked":"Reaper","floor":18.0},{"not_picked":["Clash+1","Pommel Strike","Havoc+1"],"picked":"Singing Bowl","floor":20.0},{"not_picked":["Intimidate","Hemokinesis","Anger"],"picked":"Singing Bowl","floor":23.0},{"not_picked":["Disarm","Fire Breathing","Anger"],"picked":"Singing Bowl","floor":27.0},{"not_picked":["Heavy Blade","Whirlwind","Infernal Blade+1"],"picked":"Singing Bowl","floor":28.0},{"not_picked":["Flame Barrier","Sever Soul+1","Cleave+1"],"picked":"Singing Bowl","floor":30.0},{"not_picked":["Corruption","Barricade","Fiend Fire"],"picked":"Singing Bowl","floor":33.0},{"not_picked":["Clash+1","Clothesline"],"picked":"Armaments+1","floor":35.0},{"not_picked":["Dark Embrace","Whirlwind"],"picked":"Spot Weakness+1","floor":36.0},{"not_picked":["Clash","Uppercut","Iron Wave+1"],"picked":"Singing Bowl","floor":37.0},{"not_picked":["Body Slam","Pommel Strike+1","Flex"],"picked":"Singing Bowl","floor":38.0},{"not_picked":["Blood for Blood","Twin Strike"],"picked":"Battle Trance+1","floor":40.0},{"not_picked":["Fiend Fire","Twin Strike+1","Reckless Charge"],"picked":"Singing Bowl","floor":44},{"not_picked":["Twin Strike","Headbutt+1"],"picked":"Metallicize","floor":48},{"not_picked":["Feed","Headbutt+1","Sever Soul+1"],"picked":"Singing Bowl","floor":54}],"player_experience":365233,"relics_obtained":[{"floor":6.0,"key":"Ancient Tea Set"},{"floor":9.0,"key":"Toy Ornithopter"},{"floor":10.0,"key":"Nunchaku"},{"floor":14.0,"key":"Darkstone Periapt"},{"floor":17.0,"key":"Orichalcum"},{"floor":17.0,"key":"Singing Bowl"},{"floor":17.0,"key":"Thread and Needle"},{"floor":23.0,"key":"Peace Pipe"},{"floor":26.0,"key":"Self Forming Clay"},{"floor":30.0,"key":"Charon\u0027s Ashes"},{"floor":31.0,"key":"Akabeko"},{"floor":36.0,"key":"Incense Burner"},{"floor":37.0,"key":"Girya"},{"floor":40.0,"key":"Paper Frog"},{"floor":44,"key":"Smiling Mask"},{"floor":47,"key":"The Courier"},{"floor":48,"key":"Strawberry"},{"floor":54,"key":"War Paint"}],"event_choices":[{"damage_healed":0.0,"max_hp_gain":0.0,"max_hp_loss":0.0,"gold_gain":75.0,"event_name":"World of Goop","player_choice":"Gather Gold","floor":8.0,"gold_loss":0.0,"damage_taken":11.0},{"damage_healed":0.0,"max_hp_gain":0.0,"max_hp_loss":0.0,"gold_gain":0.0,"event_name":"Living Wall","player_choice":"Grow","floor":13.0,"gold_loss":0.0,"damage_taken":0.0,"cards_upgraded":["Entrench"]},{"damage_healed":0.0,"max_hp_gain":0.0,"max_hp_loss":0.0,"gold_gain":0.0,"event_name":"Lab","player_choice":"Got Potions","floor":21.0,"gold_loss":0.0,"damage_taken":0.0},{"damage_healed":0.0,"max_hp_gain":0.0,"max_hp_loss":0.0,"gold_gain":0.0,"event_name":"MindBloom","player_choice":"Fight","floor":36.0,"gold_loss":0.0,"damage_taken":0.0},{"damage_healed":0.0,"max_hp_gain":0.0,"max_hp_loss":0.0,"gold_gain":0.0,"event_name":"Mysterious Sphere","player_choice":"Fight","floor":37.0,"gold_loss":0.0,"damage_taken":0.0},{"damage_healed":0.0,"max_hp_gain":0.0,"max_hp_loss":0.0,"gold_gain":0.0,"event_name":"Tomb of Lord Red Mask","player_choice":"Paid","floor":42.0,"gold_loss":100.0,"damage_taken":0.0,"relics_obtained":["Red Mask"]},{"cards_removed":["Reaper"],"damage_healed":0,"gold_gain":0,"player_choice":"Removed Attack","damage_taken":0,"max_hp_gain":0,"max_hp_loss":0,"event_name":"Falling","floor":46,"gold_loss":0}],"is_beta":false,"boss_relics":[{"not_picked":["Fusion Hammer","Sozu"],"picked":"Calling Bell"},{"not_picked":["Velvet Choker","SacredBark"],"picked":"Snecko Eye"}],"items_purged_floors":[4,19],"is_endless":false,"potions_floor_spawned":[3,5,10,12,20,28,30,33,37,38,40],"ascension_level":6}}