{"host":"qc268ltokmxwqyrx","time":1614396245,"event":{"mods":["BaseMod","Colored Map","Minty Spire (QoL Compilation)","Relic Stats","Slay the Relics Exporter","StSLib","ojb\u0027s Info Mod"],"gold_per_floor":[110,120,136,136,152,152,177,9,91,91,104,119,148,161,161,239,239,258,24,24,37,87,87,116,116,116,129,143,143,143],"floor_reached":29,"language":"ENG","playtime":1077,"items_purged":["Perfected Strike"],"score":664,"play_id":"530f6cbd-7533-491b-af86-25db2f2a02c5","local_time":"20210226212405","is_ascension_mode":true,"campfire_choices":[{"data":"Searing Blow","floor":6.0,"key":"SMITH"},{"floor":15,"key":"REST"},{"data":"Feel No Pain","floor":23,"key":"SMITH"},{"data":"Inflame","floor":25,"key":"SMITH"}],"circlet_count":0,"master_deck":["AscendersBane","Strike_R","Strike_R","Defend_R","Defend_R","Bash","Anger","Pommel Strike","Searing Blow+1","Flame Barrier","Dropkick","Cleave","Feel No Pain+1","Evolve","Demon Form","Reaper","Warcry+1","Shrug It Off+1","Clash+1","Flex","J.A.X.","Thunderclap","Inflame+1","Burning Pact","Wild Strike"],"relics":["Mark of Pain","Turnip","Medical Kit","Gremlin Horn","MealTicket","Astrolabe","Membership Card","Peace Pipe","Paper Frog"],"acts_visited":["Exordium","TheCity"],"potions_floor_usage":[11,11,13,16,24,29,29],"damage_taken":[{"damage":2.0,"enemies":"Cultist","floor":1.0,"turns":4.0},{"damage":7.0,"enemies":"Jaw Worm","floor":2.0,"turns":2.0},{"damage":3.0,"enemies":"2 Louse","floor":3.0,"turns":2.0},{"damage":1.0,"enemies":"Large Slime","floor":5.0,"turns":4.0},{"damage":30,"enemies":"3 Sentries","floor":7,"turns":8},{"damage":0,"enemies":"Blue Slaver","floor":11,"turns":1},{"damage":0,"enemies":"2 Fungi Beasts","floor":12,"turns":2},{"damage":18,"enemies":"Lagavulin","floor":13,"turns":4},{"damage":0,"enemies":"Large Slime","floor":14,"turns":5},{"damage":0,"enemies":"Slime Boss","floor":16,"turns":5},{"damage":0,"enemies":"Chosen","floor":18,"turns":5},{"damage":15,"enemies":"Spheric Guardian","floor":21,"turns":4},{"damage":6,"enemies":"Gremlin Leader","floor":24,"turns":6},{"damage":48,"enemies":"Snecko","floor":27,"turns":6},{"damage":11,"enemies":"Snake Plant","floor":28,"turns":4},{"damage":26,"enemies":"Book of Stabbing","floor":29,"turns":2}],"seed_played":"1973265097810509803","potions_obtained":[{"floor":2.0,"key":"Explosive Potion"},{"floor":7,"key":"EntropicBrew"},{"floor":11,"key":"ColorlessPotion"},{"floor":13,"key":"Block Potion"},{"floor":14,"key":"Fire Potion"},{"floor":27,"key":"SpeedPotion"}],"is_trial":false,"path_per_floor":["M","M","M","?","M","R","E","$","T","?","M","M","E","M","R","B",null,"M","$","?","M","?","R","E","R","T","M","M","E"],"character_chosen":"IRONCLAD","items_purchased":["Medical Kit","Membership Card","Strength Potion"],"campfire_rested":1,"item_purchase_floors":[8,19,19],"current_hp_per_floor":[66,59,56,56,55,55,25,25,25,25,25,25,7,7,29,29,64,68,75,75,60,60,60,75,75,75,27,16,0,0],"gold":143,"neow_bonus":"BOSS_RELIC","is_daily":false,"chose_seed":false,"campfire_upgraded":3,"win_rate":0.0,"timestamp":1614396245,"path_taken":["M","M","M","?","M","R","E","$","T","?","M","M","E","?","R","BOSS","M","?","?","M","?","R","E","R","T","M","M","E"],"items_purchased_type":["Relic","Relic","Potion"],"build_version":"2020-12-22","purchased_purges":1,"victory":false,"max_hp_per_floor":[75,75,75,75,75,75,75,75,75,75,75,75,75,75,75,75,75,75,75,75,75,75,75,75,75,75,75,75,75,75],"relic_stats":{"Peace Pipe":0,"Gremlin Horn":[6,6],"counters":[16,64],"Astrolabe":["Warcry","Shrug It Off","Clash"],"MealTicket":7,"Turnip":[8],"Medical Kit":[21],"obtain_stats":[{"Peace Pipe":24,"Gremlin Horn":9,"Astrolabe":17,"MealTicket":13,"Mark of Pain":0,"Turnip":7,"Membership Card":19,"Medical Kit":8,"Burning Blood":0,"Paper Frog":26},{"Peace Pipe":13,"Gremlin Horn":5,"Astrolabe":10,"MealTicket":8,"Mark of Pain":0,"Turnip":5,"Membership Card":11,"Medical Kit":5,"Burning Blood":0,"Paper Frog":13},{"Peace Pipe":52,"Gremlin Horn":20,"Astrolabe":37,"MealTicket":27,"Mark of Pain":0,"Turnip":20,"Membership Card":42,"Medical Kit":20,"Burning Blood":0,"Paper Frog":52}]},"card_choices":[{"not_picked":["Iron Wave","Shrug It Off"],"picked":"Perfected Strike","floor":1.0},{"not_picked":["Armaments","Bloodletting"],"picked":"Anger","floor":2.0},{"not_picked":["Headbutt","Limit Break"],"picked":"Pommel Strike","floor":3.0},{"not_picked":["Twin Strike","Havoc"],"picked":"Flame Barrier","floor":5.0},{"not_picked":["Heavy Blade","Body Slam"],"picked":"Dropkick","floor":7},{"not_picked":["Anger","Heavy Blade"],"picked":"Cleave","floor":11},{"not_picked":["Entrench","Cleave"],"picked":"Feel No Pain","floor":12},{"not_picked":["Warcry","Wild Strike"],"picked":"Evolve","floor":13},{"not_picked":["Body Slam","Warcry"],"picked":"Demon Form","floor":14},{"not_picked":["Feed","Offering"],"picked":"Reaper","floor":16},{"not_picked":["Heavy Blade","Sentinel"],"picked":"Flex","floor":18},{"not_picked":["Reckless Charge","Evolve"],"picked":"Thunderclap","floor":21},{"not_picked":["Second Wind+1","True Grit"],"picked":"Inflame","floor":24},{"not_picked":["Warcry+1","Cleave+1"],"picked":"Burning Pact","floor":27},{"not_picked":["Infernal Blade+1","Ghostly Armor"],"picked":"Wild Strike","floor":28}],"player_experience":1910494,"relics_obtained":[{"floor":7,"key":"Turnip"},{"floor":9,"key":"Gremlin Horn"},{"floor":13,"key":"MealTicket"},{"floor":24,"key":"Peace Pipe"},{"floor":26,"key":"Paper Frog"}],"event_choices":[{"damage_healed":0.0,"max_hp_gain":0.0,"max_hp_loss":0.0,"gold_gain":0.0,"cards_transformed":["Strike_R"],"event_name":"Living Wall","player_choice":"Change","floor":4.0,"gold_loss":0.0,"damage_taken":0.0,"cards_obtained":["Searing Blow"]},{"cards_removed":["Defend_R"],"damage_healed":0,"gold_gain":0,"player_choice":"Purged","damage_taken":0,"max_hp_gain":0,"max_hp_loss":0,"event_name":"Purifier","floor":10,"gold_loss":0},{"damage_healed":0,"gold_gain":0,"player_choice":"Obtain J.A.X.","damage_taken":0,"max_hp_gain":0,"max_hp_loss":0,"event_name":"Drug Dealer","floor":20,"gold_loss":0,"cards_obtained":["J.A.X."]},{"damage_healed":0,"gold_gain":50,"player_choice":"Stole From Cult","damage_taken":0,"max_hp_gain":0,"max_hp_loss":0,"event_name":"Nest","floor":22,"gold_loss":0}],"is_beta":false,"boss_relics":[{"not_picked":["Empty Cage","Ectoplasm"],"picked":"Astrolabe"}],"items_purged_floors":[19],"is_endless":false,"potions_floor_spawned":[2,7,11,13,14,27],"killed_by":"Book of Stabbing","ascension_level":20}}