{"host":"nuu0xlk1bpqu5s2n","time":1614403532,"event":{"mods":["AchievementEnabler","BaseMod","Minty Spire (QoL Compilation)","StSLib"],"gold_per_floor":[111,186,186,201,212,212,242,242,242,269,280,280,280,280,280,374,374,388,388,388,408,432,432,432,466,466,466,506,166,205,205,205,294,294,314,314,67,87,13,13,52,70,70,93,93,162,162,180,180,180,180,180,24,62,62,62],"floor_reached":55,"language":"ENG","playtime":3005,"items_purged":[],"score":1290,"play_id":"971eb9ba-029a-4044-9d34-59614bf433b4","local_time":"20210227072532","is_ascension_mode":true,"campfire_choices":[{"data":"Vault","floor":6.0,"key":"SMITH"},{"data":"EmptyFist","floor":8.0,"key":"SMITH"},{"data":"SashWhip","floor":12.0,"key":"SMITH"},{"floor":15.0,"key":"REST"},{"floor":23,"key":"REST"},{"floor":27,"key":"REST"},{"data":"TalkToTheHand","floor":32,"key":"SMITH"},{"data":"TalkToTheHand","floor":40,"key":"SMITH"},{"data":"CrushJoints","floor":45,"key":"SMITH"},{"data":"SandsOfTime","floor":47,"key":"SMITH"},{"floor":49,"key":"RECALL"},{"data":"Tantrum","floor":52,"key":"SMITH"}],"circlet_count":0,"master_deck":["AscendersBane","Strike_P+1","Strike_P+1","Strike_P+1","Strike_P+1","Defend_P+1","Eruption+1","Vigilance","EmptyFist+1","CutThroughFate+1","Vault+1","SashWhip+1","Collect","FearNoEvil+1","Meditate+1","FlurryOfBlows+1","Protect+1","Vault+1","Tantrum+1","LessonLearned","TalkToTheHand+1","TalkToTheHand+1","LessonLearned+1","Flash of Steel","Master of Strategy+1","Master of Strategy","SandsOfTime+1","ReachHeaven","CrushJoints+1"],"relics":["Empty Cage","Mango","Matryoshka","Blood Vial","Golden Idol","Snecko Eye","MutagenicStrength","Omamori","Shuriken","Meat on the Bone","Ornamental Fan","DollysMirror","Turnip","Coffee Dripper","HornCleat","Juzu Bracelet","Orichalcum","Gambling Chip","ClockworkSouvenir","Sundial"],"acts_visited":["Exordium","TheCity","TheBeyond","TheEnding"],"potions_floor_usage":[28,30,46,50,55],"damage_taken":[{"damage":13.0,"enemies":"2 Louse","floor":1.0,"turns":4.0},{"damage":0.0,"enemies":"Jaw Worm","floor":4.0,"turns":2.0},{"damage":0.0,"enemies":"Cultist","floor":5.0,"turns":2.0},{"damage":10.0,"enemies":"Gremlin Nob","floor":7.0,"turns":4.0},{"damage":9.0,"enemies":"Lagavulin","floor":10.0,"turns":7.0},{"damage":0.0,"enemies":"Looter","floor":11.0,"turns":2.0},{"damage":20.0,"enemies":"Slime Boss","floor":16.0,"turns":6.0},{"damage":17,"enemies":"2 Thieves","floor":18,"turns":4},{"damage":11,"enemies":"Spheric Guardian","floor":21,"turns":3},{"damage":18,"enemies":"Snake Plant","floor":22,"turns":4},{"damage":29,"enemies":"Book of Stabbing","floor":25,"turns":6},{"damage":0,"enemies":"Gremlin Leader","floor":28,"turns":4},{"damage":24,"enemies":"Book of Stabbing","floor":30,"turns":2},{"damage":1,"enemies":"Collector","floor":33,"turns":9},{"damage":0,"enemies":"Orb Walker","floor":35,"turns":4},{"damage":0,"enemies":"3 Shapes","floor":38,"turns":3},{"damage":0,"enemies":"Nemesis","floor":41,"turns":5},{"damage":0,"enemies":"Maw","floor":42,"turns":6},{"damage":59,"enemies":"Writhing Mass","floor":44,"turns":5},{"damage":2,"enemies":"2 Orb Walkers","floor":46,"turns":3},{"damage":0,"enemies":"Jaw Worm Horde","floor":48,"turns":1},{"damage":28,"enemies":"Donu and Deca","floor":50,"turns":7},{"damage":2,"enemies":"Shield and Spear","floor":54,"turns":4},{"damage":70,"enemies":"The Heart","floor":55,"turns":5}],"seed_played":"-3353357057401944273","potions_obtained":[{"floor":5.0,"key":"Weak Potion"},{"floor":10.0,"key":"SkillPotion"},{"floor":16.0,"key":"Explosive Potion"},{"floor":21,"key":"Dexterity Potion"},{"floor":22,"key":"SteroidPotion"},{"floor":42,"key":"BlessingOfTheForge"},{"floor":44,"key":"AttackPotion"},{"floor":46,"key":"ColorlessPotion"},{"floor":48,"key":"ColorlessPotion"},{"floor":54,"key":"Fire Potion"}],"is_trial":false,"path_per_floor":["M","?","?","M","M","R","E","R","T","E","M","R","?","?","R","B",null,"M","?","?","M","M","R","?","E","T","R","E","$","E","?","R","B",null,"M","?","$","M","$","R","E","M","T","M","R","?","R","M","R","B",null,"R","$","E","B"],"character_chosen":"WATCHER","items_purchased":["DollysMirror","Tantrum","LessonLearned","HornCleat","SandsOfTime","ClockworkSouvenir"],"campfire_rested":3,"item_purchase_floors":[29,29,29,37,39,53],"current_hp_per_floor":[48,37,37,37,37,37,41,41,41,32,34,34,34,34,56,38,67,52,52,52,43,27,49,49,22,22,44,46,46,36,36,36,49,69,71,61,61,63,63,63,65,67,67,22,22,34,34,48,48,34,66,66,66,66,0,0],"gold":62,"neow_bonus":"BOSS_RELIC","is_daily":false,"chose_seed":false,"campfire_upgraded":8,"win_rate":0.0,"timestamp":1614403532,"path_taken":["M","?","?","M","M","R","E","R","T","E","?","R","?","?","R","BOSS","M","?","?","M","M","R","?","E","T","R","E","$","E","?","R","BOSS","M","?","?","M","$","R","E","M","T","M","R","?","R","M","R","BOSS","R","$","E","BOSS"],"items_purchased_type":["Relic","Card","Card","Relic","Card","Relic"],"build_version":"2020-12-22","purchased_purges":0,"victory":false,"max_hp_per_floor":[68,68,68,68,68,68,82,82,82,82,82,82,76,76,76,76,76,76,76,76,76,76,76,76,76,76,76,76,76,76,76,76,76,76,76,76,76,76,76,76,76,76,76,76,76,76,76,76,76,76,76,76,76,76,76,76],"card_choices":[{"not_picked":["BowlingBash","Worship"],"picked":"EmptyFist","floor":1.0},{"not_picked":["Crescendo","FollowUp"],"picked":"CutThroughFate","floor":4.0},{"not_picked":["Prostrate","JustLucky"],"picked":"Vault","floor":5.0},{"not_picked":["Crescendo","EmptyMind","Prostrate"],"picked":"SKIP","floor":7.0},{"not_picked":["CutThroughFate","WaveOfTheHand"],"picked":"SashWhip","floor":10.0},{"not_picked":["Adaptation","Sanctity","Halt"],"picked":"SKIP","floor":11.0},{"not_picked":["PathToVictory","InnerPeace+1"],"picked":"FearNoEvil","floor":18},{"not_picked":["SashWhip","Consecrate"],"picked":"Meditate","floor":21},{"not_picked":["ClearTheMind","ForeignInfluence"],"picked":"FlurryOfBlows","floor":22},{"not_picked":["Weave","WaveOfTheHand","ClearTheMind"],"picked":"SKIP","floor":25},{"not_picked":["FearNoEvil","Brilliance"],"picked":"Protect","floor":28},{"not_picked":["FearNoEvil","ReachHeaven"],"picked":"TalkToTheHand","floor":30},{"not_picked":["Scrawl","Devotion"],"picked":"LessonLearned","floor":33},{"not_picked":["Prostrate","ThirdEye","Conclude"],"picked":"SKIP","floor":35},{"not_picked":["Transmutation","Dark Shackles"],"picked":"Flash of Steel","floor":36},{"not_picked":["Chrysalis","Panacea"],"picked":"Master of Strategy","floor":36},{"not_picked":["Enlightenment","Apotheosis"],"picked":"Master of Strategy","floor":36},{"not_picked":["CutThroughFate+1","ThirdEye+1","BowlingBash+1"],"picked":"SKIP","floor":38},{"not_picked":["EmptyBody+1","Devotion","Fasting2"],"picked":"SKIP","floor":41},{"not_picked":["FlurryOfBlows","BowlingBash"],"picked":"ReachHeaven","floor":42},{"not_picked":["CarveReality","Consecrate"],"picked":"CrushJoints","floor":44},{"not_picked":["WaveOfTheHand+1","Study+1","EmptyFist+1"],"picked":"SKIP","floor":48},{"not_picked":["BowlingBash","EmptyFist","JustLucky+1"],"picked":"SKIP","floor":54}],"player_experience":582757,"relics_obtained":[{"floor":7.0,"key":"Mango"},{"floor":9.0,"key":"Matryoshka"},{"floor":10.0,"key":"Blood Vial"},{"floor":25,"key":"Omamori"},{"floor":26,"key":"Shuriken"},{"floor":26,"key":"Meat on the Bone"},{"floor":28,"key":"Ornamental Fan"},{"floor":30,"key":"Turnip"},{"floor":41,"key":"Juzu Bracelet"},{"floor":43,"key":"Orichalcum"},{"floor":46,"key":"Gambling Chip"},{"floor":54,"key":"Sundial"}],"event_choices":[{"damage_healed":0.0,"max_hp_gain":0.0,"max_hp_loss":0.0,"gold_gain":75.0,"event_name":"World of Goop","player_choice":"Gather Gold","floor":2.0,"gold_loss":0.0,"damage_taken":11.0},{"damage_healed":0.0,"max_hp_gain":0.0,"max_hp_loss":0.0,"gold_gain":0.0,"event_name":"Upgrade Shrine","player_choice":"Upgraded","floor":3.0,"gold_loss":0.0,"damage_taken":0.0,"cards_upgraded":["Eruption"]},{"damage_healed":0.0,"max_hp_gain":0.0,"max_hp_loss":6.0,"gold_gain":0.0,"event_name":"Golden Idol","player_choice":"Lose Max HP","floor":13.0,"gold_loss":0.0,"damage_taken":0.0,"relics_obtained":["Golden Idol"]},{"damage_healed":0.0,"max_hp_gain":0.0,"max_hp_loss":0.0,"gold_gain":0.0,"cards_transformed":["Defend_P"],"event_name":"Living Wall","player_choice":"Change","floor":14.0,"gold_loss":0.0,"damage_taken":0.0,"cards_obtained":["Collect"]},{"damage_healed":0,"gold_gain":0,"player_choice":"Simplicity","damage_taken":0,"max_hp_gain":0,"max_hp_loss":0,"event_name":"Back to Basics","floor":19,"gold_loss":0,"cards_upgraded":["Strike_P","Strike_P","Strike_P","Strike_P","Defend_P"]},{"damage_healed":0,"gold_gain":0,"player_choice":"Ignored","damage_taken":0,"max_hp_gain":0,"max_hp_loss":0,"event_name":"Beggar","floor":20,"gold_loss":0},{"damage_healed":0,"gold_gain":0,"player_choice":"Inject Mutagens","damage_taken":0,"relics_obtained":["MutagenicStrength"],"max_hp_gain":0,"max_hp_loss":0,"event_name":"Drug Dealer","floor":24,"gold_loss":0},{"damage_healed":0,"gold_gain":0,"player_choice":"Read","damage_taken":0,"max_hp_gain":0,"max_hp_loss":0,"event_name":"The Library","floor":31,"gold_loss":0,"cards_obtained":["TalkToTheHand"]},{"damage_healed":0,"gold_gain":0,"player_choice":"Memory 3","damage_taken":10,"max_hp_gain":0,"max_hp_loss":0,"event_name":"SensoryStone","floor":36,"gold_loss":0},{"damage_healed":0,"gold_gain":0,"player_choice":"Fight","damage_taken":0,"max_hp_gain":0,"max_hp_loss":0,"event_name":"Mysterious Sphere","floor":46,"gold_loss":0}],"is_beta":false,"boss_relics":[{"not_picked":["VioletLotus","Velvet Choker"],"picked":"Snecko Eye"},{"not_picked":["SlaversCollar","SacredBark"],"picked":"Coffee Dripper"}],"items_purged_floors":[],"is_endless":false,"potions_floor_spawned":[5,10,16,21,22,25,42,44,46,48,54],"killed_by":"The Heart","ascension_level":14}}