{"host":"lktusdb9orijgc6z","time":1614409148,"event":{"mods":["BaseMod","Bestiary","Colored Map","Colored Powertips","Minty Spire (QoL Compilation)","Permanent Neow","Quick Restart","Relic Stats","StSLib","everything is the same but u backflip on backflip","slay the spire mod where everything is the same but ironclad has a cowboy hat"],"gold_per_floor":[216,216,56,73,73,73,73,106,106,106,126,126,139,50,50,128,128,148,48,61,61,61,61],"floor_reached":22,"language":"ENG","playtime":712,"items_purged":["Strike_G"],"score":464,"play_id":"59b046db-5b41-4e88-bd8d-855f9e72c016","local_time":"20210227075908","is_ascension_mode":true,"campfire_choices":[{"data":"Noxious Fumes","floor":6,"key":"SMITH"},{"data":"Catalyst","floor":10,"key":"SMITH"},{"data":"Well Laid Plans","floor":15,"key":"SMITH"}],"circlet_count":0,"master_deck":["AscendersBane","Defend_G","Defend_G","Defend_G","Defend_G","Survivor","Neutralize","Noxious Fumes+1","Footwork","Endless Agony","Cloak And Dagger","Well Laid Plans+1","Catalyst","Catalyst+1","Catalyst+1","Footwork","Noxious Fumes","Catalyst","Night Terror","Dodge and Roll","Backflip","Bite+1","Bite+1","Bite+1","Bite+1","Bite+1"],"relics":["Ring of the Snake","Orrery","Singing Bowl","Molten Egg 2","StrikeDummy","Sozu"],"acts_visited":["Exordium","TheCity"],"potions_floor_usage":[8,16],"damage_taken":[{"damage":0,"enemies":"2 Louse","floor":1,"turns":3},{"damage":14,"enemies":"Jaw Worm","floor":4,"turns":4},{"damage":18,"enemies":"3 Sentries","floor":8,"turns":7},{"damage":0,"enemies":"Cultist","floor":11,"turns":4},{"damage":9,"enemies":"Blue Slaver","floor":13,"turns":5},{"damage":36,"enemies":"The Guardian","floor":16,"turns":7},{"damage":12,"enemies":"Spheric Guardian","floor":18,"turns":4},{"damage":25,"enemies":"Chosen","floor":20,"turns":4},{"damage":30,"enemies":"Sentry and Sphere","floor":22,"turns":4}],"seed_played":"-8363934077864199133","potions_obtained":[{"floor":1,"key":"Regen Potion"},{"floor":13,"key":"SteroidPotion"}],"is_trial":false,"path_per_floor":["M","?","$","M","T","R","?","E","T","R","M","?","M","$","R","B",null,"M","$","M","?","M"],"character_chosen":"THE_SILENT","items_purchased":["Orrery","Catalyst","Dodge and Roll"],"campfire_rested":0,"item_purchase_floors":[3,14,19],"current_hp_per_floor":[59,59,59,45,45,45,45,42,42,42,42,47,38,38,38,2,54,44,44,19,19,0,0],"gold":61,"neow_bonus":"HUNDRED_GOLD","is_daily":false,"chose_seed":false,"campfire_upgraded":3,"win_rate":0.0,"timestamp":1614409148,"path_taken":["M","?","$","M","?","R","?","E","T","R","?","?","M","$","R","BOSS","M","$","M","?","M"],"items_purchased_type":["Relic","Card","Card"],"build_version":"2020-12-22","purchased_purges":1,"victory":false,"max_hp_per_floor":[66,66,66,66,66,66,66,66,66,66,66,71,71,71,71,71,71,73,73,73,51,51,51],"relic_stats":{"Sozu":2,"Singing Bowl":2,"counters":[9,42],"obtain_stats":[{"Sozu":17,"Singing Bowl":5,"Orrery":3,"Molten Egg 2":8,"StrikeDummy":9,"Ring of the Snake":0},{"Sozu":6,"Singing Bowl":2,"Orrery":1,"Molten Egg 2":3,"StrikeDummy":3,"Ring of the Snake":0},{"Sozu":30,"Singing Bowl":7,"Orrery":3,"Molten Egg 2":14,"StrikeDummy":14,"Ring of the Snake":0}],"Ring of the Snake":[18]},"card_choices":[{"not_picked":["Skewer","Dodge and Roll"],"picked":"Noxious Fumes","floor":1},{"not_picked":["Storm of Steel","Dodge and Roll"],"picked":"Endless Agony","floor":3},{"not_picked":["Setup","Skewer"],"picked":"Cloak And Dagger","floor":3},{"not_picked":["Masterful Stab","Tactician"],"picked":"Well Laid Plans","floor":3},{"not_picked":["Noxious Fumes","Prepared"],"picked":"Catalyst","floor":3},{"not_picked":["Blade Dance","Sucker Punch"],"picked":"Catalyst","floor":3},{"not_picked":["Well Laid Plans","Expertise","Underhanded Strike"],"picked":"SKIP","floor":4},{"not_picked":["Terror","Concentrate"],"picked":"Catalyst","floor":8},{"not_picked":["Dagger Spray+1","Outmaneuver"],"picked":"Footwork","floor":11},{"not_picked":["Prepared","Flying Knee+1"],"picked":"Noxious Fumes","floor":13},{"not_picked":["A Thousand Cuts","Venomology"],"picked":"Night Terror","floor":16},{"not_picked":["Skewer+1","Slice+1","Bane+1"],"picked":"Singing Bowl","floor":18},{"not_picked":["Acrobatics","Sucker Punch+1"],"picked":"Backflip","floor":20}],"player_experience":834482,"relics_obtained":[{"floor":5,"key":"Singing Bowl"},{"floor":8,"key":"Molten Egg 2"},{"floor":9,"key":"StrikeDummy"}],"event_choices":[{"damage_healed":0,"gold_gain":0,"cards_transformed":["Defend_G"],"player_choice":"Change","damage_taken":0,"max_hp_gain":0,"max_hp_loss":0,"event_name":"Living Wall","floor":2,"gold_loss":0,"cards_obtained":["Footwork"]},{"damage_healed":0,"gold_gain":0,"player_choice":"Forge","damage_taken":0,"max_hp_gain":0,"max_hp_loss":0,"event_name":"Accursed Blacksmith","floor":7,"gold_loss":0,"cards_upgraded":["Catalyst"]},{"damage_healed":0,"gold_gain":0,"player_choice":"Donut","damage_taken":0,"max_hp_gain":5,"max_hp_loss":0,"event_name":"Big Fish","floor":12,"gold_loss":0},{"damage_healed":0,"gold_gain":0,"player_choice":"Became a vampire","damage_taken":0,"max_hp_gain":0,"max_hp_loss":22,"event_name":"Vampires","floor":21,"gold_loss":0,"cards_obtained":["Bite","Bite","Bite","Bite","Bite"]}],"is_beta":false,"boss_relics":[{"not_picked":["Fusion Hammer","Busted Crown"],"picked":"Sozu"}],"items_purged_floors":[19],"is_endless":false,"potions_floor_spawned":[1,13,18,20],"killed_by":"Sentry and Sphere","ascension_level":20}}