{"host":"d7fiu2yjkssjxoz6","time":1614456754,"event":{"mods":["AchievementEnabler","BaseMod","Duelist Mod","Minty Spire (QoL Compilation)","StSLib"],"gold_per_floor":[141,157,307,307,232,232,243,277,277,307,324,324,324,356,356,433,433,453,476,492,492,508,508,538,538,538,577,611,638,638,167,167,241,241,253,273,314,328,358,358,358],"floor_reached":40,"language":"ENG","playtime":2380,"items_purged":[],"score":1142,"play_id":"3f0fca95-810d-409a-8bf8-dd7f5365d989","local_time":"20210227121234","is_ascension_mode":true,"campfire_choices":[{"data":"theDuelist:VampireFamiliar","floor":6,"key":"SMITH"},{"floor":12,"key":"REST"},{"data":"theDuelist:ShallowGrave","floor":15,"key":"SMITH"},{"data":"theDuelist:RainbowOverdragon","floor":23,"key":"SMITH"},{"data":"theDuelist:PutridPudding","floor":25,"key":"SMITH"},{"data":"theDuelist:GarbageLord","floor":30,"key":"SMITH"},{"data":"Mayhem","floor":32,"key":"SMITH"}],"circlet_count":0,"master_deck":["theDuelist:SummonedSkull","theDuelist:GraniteLoyalist","theDuelist:DarkMasterZorc","theDuelist:GhostrickSpecter","theDuelist:VampireFamiliar","theDuelist:ArchfiendSoldier","theDuelist:PutridPudding+1","theDuelist:ShallowGrave+1","theDuelist:ArmoredZombie","theDuelist:PatricianDarkness","theDuelist:CastleWalls","theDuelist:FusionWeapon+1","Mayhem+1","theDuelist:ClownZombie","AscendersBane","theDuelist:WeepingIdol","theDuelist:RainbowOverdragon+1","theDuelist:VampireFamiliar+1","theDuelist:GarbageLord+1","theDuelist:FusionWeapon+1","theDuelist:Gashadokuro","theDuelist:PutridPudding","theDuelist:VampireDesire+1","theDuelist:Miscellaneousaurus+1"],"relics":["theDuelist:MillenniumPuzzle","theDuelist:CardPoolRelic","theDuelist:CardPoolBasicRelic","theDuelist:BoosterPackPoolRelic","theDuelist:CardPoolAddRelic","theDuelist:CardPoolMinusRelic","theDuelist:CardPoolSaveRelic","theDuelist:CardPoolOptionsRelic","theDuelist:BlessingAnubis","theDuelist:MillenniumArmor","theDuelist:ArmorPlateC","theDuelist:BoosterPackSpellEgg","Sozu","MutagenicStrength","WingedGreaves","theDuelist:KaibaToken","Eternal Feather","theDuelist:ShopToken","Vajra","Empty Cage"],"acts_visited":["Exordium","TheCity","TheBeyond"],"potions_floor_usage":[8,16],"damage_taken":[{"damage":0,"enemies":"2 Louse","floor":1,"turns":3},{"damage":0,"enemies":"Small Slimes","floor":2,"turns":3},{"damage":0,"enemies":"Cultist","floor":7,"turns":3},{"damage":61,"enemies":"Gremlin Nob","floor":8,"turns":5},{"damage":0,"enemies":"3 Sentries","floor":10,"turns":10},{"damage":0,"enemies":"2 Fungi Beasts","floor":11,"turns":4},{"damage":12,"enemies":"Lagavulin","floor":14,"turns":8},{"damage":0,"enemies":"The Guardian","floor":16,"turns":10},{"damage":25,"enemies":"3 Byrds","floor":18,"turns":5},{"damage":12,"enemies":"Shell Parasite","floor":20,"turns":5},{"damage":0,"enemies":"Centurion and Healer","floor":22,"turns":4},{"damage":0,"enemies":"Gremlin Leader","floor":24,"turns":6},{"damage":0,"enemies":"3 Cultists","floor":27,"turns":5},{"damage":0,"enemies":"Shelled Parasite and Fungi","floor":28,"turns":4},{"damage":0,"enemies":"theDuelist:KaibaA2","floor":29,"turns":3},{"damage":12,"enemies":"Collector","floor":33,"turns":7},{"damage":0,"enemies":"3 Darklings","floor":35,"turns":3},{"damage":0,"enemies":"Orb Walker","floor":37,"turns":2},{"damage":17,"enemies":"4 Shapes","floor":38,"turns":8},{"damage":0,"enemies":"Sphere and 2 Shapes","floor":39,"turns":4},{"damage":64,"enemies":"Reptomancer","floor":40,"turns":5}],"seed_played":"-7049213097882040797","potions_obtained":[{"floor":1,"key":"theDuelist:FlamingBottle"},{"floor":7,"key":"GamblersBrew"},{"floor":14,"key":"theDuelist:FireBottle"},{"floor":16,"key":"FearPotion"}],"is_trial":false,"path_per_floor":["M","M","?","?","?","R","M","E","T","E","M","R","?","E","R","B",null,"M","T","M","?","M","R","E","R","T","M","M","E","R","$","R","B",null,"M","?","M","M","M","E"],"character_chosen":"THE_DUELIST","items_purchased":["Mayhem","theDuelist:ShopToken","Vajra","theDuelist:DarkMasterZorc"],"campfire_rested":1,"item_purchase_floors":[31,31,31,31],"current_hp_per_floor":[70,70,70,70,70,70,70,9,9,9,9,32,87,75,75,75,84,59,59,47,47,47,47,47,47,47,47,47,47,59,59,71,59,80,80,80,80,63,63,0,0],"gold":358,"neow_bonus":"TEN_PERCENT_HP_BONUS","is_daily":false,"chose_seed":false,"campfire_upgraded":6,"win_rate":0.0,"timestamp":1614456754,"path_taken":["M","M","?","?","?","R","M","E","T","E","M","R","?","E","R","BOSS","M","?","M","?","M","R","E","R","T","M","M","E","R","$","R","BOSS","M","?","M","M","?","E"],"items_purchased_type":["Card","Relic","Relic","Card"],"build_version":"2020-12-22","purchased_purges":0,"victory":false,"max_hp_per_floor":[77,77,77,77,77,77,77,77,77,77,77,77,87,87,87,87,87,87,87,87,87,87,87,87,87,87,87,87,87,87,87,87,87,87,87,87,87,87,87,87,87],"card_choices":[{"not_picked":["theDuelist:DestroyerGolem","theDuelist:EarthquakeGiant","theDuelist:GemElephant","theDuelist:PotForbidden"],"picked":"theDuelist:Blockman","floor":1},{"not_picked":["theDuelist:Lajinn","theDuelist:MoltenZombie","theDuelist:DarkFusion","theDuelist:UmbralHorrorUniform"],"picked":"theDuelist:VampireFamiliar","floor":2},{"not_picked":["theDuelist:GhostrickWarwolf","theDuelist:GhostrickStein","theDuelist:GhostrickSkeleton","theDuelist:GhostrickJiangshi"],"picked":"theDuelist:GhostrickSpecter","floor":7},{"not_picked":["theDuelist:GraniteLoyalist","theDuelist:GoldenApples","theDuelist:BigKoala","theDuelist:FeatherPho","theDuelist:MagicHoleGolem"],"picked":"SKIP","floor":8},{"not_picked":["theDuelist:BeastTalwar","theDuelist:DarklordMarie","theDuelist:FireReaper","theDuelist:FusionWeapon"],"picked":"theDuelist:VampireFamiliar","floor":10},{"not_picked":["theDuelist:ClearKuriboh","theDuelist:LightningVortex","theDuelist:LabyrinthWall","theDuelist:RainbowOverdragon"],"picked":"theDuelist:WeepingIdol","floor":11},{"not_picked":["theDuelist:DrivenDaredevil","theDuelist:GhostrickJiangshi","theDuelist:VampireGrimson","theDuelist:CheerfulCoffin","theDuelist:NecroworldBanshee"],"picked":"SKIP","floor":14},{"not_picked":["theDuelist:FeatherShot+1","theDuelist:Wildfire+1","theDuelist:DecayedCommander","theDuelist:BookLife+1"],"picked":"theDuelist:PutridPudding","floor":16},{"not_picked":["theDuelist:Wildfire+1","theDuelist:ZombieMaster","theDuelist:YukiOnnaAbsolute","theDuelist:SoulRelease+1"],"picked":"theDuelist:BookLife+1","floor":18},{"not_picked":["theDuelist:DarkEnergy+1","theDuelist:DarkFusion+1","theDuelist:TributeDoomed+1","theDuelist:AbsorbFusion+1"],"picked":"theDuelist:FusionWeapon+1","floor":20},{"not_picked":["theDuelist:FossilSkullknight","theDuelist:GiantSoldierSteel","theDuelist:MudGolem+1","theDuelist:PowerGiant+1"],"picked":"theDuelist:RainbowOverdragon","floor":22},{"not_picked":["theDuelist:VendreadCharge+1","theDuelist:VisionFusion+1","theDuelist:FusionTag+1","theDuelist:Mausoleum+1"],"picked":"theDuelist:FusionWeapon+1","floor":24},{"not_picked":["theDuelist:DarkBlade+1","theDuelist:BrilliantFusion+1","theDuelist:Zombina","theDuelist:OniTankT34"],"picked":"theDuelist:GarbageLord","floor":27},{"not_picked":["theDuelist:GauntletWarrior","theDuelist:GreenGraveOni+1","theDuelist:ElectromagneticShield+1","theDuelist:RainbowLife"],"picked":"theDuelist:GraniteLoyalist","floor":28},{"not_picked":["theDuelist:DoomDonuts","theDuelist:PyramidWonders+1","theDuelist:OniGamiCombo+1","theDuelist:AntiFusionDevice"],"picked":"SKIP","floor":29},{"not_picked":["theDuelist:DarkCubicLord","theDuelist:VampireGrace","theDuelist:MayakashiWinter+1","theDuelist:FusionGuard"],"picked":"theDuelist:BookLife+1","floor":33},{"not_picked":["theDuelist:Lajinn+1","theDuelist:VendreadCore","theDuelist:Wightprincess","theDuelist:VampireFraulein+1","theDuelist:VampireScarletScourge+1"],"picked":"SKIP","floor":35},{"not_picked":["theDuelist:VampireHunter+1","theDuelist:Gernia","theDuelist:Gashadokuro","theDuelist:DarkMasterZorc"],"picked":"theDuelist:PutridPudding","floor":37},{"not_picked":["theDuelist:VendreadCharge+1","theDuelist:BrilliantFusion+1","theDuelist:DimensionFusion+1","theDuelist:BookMoon+1"],"picked":"theDuelist:VampireDesire+1","floor":38},{"not_picked":["theDuelist:Skelesaurus","theDuelist:OvertexQoatlus+1","theDuelist:FossilSkullknight","theDuelist:FossilSkullKing"],"picked":"theDuelist:Miscellaneousaurus+1","floor":39}],"player_experience":353861,"relics_obtained":[{"floor":8,"key":"theDuelist:BlessingAnubis"},{"floor":9,"key":"theDuelist:MillenniumArmor"},{"floor":10,"key":"theDuelist:ArmorPlateC"},{"floor":14,"key":"theDuelist:BoosterPackSpellEgg"},{"floor":24,"key":"WingedGreaves"},{"floor":26,"key":"theDuelist:KaibaToken"},{"floor":29,"key":"Eternal Feather"}],"event_choices":[{"damage_healed":0,"gold_gain":150,"player_choice":"AGREE","damage_taken":0,"max_hp_gain":0,"max_hp_loss":0,"event_name":"Liars Game","floor":3,"gold_loss":0,"cards_obtained":["Doubt"]},{"damage_healed":0,"gold_gain":0,"player_choice":"Leave","duelist":true,"damage_taken":0,"max_hp_gain":0,"max_hp_loss":0,"event_name":"Relic Duplicator","floor":4,"gold_loss":0},{"cards_removed":["Doubt"],"damage_healed":0,"gold_gain":0,"player_choice":"Card Removal","damage_taken":0,"max_hp_gain":0,"max_hp_loss":0,"event_name":"The Cleric","floor":5,"gold_loss":75},{"cards_removed":["theDuelist:Blockman"],"damage_healed":45,"gold_gain":0,"player_choice":"Offered Rare","damage_taken":0,"max_hp_gain":10,"max_hp_loss":0,"event_name":"Bonfire Elementals","floor":13,"gold_loss":0},{"damage_healed":0,"gold_gain":0,"player_choice":"Inject Mutagens","damage_taken":0,"relics_obtained":["MutagenicStrength"],"max_hp_gain":0,"max_hp_loss":0,"event_name":"Drug Dealer","floor":21,"gold_loss":0},{"damage_healed":0,"gold_gain":0,"cards_transformed":["theDuelist:CastleWalls"],"player_choice":"Transformed","damage_taken":0,"max_hp_gain":0,"max_hp_loss":0,"event_name":"Transmorgrifier","floor":36,"gold_loss":0,"cards_obtained":["theDuelist:Gashadokuro"]}],"is_beta":false,"boss_relics":[{"not_picked":["Runic Pyramid","Ectoplasm"],"picked":"Sozu"},{"not_picked":["theDuelist:HauntedRelic","SacredBark"],"picked":"Empty Cage"}],"items_purged_floors":[],"is_endless":false,"potions_floor_spawned":[1,7,14,16,18,22,28,33,37],"killed_by":"Reptomancer","ascension_level":20}}