{"host":"htqwg582tjjtn9p7","time":1614457702,"event":{"mods":["2.2 Compatiblity","AchievementEnabler","Act Like it!","Aspiration","BaseMod","Better Third Choice","Colored Map","Conspire","Curses Come First","Displayed Cursed Tome","Energized Spire","Force Act Four","Fox Events","GifTheSpireLib","Hermit","Highlight Path","JesterMod","Mad Scientist","Minty Spire (QoL Compilation)","Pale of the Ancients","Permanent Neow","Random Character Button","Relic Stats","Reliquary","Replay The Spire","Robot Space Explorer","Ruina","Somnambulant","Spicy Shops","Spikes Relics","StSLib","Stuff the Spire","The Blue Laboratory","The Bug Knight","The Forsaken","The Gatherer","The Judge","The Jungle","The Marked","The Runesmith","The Servant 0.9.4","Uncapped"],"gold_per_floor":[112,128,146,172,185,185,196,196,296,285,319,319,338,352,352,352,352],"floor_reached":16,"language":"ENG","playtime":736,"items_purged":[],"score":186,"play_id":"111d56a9-27a6-4c78-b852-a778fae9413d","local_time":"20210227212822","is_ascension_mode":true,"campfire_choices":[{"floor":6,"key":"REST"},{"data":"Calculated Gamble","floor":8,"key":"SMITH"},{"floor":15,"key":"REST"}],"circlet_count":0,"master_deck":["AscendersBane","Strike_G","Strike_G","Strike_G","Strike_G","Defend_G","Defend_G","Defend_G","Defend_G","Survivor","Neutralize","Outmaneuver","Deadly Poison","Crippling Poison","Dash","Calculated Gamble+1","Blade Dance","Slice","Bane","Deflect","Poisoned Stab"],"relics":["Ring of the Snake","foxEvents:LuckyCharm","Bag of Preparation","Paper Crane"],"acts_visited":["Exordium"],"potions_floor_usage":[11,13,16],"damage_taken":[{"damage":0,"enemies":"Jaw Worm","floor":1,"turns":4},{"damage":8,"enemies":"2 Louse","floor":2,"turns":3},{"damage":0,"enemies":"Cultist","floor":3,"turns":4},{"damage":19,"enemies":"Colosseum Slavers","floor":4,"turns":6},{"damage":10,"enemies":"2 Fungi Beasts","floor":5,"turns":4},{"damage":1,"enemies":"Blue Slaver","floor":7,"turns":4},{"damage":8,"enemies":"Exordium Thugs","floor":10,"turns":4},{"damage":12,"enemies":"3 Sentries","floor":11,"turns":8},{"damage":6,"enemies":"3 Louse","floor":13,"turns":4},{"damage":11,"enemies":"Lots of Slimes","floor":14,"turns":5},{"damage":4,"enemies":"Fading Forest","floor":16,"turns":4}],"seed_played":"-5293702311562014471","potions_obtained":[{"floor":3,"key":"blueLaboratory:BottleOfRum"},{"floor":4,"key":"blueLaboratory:EnvenomedCoating"},{"floor":7,"key":"blueLaboratory:RememoryPotion"},{"floor":11,"key":"blueLaboratory:PolymorphPotion"},{"floor":13,"key":"blueLaboratory:EnragingPotion"}],"is_trial":false,"path_per_floor":["M","M","M","?","M","R","M","R","T","M","E","?","M","M","R","B"],"character_chosen":"THE_SILENT","items_purchased":[],"campfire_rested":2,"item_purchase_floors":[],"current_hp_per_floor":[59,51,51,32,22,41,40,40,40,32,20,20,14,3,22,18,18],"gold":352,"neow_bonus":"TRANSFORM_TWO_CARDS","is_daily":false,"chose_seed":false,"campfire_upgraded":1,"win_rate":0.0,"timestamp":1614457702,"path_taken":["M","M","M","?","M","R","M","R","T","M","E","?","M","?","R","BOSS"],"items_purchased_type":[],"build_version":"2020-12-22","purchased_purges":0,"victory":false,"max_hp_per_floor":[66,66,66,66,66,66,66,66,66,66,66,66,66,66,66,66,66],"relic_stats":{"counters":[11,50],"Bag of Preparation":[10],"obtain_stats":[{"foxEvents:LuckyCharm":4,"Bag of Preparation":9,"Paper Crane":11,"Ring of the Snake":0},{"foxEvents:LuckyCharm":4,"Bag of Preparation":6,"Paper Crane":8,"Ring of the Snake":0},{"foxEvents:LuckyCharm":17,"Bag of Preparation":25,"Paper Crane":37,"Ring of the Snake":0}],"Ring of the Snake":[22]},"card_choices":[{"not_picked":["Flying Knee","Quick Slash"],"picked":"Crippling Poison","floor":1},{"not_picked":["StuffTheSpire:Fury","Leg Sweep"],"picked":"Dash","floor":2},{"not_picked":["Blur","Dagger Spray"],"picked":"Calculated Gamble","floor":3},{"not_picked":["StuffTheSpire:Injection","Bullet Time"],"picked":"Blade Dance","floor":5},{"not_picked":["Acrobatics","Fluid Movement","Underhanded Strike"],"picked":"SKIP","floor":7},{"not_picked":["Terror","StuffTheSpire:Python"],"picked":"Slice","floor":10},{"not_picked":["StuffTheSpire:Injection","StuffTheSpire:Repulse"],"picked":"Bane","floor":11},{"not_picked":["Riddle With Holes","StuffTheSpire:Sprint"],"picked":"Deflect","floor":13},{"not_picked":["StuffTheSpire:BumpUp","Underhanded Strike"],"picked":"Poisoned Stab","floor":14}],"player_experience":2090279,"relics_obtained":[{"floor":4,"key":"foxEvents:LuckyCharm"},{"floor":9,"key":"Bag of Preparation"},{"floor":11,"key":"Paper Crane"}],"event_choices":[{"cards_removed":["WordoMod:Petrified"],"damage_healed":0,"gold_gain":0,"player_choice":"Removed Curses","damage_taken":0,"max_hp_gain":0,"max_hp_loss":0,"event_name":"Fountain of Cleansing","floor":12,"gold_loss":0}],"is_beta":false,"boss_relics":[],"items_purged_floors":[],"is_endless":false,"potions_floor_spawned":[3,4,5,7,11,13],"killed_by":"Fading Forest","ascension_level":15}}