{"host":"at5b10nm0iti0w4x","time":1614460715,"event":{"mods":["2.2 Compatiblity","AchievementEnabler","BaseMod","Bestiary","Block Reminder","Colored Map","Colored Powertips","Highlight Path","Keyboard Shortcuts","Minty Spire (QoL Compilation)","Quick Restart","Relic Stats","Slay the Relics Exporter","StSLib","SuperFastMode","Unknown Chances"],"gold_per_floor":[115,35,35,35,35,67,67,101,124,136,200,211,226,257,257,358,358,376,390,390,401,476,494,494,251,251,261,288,307,307,321,321,417,417,429,199,276,323,598,598,614,614,614,614,628,648,648,103,103,103],"floor_reached":51,"language":"ENG","playtime":2058,"items_purged":["Strike_R","Strike_R"],"score":910,"play_id":"b1429d6a-3c95-41d7-a2d0-73b7cfa3a0cd","local_time":"20210227161835","is_ascension_mode":false,"campfire_choices":[{"data":"Clothesline","floor":7,"key":"SMITH"},{"data":"Metallicize","floor":15,"key":"SMITH"},{"data":"Entrench","floor":24,"key":"SMITH"},{"data":"Barricade","floor":30,"key":"SMITH"},{"data":"Body Slam","floor":32,"key":"SMITH"},{"data":"Metallicize","floor":40,"key":"SMITH"},{"data":"Seeing Red","floor":42,"key":"SMITH"},{"data":"Feed","floor":44,"key":"SMITH"},{"data":"Good Instincts","floor":47,"key":"SMITH"},{"data":"Secret Technique","floor":49,"key":"SMITH"}],"circlet_count":0,"master_deck":["Strike_R","Strike_R","Defend_R","Defend_R","Defend_R+1","Defend_R","Bash","Pommel Strike","Metallicize+1","Clothesline+1","Flex+1","Barricade+1","Shrug It Off","Cleave","Flame Barrier","Rage","Feed+1","Seeing Red+1","Entrench+1","Shrug It Off","Body Slam+1","Good Instincts+1","Metallicize+1","Intimidate+1","Battle Trance","Trip","Secret Technique+1"],"relics":["Burning Blood","NeowsBlessing","WarpedTongs","Bronze Scales","Bottled Tornado","War Paint","Unceasing Top","Orichalcum","Cursed Key","Medical Kit","Self Forming Clay","Omamori","Pantograph","Magic Flower","Bag of Marbles"],"acts_visited":["Exordium","TheCity","TheBeyond"],"potions_floor_usage":[16,29,50,50],"damage_taken":[{"damage":0,"enemies":"Jaw Worm","floor":1,"turns":1},{"damage":0,"enemies":"3 Sentries","floor":6,"turns":1},{"damage":1,"enemies":"Lagavulin","floor":8,"turns":1},{"damage":5,"enemies":"Small Slimes","floor":10,"turns":3},{"damage":25,"enemies":"Gremlin Nob","floor":11,"turns":4},{"damage":2,"enemies":"Cultist","floor":12,"turns":3},{"damage":11,"enemies":"Exordium Wildlife","floor":13,"turns":3},{"damage":22,"enemies":"Gremlin Nob","floor":14,"turns":5},{"damage":26,"enemies":"The Guardian","floor":16,"turns":15},{"damage":10,"enemies":"Chosen","floor":18,"turns":6},{"damage":4,"enemies":"Shell Parasite","floor":19,"turns":4},{"damage":1,"enemies":"Cultist and Chosen","floor":21,"turns":10},{"damage":11,"enemies":"Snake Plant","floor":23,"turns":5},{"damage":0,"enemies":"Snecko","floor":27,"turns":10},{"damage":16,"enemies":"Gremlin Leader","floor":28,"turns":10},{"damage":13,"enemies":"3 Cultists","floor":29,"turns":6},{"damage":8,"enemies":"Snake Plant","floor":31,"turns":4},{"damage":0,"enemies":"Automaton","floor":33,"turns":21},{"damage":0,"enemies":"3 Darklings","floor":35,"turns":11},{"damage":39,"enemies":"2 Orb Walkers","floor":38,"turns":8},{"damage":0,"enemies":"Orb Walker","floor":41,"turns":5},{"damage":9,"enemies":"Spire Growth","floor":45,"turns":8},{"damage":2,"enemies":"3 Darklings","floor":46,"turns":8},{"damage":0,"enemies":"Donu and Deca","floor":50,"turns":17}],"seed_played":"-7948796192131640039","potions_obtained":[{"floor":10,"key":"FairyPotion"},{"floor":12,"key":"EssenceOfSteel"},{"floor":16,"key":"SpeedPotion"},{"floor":19,"key":"SteroidPotion"},{"floor":21,"key":"LiquidMemories"},{"floor":29,"key":"HeartOfIron"},{"floor":38,"key":"Energy Potion"}],"is_trial":false,"path_per_floor":["M","$","?","$","?","E","R","E","T","M","?","M","M","E","R","B",null,"M","M","?","M","?","M","R","$","T","M","E","M","R","M","R","B",null,"M","$","T","?","?","R","M","R","T","R","M","M","R","$","R","B",null],"character_chosen":"IRONCLAD","items_purchased":["Metallicize","Medical Kit","Good Instincts","Omamori","Battle Trance","Trip","Secret Technique","Bag of Marbles"],"campfire_rested":0,"item_purchase_floors":[2,25,25,36,48,48,48,48],"current_hp_per_floor":[80,80,73,73,73,79,79,80,80,80,61,65,60,44,44,24,80,76,81,81,83,75,74,74,74,74,80,73,66,66,64,64,74,94,98,98,98,65,65,65,80,80,80,80,80,87,87,87,87,106],"gold":103,"neow_bonus":"THREE_ENEMY_KILL","is_daily":false,"chose_seed":false,"campfire_upgraded":10,"win_rate":0.0,"timestamp":1614460715,"path_taken":["M","$","?","$","?","E","R","E","T","?","?","M","M","E","R","BOSS","M","M","?","?","?","M","R","?","T","?","E","M","R","M","R","BOSS","M","$","?","?","?","R","M","R","T","R","M","?","R","?","R","BOSS"],"items_purchased_type":["Card","Relic","Card","Relic","Card","Card","Card","Relic"],"build_version":"2020-12-22","purchased_purges":2,"victory":true,"max_hp_per_floor":[80,80,80,80,80,80,80,80,80,80,80,80,80,80,80,80,80,80,83,83,83,83,87,87,87,87,87,90,90,90,90,90,94,94,98,98,98,98,98,98,102,102,102,102,102,102,102,102,102,106],"relic_stats":{"counters":[24,169],"Self Forming Clay":[42],"Magic Flower":[11],"War Paint":["Flex","Defend_R"],"Orichalcum":[54],"Cursed Key":1,"Medical Kit":[17],"Burning Blood":127,"WarpedTongs":[154],"Bronze Scales":[535],"Pantograph":15,"obtain_stats":[{"NeowsBlessing":0,"Self Forming Clay":28,"Magic Flower":38,"Omamori":36,"Bottled Tornado":8,"War Paint":9,"Orichalcum":14,"Cursed Key":17,"Medical Kit":25,"Burning Blood":0,"WarpedTongs":5,"Bronze Scales":6,"Pantograph":37,"Bag of Marbles":48,"Unceasing Top":11},{"NeowsBlessing":0,"Self Forming Clay":15,"Magic Flower":20,"Omamori":19,"Bottled Tornado":3,"War Paint":3,"Orichalcum":8,"Cursed Key":9,"Medical Kit":13,"Burning Blood":0,"WarpedTongs":1,"Bronze Scales":2,"Pantograph":19,"Bag of Marbles":23,"Unceasing Top":5},{"NeowsBlessing":0,"Self Forming Clay":81,"Magic Flower":131,"Omamori":123,"Bottled Tornado":3,"War Paint":3,"Orichalcum":21,"Cursed Key":36,"Medical Kit":61,"Burning Blood":0,"WarpedTongs":1,"Bronze Scales":2,"Pantograph":123,"Bag of Marbles":152,"Unceasing Top":10}],"Unceasing Top":[51]},"card_choices":[{"not_picked":["Clash","Warcry"],"picked":"Pommel Strike","floor":1},{"not_picked":["Armaments","Perfected Strike"],"picked":"Clothesline","floor":6},{"not_picked":["Warcry","Sword Boomerang"],"picked":"Flex","floor":8},{"not_picked":["Burning Pact","Bloodletting"],"picked":"Barricade","floor":10},{"not_picked":["Iron Wave","Headbutt"],"picked":"Shrug It Off","floor":11},{"not_picked":["Sword Boomerang","Perfected Strike"],"picked":"Cleave","floor":12},{"not_picked":["Shrug It Off","Infernal Blade"],"picked":"Flame Barrier","floor":13},{"not_picked":["Wild Strike","Blood for Blood"],"picked":"Rage","floor":14},{"not_picked":["Impervious","Demon Form"],"picked":"Feed","floor":16},{"not_picked":["Infernal Blade+1","Anger"],"picked":"Seeing Red","floor":18},{"not_picked":["Perfected Strike+1","Armaments+1"],"picked":"Entrench","floor":19},{"not_picked":["Juggernaut","Anger"],"picked":"Shrug It Off","floor":21},{"not_picked":["Warcry+1","Headbutt"],"picked":"Body Slam","floor":23},{"not_picked":["Clothesline","Flex","Anger"],"picked":"SKIP","floor":27},{"not_picked":["Second Wind+1","Body Slam"],"picked":"Metallicize","floor":28},{"not_picked":["Twin Strike+1","Clothesline","Feel No Pain"],"picked":"SKIP","floor":29},{"not_picked":["Cleave","Perfected Strike"],"picked":"Intimidate+1","floor":31},{"not_picked":["Infernal Blade+1","Twin Strike","Body Slam+1"],"picked":"SKIP","floor":35},{"not_picked":["Body Slam","Uppercut","Clothesline+1"],"picked":"SKIP","floor":41},{"not_picked":["Body Slam","Cleave+1","Twin Strike+1"],"picked":"SKIP","floor":45},{"not_picked":["Bludgeon","Evolve+1","Combust+1"],"picked":"SKIP","floor":46}],"player_experience":136826,"relics_obtained":[{"floor":6,"key":"Bronze Scales"},{"floor":8,"key":"Bottled Tornado"},{"floor":9,"key":"War Paint"},{"floor":11,"key":"Unceasing Top"},{"floor":14,"key":"Orichalcum"},{"floor":28,"key":"Self Forming Clay"},{"floor":37,"key":"Pantograph"},{"floor":38,"key":"Magic Flower"}],"event_choices":[{"cards_removed":["Strike_R"],"damage_healed":0,"gold_gain":0,"player_choice":"Card Removal","damage_taken":7,"max_hp_gain":0,"max_hp_loss":0,"event_name":"Golden Wing","floor":3,"gold_loss":0},{"damage_healed":0,"gold_gain":0,"player_choice":"Rummage","damage_taken":0,"relics_obtained":["WarpedTongs"],"max_hp_gain":0,"max_hp_loss":0,"event_name":"Accursed Blacksmith","floor":5,"gold_loss":0,"cards_obtained":["Pain"]},{"damage_healed":0,"gold_gain":30,"player_choice":"Searched \u00272\u0027 times","damage_taken":0,"max_hp_gain":0,"max_hp_loss":0,"event_name":"Dead Adventurer","floor":11,"gold_loss":0},{"cards_removed":["Pain"],"damage_healed":0,"gold_gain":0,"player_choice":"Purged","damage_taken":0,"max_hp_gain":0,"max_hp_loss":0,"event_name":"Purifier","floor":20,"gold_loss":0},{"damage_healed":0,"gold_gain":75,"player_choice":"Touch","damage_taken":8,"max_hp_gain":0,"max_hp_loss":0,"event_name":"FaceTrader","floor":22,"gold_loss":0},{"damage_healed":0,"gold_gain":0,"player_choice":"Fight","damage_taken":0,"max_hp_gain":0,"max_hp_loss":0,"event_name":"Mysterious Sphere","floor":38,"gold_loss":0},{"damage_healed":0,"gold_gain":275,"player_choice":"Desecrate","damage_taken":0,"max_hp_gain":0,"max_hp_loss":0,"event_name":"Golden Shrine","floor":39,"gold_loss":0,"cards_obtained":["Regret"]}],"is_beta":false,"boss_relics":[{"not_picked":["Philosopher\u0027s Stone","Empty Cage"],"picked":"Cursed Key"},{"not_picked":["Pandora\u0027s Box","Coffee Dripper","Runic Dome"]}],"items_purged_floors":[36,48],"is_endless":false,"potions_floor_spawned":[10,12,16,19,21,29,38],"ascension_level":0}}