{"host":"w2kjv12xyhtt0cv2","time":1614424331,"event":{"mods":["10 clothes from DAL","100% Spire Juice","Act Like it!","BaseMod","Colored Map","Friendly Minions","Gensokyo","GifTheSpireLib","Highlight Path","Hubris","Library of Ruina","Minty Spire (QoL Compilation)","Quick Restart","Relic Stats","Reliquary","Replay The Spire","Ring Of Destiny","Robot Space Explorer","Shop Mod","Spicy Shops","StSLib","The Dragon Tamer","UnlockEverythingMod","Waifu the Spire","[IsaacMod]以撒尖塔","[功能]功能增强和修复MOD","【功能Mod】Neow奖励","【遗物卡牌】REMEMod","没有小屋子和绿帽子啦"],"gold_per_floor":[116,135,135,310,320,349,363,363,363],"floor_reached":8,"language":"ZHS","playtime":330,"items_purged":[],"score":78,"play_id":"35407ab6-5379-4e56-9745-a72038156798","local_time":"20210227191211","is_ascension_mode":true,"campfire_choices":[],"circlet_count":0,"master_deck":["RingOfDestiny:MaliciousBarrier","RingOfDestiny:DoomsdayStrike","RingOfDestiny:PowerOfGreed","RingOfDestiny:PowerOfEnvy","RingOfDestiny:DemonSkin","RingOfDestiny:DoomsdayProtection","RingOfDestiny:SarcasticSword","RingOfDestiny:MemoryBlade","RingOfDestiny:SongOfDoomsday","Burning Pact","Doubt","RingOfDestiny:LazyCloak"],"relics":["REME_ComplimentaryCards","HushsDoor","Pandora\u0027s Box","D6","Art of War"],"acts_visited":["Exordium"],"potions_floor_usage":[6],"damage_taken":[{"damage":0.0,"enemies":"Jaw Worm","floor":1.0,"turns":1.0},{"damage":4.0,"enemies":"2 Louse","floor":2.0,"turns":2.0},{"damage":0.0,"enemies":"Small Slimes","floor":5.0,"turns":2.0},{"damage":20,"enemies":"Gremlin Nob","floor":6,"turns":3},{"damage":16,"enemies":"2 Fungi Beasts","floor":7,"turns":3},{"damage":0,"enemies":"3 Sentries","floor":8,"turns":2}],"seed_played":"-2407979629938446076","potions_obtained":[{"floor":2.0,"key":"FearPotion"},{"floor":5.0,"key":"GamblersBrew"},{"floor":6,"key":"DuplicationPotion"}],"is_trial":false,"path_per_floor":["M","M","?","?","M","E","M","E"],"character_chosen":"Summoner","items_purchased":[],"campfire_rested":0,"item_purchase_floors":[],"current_hp_per_floor":[79,75,68,68,68,48,32,32,32],"gold":363,"neow_bonus":"BOSS_RELIC","is_daily":false,"chose_seed":false,"campfire_upgraded":0,"win_rate":0.0,"timestamp":1614424331,"path_taken":["M","M","?","?","M","E","M","E"],"items_purchased_type":[],"build_version":"2020-12-22","purchased_purges":0,"victory":false,"max_hp_per_floor":[88,88,88,88,88,88,88,88,88],"relic_stats":{"counters":[6,13],"Pandora\u0027s Box":["RingOfDestiny:DemonSkin","RingOfDestiny:CupOfDesire","RingOfDestiny:DoomsdayProtection","RingOfDestiny:SarcasticSword","RingOfDestiny:MemoryBlade","RingOfDestiny:SongOfDoomsday"],"Art of War":[0],"obtain_stats":[{"KeepersGift":0,"D6":0,"Pandora\u0027s Box":0,"Art of War":6,"RingOfDestiny:DemonicContract":0,"HushsDoor":0,"REME_ComplimentaryCards":0},{"KeepersGift":0,"D6":0,"Pandora\u0027s Box":0,"Art of War":4,"RingOfDestiny:DemonicContract":0,"HushsDoor":0,"REME_ComplimentaryCards":0},{"KeepersGift":0,"D6":0,"Pandora\u0027s Box":0,"Art of War":8,"RingOfDestiny:DemonicContract":0,"HushsDoor":0,"REME_ComplimentaryCards":0}]},"card_choices":[{"not_picked":[],"picked":"ChaosCard","floor":0.0},{"not_picked":["RingOfDestiny:Demonic","RingOfDestiny:TemptingFruits","RingOfDestiny:SarcasticSword"],"picked":"SKIP","floor":1.0},{"not_picked":["RingOfDestiny:MaskOfSuffering","RingOfDestiny:RingOfGreed","RingOfDestiny:SoulDiversion"],"picked":"SKIP","floor":2.0},{"not_picked":["RingOfDestiny:MaliciousConversion","RingOfDestiny:RingOfGreed","RingOfDestiny:CrownOfPride"],"picked":"SKIP","floor":5.0},{"not_picked":["RingOfDestiny:FairDealing","RingOfDestiny:GreedySummon"],"picked":"RingOfDestiny:LazyCloak","floor":6},{"not_picked":["RingOfDestiny:CupOfDesire","RingOfDestiny:TortureBlade","RingOfDestiny:SarcasticSword"],"picked":"SKIP","floor":7}],"player_experience":98393,"relics_obtained":[{"floor":6,"key":"Art of War"}],"event_choices":[{"cards_removed":["RingOfDestiny:CupOfDesire"],"damage_healed":0.0,"max_hp_gain":0.0,"max_hp_loss":0.0,"gold_gain":0.0,"event_name":"Golden Wing","player_choice":"Card Removal","floor":3.0,"gold_loss":0.0,"damage_taken":7.0},{"damage_healed":0.0,"max_hp_gain":0.0,"max_hp_loss":0.0,"gold_gain":175.0,"event_name":"Liars Game","player_choice":"AGREE","floor":4.0,"gold_loss":0.0,"damage_taken":0.0,"cards_obtained":["Doubt"]}],"is_beta":false,"boss_relics":[],"items_purged_floors":[],"is_endless":false,"potions_floor_spawned":[2,5,6],"killed_by":"3 Sentries","ascension_level":7}}