{"host":"khwpnvgc3av0w6xd","time":1614417968,"event":{"mods":["BaseMod","Block Reminder","Colored Map","DeckTracker","Highlight Path","Minty Spire (QoL Compilation)","Quick Restart"],"gold_per_floor":[112,129,129,146,161,161,195,209,256,268,268,115,115,115,115,211,211,226,226,256,270,270,270],"floor_reached":22,"language":"DEU","playtime":1147,"items_purged":[],"score":205,"play_id":"b744b6cf-24a8-45d0-9393-3f98cc9e37e4","local_time":"20210227102608","is_ascension_mode":true,"campfire_choices":[{"data":"Worship","floor":6.0,"key":"SMITH"},{"data":"Study","floor":13.0,"key":"SMITH"},{"data":"Tantrum","floor":15.0,"key":"SMITH"}],"circlet_count":0,"master_deck":["Strike_P","Strike_P","Strike_P","Strike_P","Defend_P","Defend_P+1","Defend_P","Defend_P","Eruption+1","Vigilance","BowlingBash","Crescendo+1","Worship+1","Study+1","Indignation","Tantrum+1","The Bomb","Double Energy+1","ClearTheMind"],"relics":["HolyWater","Mango","Bag of Marbles","HornCleat","PrismaticShard","Red Mask"],"acts_visited":["Exordium","TheCity"],"potions_floor_usage":[22,22],"damage_taken":[{"damage":1.0,"enemies":"2 Louse","floor":1.0,"turns":2.0},{"damage":2.0,"enemies":"Jaw Worm","floor":2.0,"turns":2.0},{"damage":0.0,"enemies":"Small Slimes","floor":4.0,"turns":2.0},{"damage":3.0,"enemies":"3 Louse","floor":5.0,"turns":2.0},{"damage":15.0,"enemies":"Lagavulin","floor":7.0,"turns":5.0},{"damage":0.0,"enemies":"Blue Slaver","floor":8.0,"turns":6.0},{"damage":11.0,"enemies":"Looter","floor":10.0,"turns":3.0},{"damage":30.0,"enemies":"Hexaghost","floor":16.0,"turns":9.0},{"damage":20.0,"enemies":"Chosen","floor":18.0,"turns":5.0},{"damage":14,"enemies":"Masked Bandits","floor":20,"turns":4},{"damage":31,"enemies":"Shell Parasite","floor":21,"turns":5},{"damage":23,"enemies":"Shelled Parasite and Fungi","floor":22,"turns":2}],"seed_played":"-2157500557486035005","potions_obtained":[{"floor":2.0,"key":"AttackPotion"},{"floor":4.0,"key":"SkillPotion"},{"floor":10.0,"key":"BottledMiracle"},{"floor":20,"key":"Swift Potion"},{"floor":21,"key":"Fire Potion"}],"is_trial":false,"path_per_floor":["M","M","?","M","M","R","E","M","T","M","T","$","R","?","R","B",null,"M","?","?","M","M"],"character_chosen":"WATCHER","items_purchased":["PrismaticShard"],"campfire_rested":0,"item_purchase_floors":[12],"current_hp_per_floor":[71,69,55,55,52,52,51,51,51,40,40,40,40,40,40,10,86,66,66,52,21,0,0],"gold":270,"neow_bonus":"UPGRADE_CARD","is_daily":false,"chose_seed":false,"campfire_upgraded":3,"win_rate":0.0,"timestamp":1614417968,"path_taken":["M","M","?","M","M","R","E","M","T","M","?","?","R","?","R","BOSS","M","?","?","M","M"],"items_purchased_type":["Relic"],"build_version":"2020-12-22","purchased_purges":0,"victory":false,"max_hp_per_floor":[72,72,72,72,72,72,86,86,86,86,86,86,86,86,86,86,86,86,86,86,86,86,86],"card_choices":[{"not_picked":["InnerPeace","CrushJoints"],"picked":"BowlingBash","floor":1.0},{"not_picked":["JustLucky","CutThroughFate"],"picked":"Crescendo","floor":2.0},{"not_picked":["Nirvana","PathToVictory"],"picked":"Worship","floor":4.0},{"not_picked":["EmptyFist","Collect"],"picked":"Study","floor":5.0},{"not_picked":["Consecrate","EmptyBody"],"picked":"Indignation","floor":7.0},{"not_picked":["SashWhip","SignatureMove","CrushJoints"],"picked":"SKIP","floor":8.0},{"not_picked":["Fasting2","Consecrate"],"picked":"Tantrum","floor":10.0},{"not_picked":["Wish","Violence"],"picked":"The Bomb","floor":16.0},{"not_picked":["Ball Lightning","PiercingWail"],"picked":"Double Energy+1","floor":18.0},{"not_picked":["Tempest","Havoc","SashWhip"],"picked":"SKIP","floor":21}],"player_experience":130118,"relics_obtained":[{"floor":7.0,"key":"Mango"},{"floor":9.0,"key":"Bag of Marbles"},{"floor":11.0,"key":"HornCleat"},{"floor":20,"key":"Red Mask"}],"event_choices":[{"damage_healed":0.0,"max_hp_gain":0.0,"max_hp_loss":0.0,"gold_gain":0.0,"event_name":"Shining Light","player_choice":"Entered Light","floor":3.0,"gold_loss":0.0,"damage_taken":14.0,"cards_upgraded":["Defend_P","Crescendo"]},{"damage_healed":0.0,"max_hp_gain":0.0,"max_hp_loss":0.0,"gold_gain":0.0,"event_name":"Liars Game","player_choice":"Ignored","floor":14.0,"gold_loss":0.0,"damage_taken":0.0},{"damage_healed":0.0,"max_hp_gain":0.0,"max_hp_loss":0.0,"gold_gain":0.0,"event_name":"The Library","player_choice":"Read","floor":19.0,"gold_loss":0.0,"damage_taken":0.0,"cards_obtained":["ClearTheMind"]},{"damage_healed":0,"gold_gain":0,"player_choice":"Fought Bandits","damage_taken":0,"max_hp_gain":0,"max_hp_loss":0,"event_name":"Masked Bandits","floor":20,"gold_loss":0}],"is_beta":false,"boss_relics":[{"not_picked":["VioletLotus","Cursed Key"],"picked":"HolyWater"}],"items_purged_floors":[],"is_endless":false,"potions_floor_spawned":[2,4,10,20,21],"killed_by":"Shelled Parasite and Fungi","ascension_level":2}}