{"host":"28wgp68li8o525n6","time":1614434894,"event":{"mods":["BaseMod","Minty Spire (QoL Compilation)","Reliquary","StSLib","The Marked","Trackpad"],"gold_per_floor":[117,117,127,92,42,42,77,252,276,71,87,87,87,106,106,203,203,222,24,24,42,60,99,122,44,67,17,26,45,76,101,101,214,214,233,283,208,254,254,254,273,273,273,273,309,309,325,359,359,359],"floor_reached":51,"language":"ENG","playtime":6106,"items_purged":["Strike_R","Doubt","Strike_R","Strike_R","Defend_R","Strike_R"],"score":816,"play_id":"543ce7b9-0853-4f9b-acee-816cf4d40e7c","local_time":"20210227150814","is_ascension_mode":false,"campfire_choices":[{"data":"Cleave","floor":6,"key":"SMITH"},{"data":"Juggernaut","floor":12,"key":"SMITH"},{"data":"Anger","floor":15,"key":"SMITH"},{"data":"Exhume","floor":32,"key":"SMITH"},{"data":"Rage","floor":40,"key":"SMITH"},{"data":"1","floor":42,"key":"LIFT"},{"data":"2","floor":49,"key":"LIFT"}],"circlet_count":0,"master_deck":["Defend_R","Defend_R","Defend_R","Anger+1","Cleave+1","Pommel Strike","Juggernaut+1","Clash","Feed","Iron Wave+1","Seeing Red+1","Shrug It Off","Exhume+1","Inflame+1","Rage+1","Shrug It Off","Juggernaut+1","Disarm","Barricade+1"],"relics":["Burning Blood","Smiling Mask","Bronze Scales","reliquary:Spinner","trackpad:CultistFigurine","Frozen Egg 2","reliquary:ThirdArm","Bag of Marbles","CeramicFish","Strawberry","Girya","reliquary:RedCape","Thread and Needle","trackpad:BerserkersDraught","Magic Flower","Meat on the Bone","Lantern"],"acts_visited":["Exordium","TheCity","TheBeyond"],"potions_floor_usage":[16,23,33,38,48,50,50],"damage_taken":[{"damage":0,"enemies":"Small Slimes","floor":1,"turns":4},{"damage":1,"enemies":"Jaw Worm","floor":3,"turns":4},{"damage":12,"enemies":"3 Sentries","floor":7,"turns":6},{"damage":0,"enemies":"2 Louse","floor":11,"turns":2},{"damage":6,"enemies":"Exordium Thugs","floor":14,"turns":2},{"damage":14,"enemies":"The Guardian","floor":16,"turns":7},{"damage":3,"enemies":"Spheric Guardian","floor":18,"turns":2},{"damage":3,"enemies":"Chosen","floor":21,"turns":3},{"damage":0,"enemies":"Snake Plant","floor":22,"turns":2},{"damage":25,"enemies":"Book of Stabbing","floor":23,"turns":4},{"damage":0,"enemies":"Centurion and Healer","floor":24,"turns":5},{"damage":24,"enemies":"Shelled Parasite and Fungi","floor":29,"turns":4},{"damage":8,"enemies":"Gremlin Leader","floor":30,"turns":5},{"damage":10,"enemies":"Snake Plant","floor":31,"turns":4},{"damage":0,"enemies":"Automaton","floor":33,"turns":6},{"damage":12,"enemies":"3 Shapes","floor":35,"turns":5},{"damage":0,"enemies":"Mind Bloom Boss Battle","floor":36,"turns":3},{"damage":6,"enemies":"2 Orb Walkers","floor":38,"turns":3},{"damage":5,"enemies":"Orb Walker","floor":41,"turns":3},{"damage":0,"enemies":"Giant Head","floor":45,"turns":5},{"damage":6,"enemies":"3 Darklings","floor":47,"turns":4},{"damage":32,"enemies":"Reptomancer","floor":48,"turns":4},{"damage":42,"enemies":"Donu and Deca","floor":50,"turns":7}],"seed_played":"-1680358027081549934","potions_obtained":[{"floor":1,"key":"Weak Potion"},{"floor":18,"key":"GamblersBrew"},{"floor":23,"key":"FairyPotion"},{"floor":30,"key":"HeartOfIron"},{"floor":33,"key":"SkillPotion"},{"floor":36,"key":"AttackPotion"},{"floor":45,"key":"SkillPotion"},{"floor":48,"key":"LiquidBronze"}],"is_trial":false,"path_per_floor":["M","?","M","?","$","R","E","?","T","$","M","R","T","M","R","B",null,"M","$","?","M","M","E","M","$","T","$","?","M","E","M","R","B",null,"M","?","$","?","?","R","M","R","T","?","E","?","M","E","R","B",null],"character_chosen":"IRONCLAD","items_purchased":["trackpad:CultistFigurine","Bag of Marbles","Inflame+1","Disarm"],"campfire_rested":0,"item_purchase_floors":[10,19,25,37],"current_hp_per_floor":[62,29,34,54,54,54,48,48,48,48,54,54,54,54,54,46,80,80,80,80,83,83,64,73,73,80,80,80,62,63,59,59,65,96,96,102,102,102,97,97,97,97,97,97,97,97,97,74,74,64],"gold":359,"neow_bonus":"REMOVE_TWO","is_daily":false,"chose_seed":false,"campfire_upgraded":5,"win_rate":0.0,"timestamp":1614434894,"path_taken":["M","?","M","?","$","R","E","?","T","?","M","R","?","?","R","BOSS","M","$","?","M","M","E","M","$","T","$","?","M","E","?","R","BOSS","M","?","$","?","?","R","M","R","T","?","E","?","?","E","R","BOSS"],"items_purchased_type":["Relic","Relic","Card","Card"],"build_version":"2020-12-22","purchased_purges":6,"victory":true,"max_hp_per_floor":[80,80,80,80,80,80,80,80,80,80,80,80,80,80,80,80,80,80,80,80,83,83,83,86,86,93,93,93,93,96,96,96,96,96,102,102,102,102,97,97,97,97,97,97,97,97,97,97,97,100],"card_choices":[{"not_picked":["Dual Wield","Seeing Red"],"picked":"Anger","floor":1},{"not_picked":["Headbutt","Wild Strike"],"picked":"Cleave","floor":3},{"not_picked":["Warcry","Burning Pact"],"picked":"Pommel Strike","floor":7},{"not_picked":["Headbutt","Warcry"],"picked":"Juggernaut","floor":11},{"not_picked":["Anger","Havoc"],"picked":"Clash","floor":14},{"not_picked":["Reaper","Limit Break"],"picked":"Feed","floor":16},{"not_picked":["Body Slam","Perfected Strike","Sentinel"],"picked":"SKIP","floor":18},{"not_picked":["True Grit+1","Flex"],"picked":"Iron Wave+1","floor":21},{"not_picked":["Clothesline","Wild Strike"],"picked":"Seeing Red+1","floor":22},{"not_picked":["Cleave","Pummel"],"picked":"Shrug It Off","floor":23},{"not_picked":["Dropkick","Clash"],"picked":"Exhume","floor":24},{"not_picked":["Clash","Body Slam","Heavy Blade"],"picked":"SKIP","floor":29},{"not_picked":["True Grit","Iron Wave","Armaments"],"picked":"SKIP","floor":30},{"not_picked":["Thunderclap","Carnage"],"picked":"Shrug It Off","floor":31},{"not_picked":["Limit Break","Offering"],"picked":"Juggernaut+1","floor":33},{"not_picked":["Reckless Charge+1","Infernal Blade","Iron Wave"],"picked":"SKIP","floor":35},{"not_picked":["Warcry","Pummel+1","Body Slam+1"],"picked":"SKIP","floor":41},{"not_picked":["Rupture+1","Armaments"],"picked":"Barricade+1","floor":45},{"not_picked":["Clothesline","Flex","Twin Strike"],"picked":"SKIP","floor":47},{"not_picked":["Reckless Charge+1","Second Wind+1","Armaments+1"],"picked":"SKIP","floor":48}],"player_experience":783009,"relics_obtained":[{"floor":7,"key":"Bronze Scales"},{"floor":9,"key":"reliquary:Spinner"},{"floor":13,"key":"Frozen Egg 2"},{"floor":23,"key":"CeramicFish"},{"floor":26,"key":"Strawberry"},{"floor":30,"key":"Girya"},{"floor":36,"key":"Thread and Needle"},{"floor":38,"key":"trackpad:BerserkersDraught"},{"floor":43,"key":"Magic Flower"},{"floor":45,"key":"Meat on the Bone"},{"floor":48,"key":"Lantern"}],"event_choices":[{"damage_healed":0,"gold_gain":0,"player_choice":"Success","damage_taken":33,"relics_obtained":["Smiling Mask"],"max_hp_gain":0,"max_hp_loss":0,"event_name":"Scrap Ooze","floor":2,"gold_loss":0},{"damage_healed":20,"gold_gain":0,"player_choice":"Healed","damage_taken":0,"max_hp_gain":0,"max_hp_loss":0,"event_name":"The Cleric","floor":4,"gold_loss":35},{"damage_healed":0,"gold_gain":175,"player_choice":"AGREE","damage_taken":0,"max_hp_gain":0,"max_hp_loss":0,"event_name":"Liars Game","floor":8,"gold_loss":0,"cards_obtained":["Doubt"]},{"damage_healed":0,"gold_gain":0,"player_choice":"Ignored","damage_taken":0,"max_hp_gain":0,"max_hp_loss":0,"event_name":"Vampires","floor":20,"gold_loss":0},{"damage_healed":0,"gold_gain":0,"player_choice":"Read","damage_taken":0,"max_hp_gain":0,"max_hp_loss":0,"event_name":"The Library","floor":28,"gold_loss":0,"cards_obtained":["Rage"]},{"damage_healed":0,"gold_gain":0,"player_choice":"Fight","damage_taken":0,"max_hp_gain":0,"max_hp_loss":0,"event_name":"MindBloom","floor":36,"gold_loss":0},{"damage_healed":0,"gold_gain":0,"player_choice":"Fight","damage_taken":0,"max_hp_gain":0,"max_hp_loss":0,"event_name":"Mysterious Sphere","floor":38,"gold_loss":0},{"damage_healed":0,"gold_gain":0,"player_choice":"Max HP","damage_taken":0,"max_hp_gain":0,"max_hp_loss":5,"event_name":"Winding Halls","floor":39,"gold_loss":0},{"damage_healed":0,"gold_gain":0,"player_choice":"Memory 1","damage_taken":0,"max_hp_gain":0,"max_hp_loss":0,"event_name":"SensoryStone","floor":44,"gold_loss":0},{"damage_healed":0,"gold_gain":0,"player_choice":"Ignored","damage_taken":0,"max_hp_gain":0,"max_hp_loss":0,"event_name":"Tomb of Lord Red Mask","floor":46,"gold_loss":0}],"is_beta":false,"boss_relics":[{"not_picked":["Astrolabe","SacredBark"],"picked":"reliquary:ThirdArm"},{"not_picked":["Black Blood","reliquary:RustamsPendant"],"picked":"reliquary:RedCape"}],"items_purged_floors":[5,10,19,25,27,37],"is_endless":false,"potions_floor_spawned":[1,18,23,30,33,36,45,48],"ascension_level":0}}