{"host":"wytxk0p0sw9oqde1","time":1614402087,"event":{"mods":["AchievementEnabler","BaseMod","Colored Powertips","Downfall","Minty Spire (QoL Compilation)","Quick Restart","StSLib","SuperFastMode"],"gold_per_floor":[99,112,128,140,158,192,241,253,320,332,344,381,409,436,467,583,595,607,631,660,692,689,701,791,803,840,868,892,904,916,74,94,94,94,94],"floor_reached":33,"language":"ENG","playtime":2250,"items_purged":["Slimebound:FlameTackle+1"],"score":356,"play_id":"1a98e2c2-297e-47f1-8ccd-63643c780ccc","local_time":"20210226210127","is_ascension_mode":false,"campfire_choices":[{"data":"Slimebound:Split","floor":1,"key":"SMITH"},{"data":"Slimebound:FlameTackle","floor":8,"key":"SMITH"},{"floor":11,"key":"REST"},{"data":"Slimebound:Equalize","floor":18,"key":"SMITH"},{"data":"Slimebound:Overexert","floor":23,"key":"SMITH"},{"data":"Slimebound:Teamwork","floor":30,"key":"SMITH"}],"circlet_count":0,"master_deck":["Slimebound:Strike_Slimebound","Slimebound:Strike_Slimebound","Slimebound:Strike_Slimebound","Slimebound:Tackle","Slimebound:Defend_Slimebound","Slimebound:Defend_Slimebound","Slimebound:Defend_Slimebound","Slimebound:Defend_Slimebound","Slimebound:Split+1","Slimebound:CorrosiveSpit","Slimebound:PressTheAttack","Slimebound:SplitBruiser","Slimebound:SplitMire","Slimebound:ProtectTheBoss","Slimebound:ItLooksTasty","Slimebound:Teamwork+1","Slimebound:SpikyOuterGoop","Slimebound:Equalize+1","Slimebound:SlimeSpikes","Slimebound:LeechLife","Slimebound:AcidTongue","Slimebound:LeechEnergy","Slimebound:LivingWall","Slimebound:Overexert+1","Ghostly","Ghostly","Ghostly","Ghostly","Ghostly","Slimebound:LevelUp","Slimebound:PressTheAttack+1","Slimebound:Schlurp+1","Slimebound:Replication+1","Slimebound:RejuvenatingLick","Slimebound:SlimeTap","Slimebound:Gluttony","expansioncontent:StudyTheSpire","Slimebound:LivingWall+1"],"relics":["Slimebound:AbsorbEndCombat","MawBank","Toy Ornithopter","Ice Cream","Slimebound:TarBlob","Bottled Tornado","Mummified Hand","Enchiridion","CeramicFish","Shuriken"],"acts_visited":["Exordium","TheCity"],"potions_floor_usage":[22,26,31],"damage_taken":[{"damage":3,"enemies":"Jaw Worm","floor":2,"turns":5},{"damage":6,"enemies":"Cultist","floor":3,"turns":4},{"damage":8,"enemies":"2 Louse","floor":4,"turns":2},{"damage":23,"enemies":"Large Slime","floor":5,"turns":5},{"damage":23,"enemies":"Lagavulin","floor":6,"turns":6},{"damage":17,"enemies":"Gremlin Nob","floor":9,"turns":3},{"damage":0,"enemies":"Gremlin Nob","floor":12,"turns":3},{"damage":7,"enemies":"Blue Slaver","floor":13,"turns":3},{"damage":17,"enemies":"Exordium Wildlife","floor":14,"turns":5},{"damage":7,"enemies":"Red Slaver","floor":15,"turns":4},{"damage":42,"enemies":"IC_STATUS_ARCHETYPE","floor":16,"turns":9},{"damage":11,"enemies":"Spheric Guardian","floor":19,"turns":4},{"damage":47,"enemies":"3 Byrds","floor":20,"turns":7},{"damage":41,"enemies":"Sentry and Sphere","floor":21,"turns":7},{"damage":0,"enemies":"downfall:FleeingMerchant","floor":22,"turns":4},{"damage":3,"enemies":"Slavers","floor":26,"turns":6},{"damage":7,"enemies":"Centurion and Healer","floor":27,"turns":7},{"damage":1,"enemies":"Snecko","floor":28,"turns":6},{"damage":10,"enemies":"downfall:FleeingMerchant","floor":31,"turns":4},{"damage":0,"enemies":"Snake Plant","floor":32,"turns":4},{"damage":49,"enemies":"WA_ARCHETYPE_CALM","floor":33,"turns":5}],"seed_played":"-3437026844539106355","potions_obtained":[{"floor":9,"key":"PowerPotion"},{"floor":12,"key":"FearPotion"},{"floor":13,"key":"hexamod:SoulburnPotion"},{"floor":14,"key":"bronze:BurnAndBuffPotion"},{"floor":21,"key":"LiquidMemories"},{"floor":26,"key":"CultistPotion"},{"floor":28,"key":"DistilledChaos"},{"floor":32,"key":"SkillPotion"}],"is_trial":false,"path_per_floor":["R","M","M","M","M","E","T","R","?","?","R","E","M","M","M","B",null,"R","M","M","M","$","R","T","?","E","M","M","?","R","$","M","B"],"character_chosen":"SLIMEBOUND","items_purchased":["Slimebound:RejuvenatingLick","Slimebound:SlimeTap","Slimebound:Gluttony","expansioncontent:StudyTheSpire","CeramicFish","Shuriken"],"campfire_rested":1,"item_purchase_floors":[31,31,31,31,31,31],"current_hp_per_floor":[71,71,69,63,48,33,33,33,22,22,43,51,48,43,42,16,71,71,70,45,24,47,47,47,35,35,35,35,19,19,24,35,0,0,0],"gold":94,"neow_bonus":"TEN_PERCENT_HP_BONUS","is_daily":false,"chose_seed":false,"campfire_upgraded":5,"win_rate":0.0,"timestamp":1614402087,"path_taken":["R","M","M","M","M","E","T","R","?","?","R","E","M","M","M","BOSS","R","M","M","?","$","R","T","?","E","M","M","?","R","?","M","BOSS"],"items_purchased_type":["Card","Card","Card","Card","Relic","Relic"],"build_version":"2020-12-22","purchased_purges":1,"victory":false,"max_hp_per_floor":[71,71,71,71,71,71,71,71,71,71,71,71,71,71,71,71,71,71,71,71,71,71,71,71,35,35,35,35,35,35,35,35,35,35,35],"card_choices":[{"not_picked":["Slimebound:LivingWall","Slimebound:Prepare"],"picked":"Slimebound:PressTheAttack","floor":2},{"not_picked":["Slimebound:LivingWall","Slimebound:Replication"],"picked":"Slimebound:SplitBruiser","floor":3},{"not_picked":["Slimebound:Gluttony","Slimebound:RollThrough"],"picked":"Slimebound:FlameTackle","floor":4},{"not_picked":["Slimebound:GoopTackle","Slimebound:FinishingTackle"],"picked":"Slimebound:SplitMire","floor":5},{"not_picked":["Slimebound:SplitBruiser","Slimebound:ForwardTackle"],"picked":"Slimebound:ProtectTheBoss","floor":6},{"not_picked":["Slimebound:WasteNot","Slimebound:GoopTackle"],"picked":"Slimebound:ItLooksTasty","floor":9},{"not_picked":["Slimebound:GoopTackle","Slimebound:HauntingLick"],"picked":"Slimebound:SpikyOuterGoop","floor":12},{"not_picked":["Slimebound:Gluttony","Slimebound:SplitMire"],"picked":"Slimebound:Equalize","floor":13},{"not_picked":["Slimebound:SplitBruiser","Slimebound:Replication"],"picked":"Slimebound:SlimeSpikes","floor":14},{"not_picked":["Slimebound:Grow","Slimebound:FinishingTackle","Slimebound:SlimeBrawl"],"picked":"SKIP","floor":15},{"not_picked":["Slimebound:DuplicatedForm","Slimebound:SlimeSlap"],"picked":"Slimebound:LeechLife","floor":16},{"not_picked":["Slimebound:LeechingTouch","Slimebound:ComboTackle+1"],"picked":"Slimebound:AcidTongue","floor":19},{"not_picked":["Slimebound:LeadByExample","Slimebound:ProtectTheBoss"],"picked":"Slimebound:LeechEnergy","floor":20},{"not_picked":["Slimebound:Chomp","Slimebound:TongueLash"],"picked":"Slimebound:LivingWall","floor":21},{"not_picked":["Slimebound:ComboTackle","Slimebound:FormOfPuddle"],"picked":"Slimebound:Overexert","floor":22},{"not_picked":["Slimebound:ForwardTackle+1","Slimebound:SplitLeeching"],"picked":"Slimebound:LevelUp","floor":26},{"not_picked":["Slimebound:FinishingTackle","Slimebound:SlimeBarrage"],"picked":"Slimebound:PressTheAttack+1","floor":27},{"not_picked":["Slimebound:SamplingLick","Slimebound:HauntingLick"],"picked":"Slimebound:Schlurp+1","floor":28},{"not_picked":["Slimebound:ComboTackle","Slimebound:SlimeSpikes"],"picked":"Slimebound:Replication+1","floor":31},{"not_picked":["Slimebound:BestDefense","Slimebound:RollThrough"],"picked":"Slimebound:LivingWall+1","floor":32}],"player_experience":401884,"relics_obtained":[{"floor":6,"key":"InkBottle"},{"floor":7,"key":"MawBank"},{"floor":9,"key":"Toy Ornithopter"},{"floor":12,"key":"Ice Cream"},{"floor":24,"key":"Bottled Tornado"},{"floor":26,"key":"Mummified Hand"},{"floor":29,"key":"Enchiridion"}],"event_choices":[{"damage_healed":0,"gold_gain":0,"player_choice":"Became a Ghost","damage_taken":0,"max_hp_gain":0,"max_hp_loss":36,"event_name":"Ghosts","floor":25,"gold_loss":0,"cards_obtained":["Ghostly","Ghostly","Ghostly","Ghostly","Ghostly"]}],"is_beta":false,"boss_relics":[{"not_picked":["Busted Crown","Coffee Dripper"],"picked":"Slimebound:TarBlob"}],"items_purged_floors":[31],"is_endless":false,"potions_floor_spawned":[9,12,13,14,15,20,21,26,28,32],"killed_by":"WA_ARCHETYPE_CALM","ascension_level":0}}