{"host":"h3awr6eovmieyhyn","time":1614409190,"event":{"mods":["Act Like it!","Aspiration","BaseMod","BetterRewards","Downfall","Gensokyo","Hubris","Infinite Spire","Lobotomy","LobotomyExtend","Marisa????????","Minty Spire (QoL Compilation)","Reliquary","Replay The Spire","Robot Space Explorer","Shade Mod","StSLib","Td1madao Mod","The Bug Knight","The Cursed","The Disciple","The Hierophant","The Jungle","The Marked","The Necromancer","The Servant 0.9.4","[IsaacMod]????"],"gold_per_floor":[111,111,111,129,129,129,160,160,160,160,11,39,39,56,56,151,151,164,7,7,7,32,32,32,32,32],"floor_reached":24,"language":"ENG","playtime":1067,"items_purged":[],"score":243,"play_id":"91b6bbfb-2581-4811-b1c1-6df0ea5dc429","local_time":"20210227065950","daily_mods":["Heirloom","Flight","DeadlyEvents"],"is_ascension_mode":false,"campfire_choices":[{"data":"Guardian:GuardianWhirl","floor":6,"key":"SMITH"},{"data":"Guardian:PrismaticBarrier","floor":8,"key":"SMITH"},{"data":"Guardian:TwinSlam","floor":10,"key":"SMITH"},{"data":"Guardian:WalkerClaw","floor":13,"key":"SMITH"},{"data":"Guardian:CurlUp","floor":15,"key":"SMITH"},{"data":"Guardian:HyperBeam_Guardian","floor":23,"key":"SMITH"}],"circlet_count":0,"master_deck":["Guardian:Strike_Guardian+1","Guardian:Strike_Guardian","Guardian:Strike_Guardian","Guardian:Strike_Guardian","Guardian:Defend_Guardian","Guardian:Defend_Guardian","Guardian:Defend_Guardian","Guardian:Defend_Guardian","Guardian:CurlUp+1","Guardian:TwinSlam+1","Guardian:RollAttack","Guardian:GuardianWhirl+1","Looming Evil","Guardian:PrismaticBarrier+1","Guardian:WalkerClaw+1","Guardian:TemporalStrike","Guardian:HyperBeam_Guardian+1","Guardian:DonusPower+1"],"relics":["Guardian:ModeShifter","replay:Trail_Library","HushsDoor","Chaos","Orichalcum","LetterFromLob","Ring of Hypnosis","ReplayTheSpireMod:Ring of Collecting","Guardian:SackOfGems","Strawberry","Ring of Misfortune","sneckomod:BlankCard","Replay:Accelerometer","MyShadow","Bronze Scales","hubris:BlackHole","Smiling Mask"],"acts_visited":["Exordium","TheCity"],"potions_floor_usage":[],"damage_taken":[{"damage":2,"enemies":"Jaw Worm","floor":1,"turns":5},{"damage":1,"enemies":"Cultist","floor":4,"turns":3},{"damage":22,"enemies":"3 Sentries","floor":7,"turns":11},{"damage":12,"enemies":"Lagavulin","floor":12,"turns":5},{"damage":0,"enemies":"2 Louse","floor":14,"turns":2},{"damage":4,"enemies":"Slime Boss","floor":16,"turns":16},{"damage":7,"enemies":"3 Byrds","floor":18,"turns":2},{"damage":0,"enemies":"Slavers","floor":22,"turns":1},{"damage":0,"enemies":"Book of Stabbing","floor":24,"turns":1}],"seed_played":"-92915354624021763","potions_obtained":[{"floor":16,"key":"Adrenaline Potion"},{"floor":18,"key":"Adrenaline Potion"}],"is_trial":true,"path_per_floor":["M","?","?","M","?","R","E","R","T","R","$","E","R","M","R","B",null,"M","$","?","?","E","R","E"],"character_chosen":"GUARDIAN","items_purchased":["sneckomod:BlankCard","Bronze Scales"],"campfire_rested":0,"item_purchase_floors":[11,19],"current_hp_per_floor":[78,78,78,77,77,77,55,55,62,62,62,50,50,50,50,46,87,80,80,80,80,80,80,80,80,80],"gold":32,"neow_bonus":"","is_daily":false,"chose_seed":false,"campfire_upgraded":6,"win_rate":0.0,"timestamp":1614409190,"path_taken":["M","?","?","M","?","R","E","R","T","R","$","?","R","?","R","BOSS","M","$","?","?","?","R","?"],"items_purchased_type":["Relic","Relic"],"build_version":"2020-12-22","purchased_purges":0,"victory":false,"max_hp_per_floor":[80,80,80,80,80,80,80,80,87,87,87,87,87,87,87,87,87,87,87,87,87,87,87,87,87,87],"card_choices":[{"not_picked":["Guardian:PrimingBeam","Guardian:ShieldCharger"],"picked":"Guardian:RollAttack","floor":1},{"not_picked":["Guardian:SpikerProtocol","Guardian:CrystalBeam"],"picked":"Guardian:GuardianWhirl","floor":4},{"not_picked":["Guardian:Gem_Blue","Guardian:TemporalStrike"],"picked":"Guardian:PrismaticBarrier","floor":7},{"not_picked":["Guardian:TemporalShield","Guardian:PrimingBeam"],"picked":"Guardian:Gem_Red","floor":12},{"not_picked":["Bomb","Guardian:Clone"],"picked":"Guardian:TemporalStrike","floor":14},{"not_picked":["Guardian:TimeSifter","Guardian:Gem_Synthetic"],"picked":"Guardian:HyperBeam_Guardian","floor":16},{"not_picked":["Guardian:PrismaticBarrier+1","Guardian:VentSteam"],"picked":"Guardian:DonusPower+1","floor":18},{"not_picked":["Guardian:WalkerClaw","Guardian:Clone"],"picked":"Guardian:Gem_Fragmented","floor":22}],"player_experience":180915,"relics_obtained":[{"floor":1,"key":"LetterFromLob"},{"floor":5,"key":"Ring of Hypnosis"},{"floor":5,"key":"ReplayTheSpireMod:Ring of Collecting"},{"floor":7,"key":"Guardian:SackOfGems"},{"floor":9,"key":"Strawberry"},{"floor":9,"key":"Ring of Misfortune"},{"floor":12,"key":"Replay:Accelerometer"},{"floor":22,"key":"Smiling Mask"}],"event_choices":[],"is_beta":false,"boss_relics":[{"not_picked":["reliquary:PorcupineQuills","hubris:BottledRain"],"picked":"MyShadow"},{"not_picked":[]}],"items_purged_floors":[],"is_endless":false,"potions_floor_spawned":[12,16,18],"killed_by":"Book of Stabbing","ascension_level":0}}