{"host":"0ke4ewd6kv0tgkyi","time":1614449408,"event":{"mods":["2.2 Compatiblity","Act Like it!","Aspiration","BaseMod","Conspire","Elementarium","Fox Events","Gensokyo","Gremlin Mod","Hallownest","Hermit","Highlight Path","Hubris","JesterMod","Menagerie","Minty Spire (QoL Compilation)","Pale of the Ancients","Permanent Neow","Quarter Circle Forward PUNCH!","Reliquary","Ruina","Shade Mod","StSLib","The Alterego","The Bug Knight","The Gatherer","The Judge","The Valiant","The Wild Card","The Witch","TheVacant","Yuri Mod","thorton"],"gold_per_floor":[118,150,164,164,20,48,48,74,121,121,146,146,159,46,46,150,150,166,176,6,6,26,26,26,26],"floor_reached":24,"language":"ENG","playtime":1845,"items_purged":["Pain","HollowMod:QuickDashStart"],"score":248,"play_id":"756c39e4-b9b5-4e94-abdb-8885b1741488","local_time":"20210227101008","is_ascension_mode":true,"campfire_choices":[{"floor":7,"key":"REST"},{"floor":10,"key":"REST"},{"floor":15,"key":"REST"},{"floor":23,"key":"REST"}],"circlet_count":0,"master_deck":["HollowMod:NailStrikeStart","HollowMod:NailStrikeStart","HollowMod:NailStrikeStart","HollowMod:NailStrikeStart","HollowMod:QuickDashStart","HollowMod:QuickDashStart","HollowMod:QuickDashStart","HollowMod:FocusHealStart","HollowMod:PogoStrike","HollowMod:FastStrike","HollowMod:InfectedAttack","HollowMod:MantisMark","HollowMod:GreatSlash","HollowMod:DungDefenderAura","HollowMod:NewGlowingWomb","HollowMod:NewInfectedGuardian","HollowMod:InfectedAttack","HollowMod:NewGlowingWomb+1","HollowMod:MothsMistake","HollowMod:TaintedHusks"],"relics":["hubris:Stopwatch","hubris:Spice","Sling","HollowMod:IsmasTear","Orichalcum","Pen Nib","Toy Ornithopter","WarpedTongs","qcfpunch:Dark_Gi"],"acts_visited":["Exordium","TheCity"],"potions_floor_usage":[6,18,19,22,22,24],"damage_taken":[{"damage":6,"enemies":"Menagerie:WhisperingWraith","floor":1,"turns":4},{"damage":24,"enemies":"conspire:MimicChest","floor":2,"turns":6},{"damage":1,"enemies":"Menagerie:2_RABBITS","floor":3,"turns":4},{"damage":21,"enemies":"Menagerie:Hydra","floor":6,"turns":4},{"damage":37,"enemies":"Menagerie:VoidReaper","floor":8,"turns":5},{"damage":11,"enemies":"Menagerie:MaskedSummoner","floor":11,"turns":5},{"damage":6,"enemies":"Menagerie:MonstrousExperiment","floor":13,"turns":3},{"damage":19,"enemies":"Menagerie:Chimera","floor":16,"turns":6},{"damage":12,"enemies":"conspire:FuzzyDice","floor":18,"turns":5},{"damage":20,"enemies":"Shell Parasite","floor":19,"turns":4},{"damage":22,"enemies":"Snecko","floor":22,"turns":3},{"damage":67,"enemies":"Book of Stabbing","floor":24,"turns":3}],"seed_played":"972355263555916054","potions_obtained":[{"floor":3,"key":"Ancient Potion"},{"floor":11,"key":"Explosive Potion"},{"floor":13,"key":"SpeedPotion"},{"floor":16,"key":"Weak Potion"},{"floor":18,"key":"SteroidPotion"},{"floor":19,"key":"BlessingOfTheForge"}],"is_trial":false,"path_per_floor":["M","?","M","?","$","E","R","E","T","R","E","?","M","$","R","B",null,"M","M","$","$","M","R","E"],"character_chosen":"THE_BUGKNIGHT","items_purchased":["Sling","HollowMod:NewGlowingWomb","HollowMod:MothsMistake"],"campfire_rested":4,"item_purchase_floors":[5,14,20],"current_hp_per_floor":[69,53,52,52,52,31,55,18,18,42,31,31,25,25,49,30,54,47,32,32,32,20,36,0,0],"gold":26,"neow_bonus":"BOSS_RELIC","is_daily":false,"chose_seed":false,"campfire_upgraded":0,"win_rate":0.0,"timestamp":1614449408,"path_taken":["M","?","M","?","$","E","R","E","T","R","E","?","?","$","R","BOSS","M","?","?","$","M","R","E"],"items_purchased_type":["Relic","Card","Card"],"build_version":"2020-12-22","purchased_purges":2,"victory":false,"max_hp_per_floor":[75,83,83,83,83,83,83,83,83,83,83,83,83,83,83,83,54,54,54,54,54,54,54,54,54],"card_choices":[{"not_picked":["HollowMod:VengefulVoid","HollowMod:WraithStrike","HollowMod:SoulEater"],"picked":"SKIP","floor":1},{"not_picked":["HollowMod:DesolateDive","HollowMod:TaintedHusks"],"picked":"HollowMod:FastStrike","floor":3},{"not_picked":["HollowMod:DreamGate","HollowMod:SharpenedShadows"],"picked":"HollowMod:InfectedAttack","floor":6},{"not_picked":["HollowMod:ChannelNail","HollowMod:BlackTendrils"],"picked":"HollowMod:MantisMark","floor":8},{"not_picked":["HollowMod:Grubsong","HollowMod:CornifersMapStart"],"picked":"HollowMod:GreatSlash","floor":11},{"not_picked":["HollowMod:TaintedHusks","HollowMod:ShapeofUnn"],"picked":"HollowMod:DungDefenderAura","floor":13},{"not_picked":["HollowMod:LifebloodCore","HollowMod:Hiveblood"],"picked":"HollowMod:NewInfectedGuardian","floor":16},{"not_picked":["HollowMod:SoulSplash","HollowMod:CornifersMapStart+1"],"picked":"HollowMod:InfectedAttack","floor":18},{"not_picked":["HollowMod:DungDefenderAura","HollowMod:CornifersMapStart"],"picked":"HollowMod:NewGlowingWomb+1","floor":19},{"not_picked":["HollowMod:GreatSlash","HollowMod:AbyssShriek"],"picked":"HollowMod:TaintedHusks","floor":22}],"player_experience":1087202,"relics_obtained":[{"floor":2,"key":"hubris:Spice"},{"floor":6,"key":"HollowMod:IsmasTear"},{"floor":8,"key":"Orichalcum"},{"floor":9,"key":"Pen Nib"},{"floor":11,"key":"Toy Ornithopter"}],"event_choices":[{"damage_healed":0,"gold_gain":0,"player_choice":"Leave","damage_taken":0,"max_hp_gain":0,"max_hp_loss":0,"event_name":"conspire:Investor","floor":4,"gold_loss":0},{"damage_healed":0,"gold_gain":0,"player_choice":"Rummage","damage_taken":0,"relics_obtained":["WarpedTongs"],"max_hp_gain":0,"max_hp_loss":0,"event_name":"Accursed Blacksmith","floor":12,"gold_loss":0,"cards_obtained":["Pain"]}],"is_beta":false,"boss_relics":[{"not_picked":["Calling Bell","HollowMod:KingsSoulRelic"],"picked":"qcfpunch:Dark_Gi"}],"items_purged_floors":[14,20],"is_endless":false,"potions_floor_spawned":[3,11,13,16,18,19],"killed_by":"Book of Stabbing","ascension_level":4}}