{"host":"gxcrkmpoa14hk0os","time":1614450654,"event":{"mods":["AchievementEnabler","BaseMod","Better Third Choice","BetterRewards","Conspire","Hubris","Infinite Spire","Minty Spire (QoL Compilation)","Relic Stats","Replay The Spire","Shop Mod","StSLib"],"gold_per_floor":[113,131,211,224,191,171,196,207,253,265,284,58,69,102,102,199,199,213,200,210,210,310,341,532,558,558,574,574,609,609,626,626,725,725,735,463,463,517,517,517,535,562,298,310,310,310,321,356,367,367,367],"floor_reached":50,"language":"ENG","playtime":4807,"items_purged":["Strike_B","Defend_B","Strike_B"],"score":649,"play_id":"8c95e150-ea40-4821-9522-5934f2a9abd2","local_time":"20210227123054","is_ascension_mode":false,"campfire_choices":[{"floor":15.0,"key":"REST"},{"data":"Defragment","floor":28.0,"key":"SMITH"},{"floor":32.0,"key":"REST"},{"floor":46,"key":"REST"}],"circlet_count":0,"master_deck":["Strike_B","Strike_B+1","Defend_B+1","Defend_B","Defend_B","Zap","Dualcast","Loop","Cold Snap","Conserve Battery","Ball Lightning+1","Glacier","Leap","FIFO Queue","Defragment+1","Gash+1","infinitespire:Oblivion","Gash+1","Pot Of Greed","Pot Of Greed","Redo+1"],"relics":["Cracked Core","NeowsBlessing","Tiny Chest","betterThird:SlimedRelic","DataDisk","Replay:Wax Seal","MerchantsRug","Pear","hubris:TerracottaHorce","Cables","hubris:Potato","Prayer Wheel","hubris:SphereOfDissonance","Blue Doll","Simple Rune","HandDrill","SlaversCollar","Membership Card","Grinning Jar","Turnip","infinitespire:BottledMercury","Shovel","PreservedInsect"],"acts_visited":["Exordium","TheCity","TheBeyond"],"potions_floor_usage":[44,49,50,50],"damage_taken":[{"damage":0.0,"enemies":"Jaw Worm","floor":1.0,"turns":1.0},{"damage":0.0,"enemies":"2 Louse","floor":2.0,"turns":1.0},{"damage":0.0,"enemies":"Cultist","floor":4.0,"turns":1.0},{"damage":24.0,"enemies":"Gremlin Nob","floor":7.0,"turns":4.0},{"damage":0.0,"enemies":"Blue Slaver","floor":8.0,"turns":4.0},{"damage":6.0,"enemies":"Looter","floor":10.0,"turns":3.0},{"damage":8.0,"enemies":"Lots of Slimes","floor":11.0,"turns":4.0},{"damage":2.0,"enemies":"Large Slime","floor":13.0,"turns":5.0},{"damage":0.0,"enemies":"3 Sentries","floor":14.0,"turns":9.0},{"damage":27.0,"enemies":"Slime Boss","floor":16.0,"turns":11.0},{"damage":0.0,"enemies":"3 Byrds","floor":18.0,"turns":5.0},{"damage":7.0,"enemies":"2 Thieves","floor":19.0,"turns":4.0},{"damage":0.0,"enemies":"conspire:HollyBat","floor":20.0,"turns":8.0},{"damage":2.0,"enemies":"conspire:SneckoGhost","floor":23.0,"turns":8.0},{"damage":1.0,"enemies":"Replay:Snechameleon","floor":25.0,"turns":8.0},{"damage":13.0,"enemies":"Cultist and Chosen","floor":27.0,"turns":8.0},{"damage":10.0,"enemies":"conspire:Head Lice","floor":29.0,"turns":9.0},{"damage":0.0,"enemies":"Snake Plant","floor":31.0,"turns":2.0},{"damage":20.0,"enemies":"Automaton","floor":33.0,"turns":10.0},{"damage":39.0,"enemies":"3 Darklings","floor":35.0,"turns":5.0},{"damage":0.0,"enemies":"3 Shapes","floor":41.0,"turns":5.0},{"damage":24.0,"enemies":"Reptomancer","floor":42.0,"turns":7.0},{"damage":32,"enemies":"Transient","floor":44,"turns":5},{"damage":10,"enemies":"4 Shapes","floor":47,"turns":5},{"damage":0,"enemies":"R_Hoarder","floor":48,"turns":6},{"damage":0,"enemies":"Writhing Mass","floor":49,"turns":4},{"damage":31,"enemies":"Nightmare","floor":50,"turns":3}],"seed_played":"1988170040405897368","potions_obtained":[{"floor":1.0,"key":"Strength Potion"},{"floor":4.0,"key":"SteroidPotion"},{"floor":6.0,"key":"PowerPotion"},{"floor":8.0,"key":"EssenceOfSteel"},{"floor":10.0,"key":"Adrenaline Potion"},{"floor":18.0,"key":"Venom Potion"},{"floor":20.0,"key":"SneckoOil"},{"floor":31.0,"key":"AttackPotion"},{"floor":33.0,"key":"Dexterity Potion"},{"floor":35.0,"key":"Elixir"},{"floor":41.0,"key":"infinitespire:BlackPotion"},{"floor":44,"key":"Weak Potion"},{"floor":47,"key":"Fire Potion"},{"floor":48,"key":"DistilledChaos"}],"is_trial":false,"path_per_floor":["M","M","?","M","?","?","E","M","T","M","M","$","M","E","R","B",null,"M","M","M","T","?","E","$","E","T","M","R","E","AVR","M","R","B",null,"M","$","?","T","PTL","PTL","M","E","$","M","T","R","M","E","M","NM"],"character_chosen":"DEFECT","items_purchased":["MerchantsRug","Leap","FIFO Queue","Membership Card","PowerPotion","DistilledChaos","Turnip","infinitespire:BottledMercury"],"campfire_rested":3,"item_purchase_floors":[12,24,24,36,36,36,43,43],"current_hp_per_floor":[75,75,57,57,46,46,22,22,22,16,8,8,6,16,41,14,67,67,60,60,60,60,58,58,57,57,44,44,34,34,34,59,39,74,35,35,74,74,74,74,74,50,50,18,18,40,30,30,30,0,0],"gold":367,"neow_bonus":"THREE_ENEMY_KILL","is_daily":false,"chose_seed":false,"campfire_upgraded":1,"win_rate":0.0,"timestamp":1614450654,"path_taken":["M","M","?","M","?","?","E","M","T","M","M","$","M","E","R","BOSS","M","?","M","?","?","E","$","E","T","?","R","E","AVR","M","R","BOSS","M","$","?","?","PTL","PTL","M","E","$","M","T","R","M","E","M","NM"],"items_purchased_type":["Relic","Card","Card","Relic","Potion","Potion","Relic","Relic"],"build_version":"2020-12-22","purchased_purges":3,"victory":false,"max_hp_per_floor":[75,75,75,75,75,75,75,75,75,75,75,75,75,85,85,85,85,85,85,85,85,85,85,85,85,85,85,85,85,85,85,85,85,85,85,85,74,74,74,74,74,74,74,74,74,74,74,74,74,74,74],"relic_stats":{"Shovel":0,"counters":[27,145],"Tiny Chest":2,"Prayer Wheel":7,"Turnip":[0],"PreservedInsect":88,"HandDrill":[34],"obtain_stats":[{"infinitespire:BottledMercury":43,"hubris:VirtuousBlindfold":17,"Blue Doll":26,"Whetstone":42,"hubris:TerracottaHorce":17,"hubris:Backtick":17,"Shovel":45,"Tiny Chest":3,"Prayer Wheel":25,"HandDrill":30,"Replay:Wax Seal":9,"Cracked Core":0,"MerchantsRug":12,"Pear":14,"NeowsBlessing":0,"Replay:Grab Bag":17,"hubris:SphereOfDissonance":25,"PreservedInsect":48,"Cables":17,"SlaversCollar":34,"DataDisk":7,"betterThird:SlimedRelic":5,"Simple Rune":29,"Turnip":43,"Membership Card":36,"Grinning Jar":38,"hubris:Potato":23},{"infinitespire:BottledMercury":22,"hubris:VirtuousBlindfold":10,"Blue Doll":15,"Whetstone":22,"hubris:TerracottaHorce":10,"hubris:Backtick":10,"Shovel":23,"Tiny Chest":2,"Prayer Wheel":15,"HandDrill":17,"Replay:Wax Seal":5,"Cracked Core":0,"MerchantsRug":7,"Pear":9,"NeowsBlessing":0,"Replay:Grab Bag":10,"hubris:SphereOfDissonance":15,"PreservedInsect":25,"Cables":10,"SlaversCollar":19,"DataDisk":4,"betterThird:SlimedRelic":3,"Simple Rune":17,"Turnip":22,"Membership Card":20,"Grinning Jar":20,"hubris:Potato":14},{"infinitespire:BottledMercury":122,"hubris:VirtuousBlindfold":43,"Blue Doll":76,"Whetstone":122,"hubris:TerracottaHorce":43,"hubris:Backtick":43,"Shovel":127,"Tiny Chest":2,"Prayer Wheel":70,"HandDrill":93,"Replay:Wax Seal":11,"Cracked Core":0,"MerchantsRug":18,"Pear":32,"NeowsBlessing":0,"Replay:Grab Bag":43,"hubris:SphereOfDissonance":76,"PreservedInsect":138,"Cables":43,"SlaversCollar":105,"DataDisk":7,"betterThird:SlimedRelic":3,"Simple Rune":93,"Turnip":122,"Membership Card":110,"Grinning Jar":110,"hubris:Potato":68}],"Cables":[93,46,39,2,6]},"card_choices":[{"not_picked":["Ball Lightning","Cold Snap"],"picked":"Loop","floor":1.0},{"not_picked":["Turbo","Cold Snap","Heatsinks"],"picked":"SKIP","floor":2.0},{"not_picked":["Static Discharge","Streamline"],"picked":"Cold Snap","floor":3.0},{"not_picked":["Time Bomb","BasicCrystalCard","Redo"],"picked":"SKIP","floor":4.0},{"not_picked":["Scrape","White Noise"],"picked":"Conserve Battery","floor":7.0},{"not_picked":["Redo","hubris:DoWhile"],"picked":"Ball Lightning","floor":8.0},{"not_picked":["Steam","Rebound","Beam Cell"],"picked":"SKIP","floor":10.0},{"not_picked":["Sunder","Force Field","Tempest"],"picked":"SKIP","floor":11.0},{"not_picked":["ReplaySort","Go for the Eyes"],"picked":"Glacier","floor":13.0},{"not_picked":["Sweeping Beam","Doom and Gloom","Darkness"],"picked":"SKIP","floor":14.0},{"not_picked":["All For One","Meteor Strike"],"picked":"ReplayTheSpireMod:Fabricate Wheel","floor":16.0},{"not_picked":["ReplaySort","Stack+1","Conserve Battery"],"picked":"SKIP","floor":18.0},{"not_picked":["Genetic Algorithm","Panic Button","Rebound"],"picked":"SKIP","floor":19.0},{"not_picked":["Steam","Panic Button","Doom and Gloom"],"picked":"SKIP","floor":20.0},{"not_picked":["Sweeping Beam+1","Streamline+1","Panic Button"],"picked":"SKIP","floor":23.0},{"not_picked":["Glacier","Redo"],"picked":"Defragment","floor":25.0},{"not_picked":["Steam","Chaos"],"picked":"Gash","floor":27.0},{"not_picked":["Blizzard","Sweeping Beam","Reprogram"],"picked":"SKIP","floor":27.0},{"not_picked":["Reboot","Compile Driver+1","Undo"],"picked":"SKIP","floor":29.0},{"not_picked":["Leap","Conserve Battery+1","Reprogram+1"],"picked":"SKIP","floor":31.0},{"not_picked":["FIFO Queue","FTL","Conserve Battery+1"],"picked":"SKIP","floor":31.0},{"not_picked":["ReplayGash","Coolheaded"],"picked":"Gash+1","floor":35.0},{"not_picked":["Beam Cell+1","Streamline+1","Stack+1"],"picked":"SKIP","floor":35.0},{"not_picked":["Skim+1","Capacitor"],"picked":"Redo+1","floor":41.0},{"not_picked":["ReplayTheSpireMod:GoodbyeWorld+1","Coolheaded+1","Barrage"],"picked":"SKIP","floor":41.0},{"not_picked":["Coolheaded","Defragment+1","hubris:Prefetch"],"picked":"SKIP","floor":42.0},{"not_picked":["FIFO Queue+1","Go for the Eyes","Hologram"],"picked":"SKIP","floor":44},{"not_picked":["Crystallizer+1","Aggregate+1","Streamline"],"picked":"SKIP","floor":44},{"not_picked":["Cold Snap+1","Gash+1","Consume"],"picked":"SKIP","floor":47},{"not_picked":["Sweeping Beam+1","Barrage+1","Fusion+1"],"picked":"SKIP","floor":47},{"not_picked":["Steam+1","Compile Driver","Hologram"],"picked":"SKIP","floor":48},{"not_picked":["Loop+1","FTL+1","Sweeping Beam"],"picked":"SKIP","floor":49},{"not_picked":["Darkness","Redo+1","Sunder+1"],"picked":"SKIP","floor":49}],"player_experience":613958,"relics_obtained":[{"floor":3.0,"key":"Tiny Chest"},{"floor":7.0,"key":"DataDisk"},{"floor":9.0,"key":"Replay:Wax Seal"},{"floor":14.0,"key":"Pear"},{"floor":23.0,"key":"hubris:Potato"},{"floor":25.0,"key":"hubris:SphereOfDissonance"},{"floor":26.0,"key":"Blue Doll"},{"floor":29.0,"key":"Simple Rune"},{"floor":38.0,"key":"Grinning Jar"},{"floor":42.0,"key":"Whetstone"},{"floor":45,"key":"Shovel"},{"floor":48,"key":"PreservedInsect"}],"event_choices":[{"damage_healed":0.0,"max_hp_gain":0.0,"max_hp_loss":0.0,"gold_gain":0.0,"event_name":"betterThird:BetterGoop","player_choice":"Slimed","floor":5.0,"gold_loss":33.0,"damage_taken":11.0},{"damage_healed":0.0,"max_hp_gain":0.0,"max_hp_loss":0.0,"gold_gain":0.0,"event_name":"The Woman in Blue","player_choice":"Bought 1 Potion","floor":6.0,"gold_loss":0.0,"damage_taken":0.0},{"damage_healed":0.0,"max_hp_gain":0.0,"max_hp_loss":0.0,"gold_gain":100.0,"event_name":"Golden Shrine","player_choice":"Pray","floor":22.0,"gold_loss":0.0,"damage_taken":0.0},{"damage_healed":74.0,"max_hp_gain":0.0,"max_hp_loss":11.0,"gold_gain":0.0,"event_name":"The Moai Head","player_choice":"Heal","floor":37.0,"gold_loss":0.0,"damage_taken":0.0}],"is_beta":false,"boss_relics":[{"not_picked":["Replay:Drink Me","FrozenCore"],"picked":"Replay:Grab Bag"},{"not_picked":["ReplayTheSpireMod:Onyx Gauntlets","Philosopher\u0027s Stone"],"picked":"hubris:TerracottaHorce"},{"not_picked":["hubris:RunicObelisk","Cursed Key"],"picked":"hubris:VirtuousBlindfold"},{"not_picked":["Astrolabe","Ring of Chaos"],"picked":"hubris:Backtick"},{"not_picked":["conspire:SlowCooker","conspire:RoyalGoblet"],"picked":"SlaversCollar"}],"items_purged_floors":[12,24,36],"is_endless":false,"potions_floor_spawned":[1,4,8,10,18,20,31,33,35,41,44,47,48],"killed_by":"Nightmare","ascension_level":0}}