{"host":"7h05nr6qm89lgkco","time":1614414244,"event":{"mods":["BaseMod","Bestiary","Block Reminder","ChefMod","Colored Powertips","DeckTracker","Downfall","Friendly Minions","Minty Spire (QoL Compilation)","Quick Restart","Rare Cards Sparkle","Relic Stats","StSLib","The Cursed","The Poker Player","Unceasing Turn Reminder"],"gold_per_floor":[113,288,288,305,305,335,103,128,128,159,178,178,207,221,221,318,318,335,349,349,362,362,362,397,134,134,154,165,165,199,199,199,297,297,317,317,317,336,336,336,336,386,386,405,261,275,275,287,287,287,287,287,37,62,62,62,62],"floor_reached":55,"language":"ZHS","playtime":2380,"items_purged":["Regret","Doubt"],"score":834,"play_id":"e474b7a7-a756-4673-88af-4ca886a7a31d","local_time":"20210227162404","is_ascension_mode":true,"campfire_choices":[{"data":"bronze:Repulsor","floor":12.0,"key":"SMITH"},{"data":"bronze:Flail","floor":15.0,"key":"SMITH"},{"data":"bronze:Virus","floor":23.0,"key":"SMITH"},{"data":"bronze:InfiniteBeams","floor":29.0,"key":"SMITH"},{"data":"bronze:HardenedForm","floor":32.0,"key":"SMITH"},{"floor":40,"key":"RECALL"},{"data":"bronze:HardenedForm","floor":47,"key":"SMITH"},{"data":"bronze:Goto","floor":49,"key":"SMITH"},{"data":"bronze:CleanCode","floor":52,"key":"SMITH"}],"circlet_count":0,"master_deck":["bronze:Strike","bronze:Strike","bronze:Strike","bronze:Strike","bronze:Defend","bronze:Defend","bronze:Defend","bronze:Defend","bronze:Replicate+1","bronze:Goto+1","bronze:Iterate","bronze:DelayedSlice","bronze:Repulsor+1","bronze:Boost+1","bronze:InfiniteBeams+1","bronze:Constructor+1","bronze:Flail+1","bronze:Virus+1","bronze:Terminator+1","bronze:CleanCode+1","bronze:Separator","Apotheosis+1","bronze:HardenedForm+1","bronze:HardenedForm+1","Madness+1","Madness+1","bronze:Flail+1","bronze:SpaghettiCode+1"],"relics":["bronze:BronzeCore","NeowsBlessing","Toxic Egg 2","Kunai","Guardian:PocketSentry","Orichalcum","White Beast Statue","SacredBark","Letter Opener","Singing Bowl","Ancient Tea Set","StoneCalendar","Busted Crown","Torii","Molten Egg 2","Bottled Tornado","Bag of Preparation"],"acts_visited":["Exordium","TheCity","TheBeyond","TheEnding"],"potions_floor_usage":[38,41,44,44,44,46,46,50,55,55],"damage_taken":[{"damage":0.0,"enemies":"Jaw Worm","floor":1.0,"turns":1.0},{"damage":0.0,"enemies":"Small Slimes","floor":4.0,"turns":1.0},{"damage":0.0,"enemies":"Gremlin Nob","floor":6.0,"turns":1.0},{"damage":13.0,"enemies":"3 Sentries","floor":8.0,"turns":5.0},{"damage":0.0,"enemies":"Lagavulin","floor":10.0,"turns":5.0},{"damage":0.0,"enemies":"Cultist","floor":11.0,"turns":3.0},{"damage":4.0,"enemies":"Gremlin Nob","floor":13.0,"turns":4.0},{"damage":0.0,"enemies":"3 Louse","floor":14.0,"turns":3.0},{"damage":12.0,"enemies":"Hexaghost","floor":16.0,"turns":7.0},{"damage":0.0,"enemies":"Shell Parasite","floor":18.0,"turns":4.0},{"damage":0.0,"enemies":"3 Byrds","floor":19.0,"turns":2.0},{"damage":0.0,"enemies":"Centurion and Healer","floor":21.0,"turns":2.0},{"damage":5.0,"enemies":"Slavers","floor":24.0,"turns":3.0},{"damage":1.0,"enemies":"3 Cultists","floor":27.0,"turns":4.0},{"damage":21.0,"enemies":"Sentry and Sphere","floor":28.0,"turns":4.0},{"damage":11.0,"enemies":"Book of Stabbing","floor":30.0,"turns":3.0},{"damage":45.0,"enemies":"Automaton","floor":33.0,"turns":7.0},{"damage":3,"enemies":"Orb Walker","floor":35,"turns":2},{"damage":17,"enemies":"3 Darklings","floor":38,"turns":4},{"damage":0,"enemies":"Writhing Mass","floor":41,"turns":1},{"damage":32,"enemies":"Mind Bloom Boss Battle","floor":42,"turns":5},{"damage":6,"enemies":"Sphere and 2 Shapes","floor":44,"turns":5},{"damage":7,"enemies":"Transient","floor":46,"turns":5},{"damage":7,"enemies":"3 Darklings","floor":48,"turns":3},{"damage":39,"enemies":"Time Eater","floor":50,"turns":7},{"damage":62,"enemies":"Shield and Spear","floor":54,"turns":7},{"damage":48,"enemies":"The Heart","floor":55,"turns":2}],"seed_played":"-5476255924509652137","potions_obtained":[{"floor":1.0,"key":"Block Potion"},{"floor":10.0,"key":"Fire Potion"},{"floor":13.0,"key":"Fire Potion"},{"floor":14.0,"key":"ColorlessPotion"},{"floor":16.0,"key":"Fire Potion"},{"floor":18.0,"key":"Explosive Potion"},{"floor":19.0,"key":"FairyPotion"},{"floor":21.0,"key":"AttackPotion"},{"floor":24.0,"key":"AttackPotion"},{"floor":27.0,"key":"SmokeBomb"},{"floor":28.0,"key":"bronze:BurnAndBuffPotion"},{"floor":30.0,"key":"Fire Potion"},{"floor":33.0,"key":"Dexterity Potion"},{"floor":35,"key":"Block Potion"},{"floor":38,"key":"Fire Potion"},{"floor":42,"key":"SpeedPotion"},{"floor":44,"key":"Swift Potion"},{"floor":46,"key":"bronze:CleanCodePotion"},{"floor":48,"key":"LiquidMemories"},{"floor":54,"key":"Fire Potion"}],"is_trial":false,"path_per_floor":["M","?","?","M","?","E","$","E","T","E","M","R","E","M","R","B",null,"M","M","?","M","?","R","E","$","T","M","M","R","E","$","R","B",null,"M","?","$","M","?","R","M","?","T","M","$","M","R","M","R","B",null,"R","$","E","B"],"character_chosen":"THE_AUTOMATON","items_purchased":["bronze:Boost+1","bronze:InfiniteBeams","Apotheosis+1","Regen Potion","bronze:Flail+1","Bottled Tornado"],"campfire_rested":0,"item_purchase_floors":[7,7,25,45,45,53],"current_hp_per_floor":[70,70,70,70,70,70,70,57,57,57,57,57,53,53,53,41,70,70,70,70,70,70,70,65,65,65,66,47,47,36,36,36,44,74,73,73,73,58,48,48,48,18,18,14,14,49,49,44,44,5,86,86,86,24,0,0,0],"gold":62,"neow_bonus":"THREE_ENEMY_KILL","is_daily":false,"chose_seed":false,"campfire_upgraded":8,"win_rate":0.0,"timestamp":1614414244,"path_taken":["M","?","?","?","?","E","$","E","T","E","M","R","E","M","R","BOSS","M","M","?","M","?","R","E","$","T","M","M","R","E","$","R","BOSS","M","?","?","?","?","R","M","?","T","M","$","M","R","M","R","BOSS","R","$","E","BOSS"],"items_purchased_type":["Card","Card","Card","Potion","Card","Relic"],"build_version":"2020-12-22","purchased_purges":2,"victory":false,"max_hp_per_floor":[70,70,70,70,70,70,70,70,70,70,70,70,70,70,70,70,70,70,70,70,70,70,70,70,70,70,72,74,74,74,74,74,74,74,76,76,76,78,78,78,78,80,80,82,82,84,84,86,86,86,86,86,86,86,86,86,86],"relic_stats":{"Busted Crown":14,"Singing Bowl":16,"Torii":9,"counters":[27,100],"StoneCalendar":[0],"Bag of Preparation":[2],"Kunai":[69],"Letter Opener":[45],"Orichalcum":[102],"obtain_stats":[{"bronze:BronzeCore":0,"NeowsBlessing":0,"Singing Bowl":24,"Torii":42,"SacredBark":17,"StoneCalendar":30,"Guardian:PocketSentry":8,"Bag of Preparation":54,"Letter Opener":20,"Orichalcum":10,"Bottled Tornado":53,"Ancient Tea Set":26,"White Beast Statue":13,"Busted Crown":34,"Molten Egg 2":43,"Kunai":6,"Toxic Egg 2":5},{"bronze:BronzeCore":0,"NeowsBlessing":0,"Singing Bowl":13,"Torii":21,"SacredBark":9,"StoneCalendar":16,"Guardian:PocketSentry":4,"Bag of Preparation":26,"Letter Opener":11,"Orichalcum":5,"Bottled Tornado":25,"Ancient Tea Set":13,"White Beast Statue":7,"Busted Crown":17,"Molten Egg 2":21,"Kunai":3,"Toxic Egg 2":2},{"bronze:BronzeCore":0,"NeowsBlessing":0,"Singing Bowl":41,"Torii":71,"SacredBark":30,"StoneCalendar":52,"Guardian:PocketSentry":8,"Bag of Preparation":98,"Letter Opener":36,"Orichalcum":13,"Bottled Tornado":91,"Ancient Tea Set":41,"White Beast Statue":20,"Busted Crown":59,"Molten Egg 2":71,"Kunai":3,"Toxic Egg 2":2}]},"card_choices":[{"not_picked":["bronze:Allocate","bronze:BugBarrage"],"picked":"bronze:Iterate","floor":1.0},{"not_picked":["bronze:CutThrough","bronze:Frontload"],"picked":"bronze:DelayedSlice","floor":4.0},{"not_picked":["bronze:Iterate","bronze:ItsAFeature"],"picked":"bronze:Repulsor","floor":6.0},{"not_picked":["bronze:ShipIt","bronze:Refactor+1"],"picked":"bronze:Constructor+1","floor":8.0},{"not_picked":["bronze:ChildClass+1","bronze:Backtrace","bronze:GetLatest+1"],"picked":"SKIP","floor":10.0},{"not_picked":["bronze:Return+1","bronze:CutThrough"],"picked":"bronze:Flail","floor":11.0},{"not_picked":["bronze:DelayedGuard+1","bronze:Branch","bronze:BugBarrage"],"picked":"SKIP","floor":13.0},{"not_picked":["bronze:OilSpill","bronze:Deprecate+1","bronze:WildBeam"],"picked":"SKIP","floor":14.0},{"not_picked":["bronze:AlphaBuild","bronze:Assembly+1"],"picked":"bronze:Virus","floor":16.0},{"not_picked":["bronze:Overheat+1","bronze:FineTuning+1","bronze:CloningBeam"],"picked":"SKIP","floor":18.0},{"not_picked":["bronze:BugBarrage+1","bronze:Branch"],"picked":"bronze:Terminator+1","floor":19.0},{"not_picked":["bronze:Terminator+1","bronze:OilSpill"],"picked":"bronze:CleanCode","floor":21.0},{"not_picked":["bronze:Turbo+1","bronze:ForceShield+1"],"picked":"bronze:Separator","floor":24.0},{"not_picked":["bronze:Optimize","bronze:CutThrough","bronze:Deprecate+1"],"picked":"Singing Bowl","floor":27.0},{"not_picked":["bronze:Frontload+1","bronze:Overheat","bronze:Return+1"],"picked":"Singing Bowl","floor":28.0},{"not_picked":["bronze:BitShift+1","bronze:DelayedGuard+1"],"picked":"bronze:HardenedForm","floor":30.0},{"not_picked":["bronze:RecursiveStrike","bronze:Assembly+1"],"picked":"bronze:HardenedForm","floor":33.0},{"not_picked":["bronze:CloningBeam"],"picked":"Singing Bowl","floor":35},{"not_picked":["bronze:CloningBeam"],"picked":"Singing Bowl","floor":38},{"not_picked":["bronze:CloningBeam"],"picked":"Singing Bowl","floor":42},{"not_picked":["bronze:Repulsor"],"picked":"Singing Bowl","floor":44},{"not_picked":["bronze:DelayedSlice+1"],"picked":"Singing Bowl","floor":46},{"not_picked":["bronze:Branch+1"],"picked":"Singing Bowl","floor":48},{"not_picked":[],"picked":"bronze:SpaghettiCode+1","floor":54}],"player_experience":938995,"relics_obtained":[{"floor":6.0,"key":"Kunai"},{"floor":8.0,"key":"Guardian:PocketSentry"},{"floor":10.0,"key":"Orichalcum"},{"floor":13.0,"key":"White Beast Statue"},{"floor":24.0,"key":"Singing Bowl"},{"floor":26.0,"key":"Ancient Tea Set"},{"floor":30.0,"key":"StoneCalendar"},{"floor":42,"key":"Torii"},{"floor":43,"key":"Molten Egg 2"},{"floor":54,"key":"Bag of Preparation"}],"event_choices":[{"damage_healed":0.0,"max_hp_gain":0.0,"max_hp_loss":0.0,"gold_gain":175.0,"event_name":"Liars Game","player_choice":"AGREE","floor":2.0,"gold_loss":0.0,"damage_taken":0.0,"cards_obtained":["Doubt"]},{"damage_healed":0.0,"max_hp_gain":0.0,"max_hp_loss":0.0,"gold_gain":0.0,"event_name":"Upgrade Shrine","player_choice":"Upgraded","floor":3.0,"gold_loss":0.0,"damage_taken":0.0,"cards_upgraded":["bronze:Replicate"]},{"damage_healed":0.0,"max_hp_gain":0.0,"max_hp_loss":0.0,"gold_gain":0.0,"event_name":"Big Fish","player_choice":"Box","floor":5.0,"gold_loss":0.0,"damage_taken":0.0,"relics_obtained":["Toxic Egg 2"],"cards_obtained":["Regret"]},{"damage_healed":0.0,"max_hp_gain":0.0,"max_hp_loss":0.0,"gold_gain":0.0,"event_name":"The Mausoleum","player_choice":"Opened","floor":20.0,"gold_loss":0.0,"damage_taken":0.0,"relics_obtained":["Letter Opener"]},{"damage_healed":0.0,"max_hp_gain":0.0,"max_hp_loss":0.0,"gold_gain":0.0,"event_name":"Ghosts","player_choice":"Ignored","floor":22.0,"gold_loss":0.0,"damage_taken":0.0},{"damage_healed":0,"gold_gain":0,"player_choice":"Ignored","damage_taken":0,"max_hp_gain":0,"max_hp_loss":0,"event_name":"SecretPortal","floor":36,"gold_loss":0},{"damage_healed":0,"gold_gain":0,"player_choice":"Embrace Madness","damage_taken":10,"max_hp_gain":0,"max_hp_loss":0,"event_name":"Winding Halls","floor":39,"gold_loss":0,"cards_obtained":["Madness","Madness"]},{"damage_healed":0,"gold_gain":0,"player_choice":"Fight","damage_taken":0,"max_hp_gain":0,"max_hp_loss":0,"event_name":"MindBloom","floor":42,"gold_loss":0}],"is_beta":false,"boss_relics":[{"not_picked":["Snecko Eye","Pandora\u0027s Box"],"picked":"SacredBark"},{"not_picked":["Tiny House","bronze:MakeshiftBattery"],"picked":"Busted Crown"}],"items_purged_floors":[7,25],"is_endless":false,"potions_floor_spawned":[1,10,13,14,16,18,19,21,24,27,28,30,33,35,38,41,42,44,46,48,54],"killed_by":"The Heart","ascension_level":2}}