{"host":"4so6zk3ni2nu7g2c","time":1614434170,"event":{"mods":["BaseMod","Downfall","Minty Spire (QoL Compilation)","Quick Restart","Replay The Spire","Shop Mod","StSLib"],"gold_per_floor":[99,99,99,99,99,99,122,152,152,167,178,178,20,53,82,189,201,213,252,264,303,0,16,16,36,136,151,176,188,33,47,62,167,167,67,84,84,108,121,150,175,75,75,124,159,179,79,5,20,20,20,51,29,29,29,29],"floor_reached":57,"language":"ZHS","playtime":4564,"items_purged":["hexamod:Sear","hexamod:Strike+1","hexamod:Strike+1"],"score":1515,"play_id":"c1ad0ae3-5c5f-4271-8c7c-30712f175362","local_time":"20210227215610","is_ascension_mode":false,"campfire_choices":[{"data":"hexamod:Float","floor":1.0,"key":"SMITH"},{"data":"hexamod:PhantomCloak","floor":9.0,"key":"SMITH"},{"data":"hexamod:UnlimitedPower","floor":18.0,"key":"SMITH"},{"floor":35.0,"key":"RECALL"},{"floor":42.0,"key":"REST"},{"floor":47,"key":"REST"},{"floor":54,"key":"REST"}],"circlet_count":0,"master_deck":["hexamod:Defend+1","hexamod:Defend+1","hexamod:Defend+1","hexamod:Defend+1","hexamod:Float+1","hexamod:SwordOfDarkness+1","hexamod:ShieldOfDarkness+1","hexamod:PhantomCloak+1","hexamod:Rewind+1","hexamod:EmpoweredFlame+1","hexamod:UnlimitedPower+1","hexamod:ShieldOfDarkness+1","hexamod:SearingWound+1","hexamod:GhostflameInferno+1","hexamod:SixthSeal","hexamod:ForkedFlame+1","expansioncontent:QuickStudy+1","expansioncontent:QuickStudy+1","hexamod:UnlimitedPower+1","hexamod:HexaLevel+1","expansioncontent:DashGenerateEvil+1","hexamod:SpectralAdrenaline+1","Replay:SS_hec_1+1","expansioncontent:AwakenDeath+1","hexamod:ShieldOfDarkness+1","expansioncontent:StudyTheSpire+1","hexamod:UnleashSpirits+1","hexamod:HexaLevel+1"],"relics":["hexamod:SpiritBrand","downfall:HeartsMalice","downfall:ShatteredFragment","Blue Doll","hexamod:MatchstickCase","Membership Card","hexamod:IceCube","Singing Bowl","MerchantsRug","Golden Egg","hexamod:TheBrokenSeal","Potion Belt","ReplayFunnel","DollysMirror","Centennial Puzzle","Philosopher\u0027s Stone","downfall:HeartBlessingGreen","Sling","MealTicket","Pen Nib","downfall:HeartBlessingBlue","Dead Branch","PreservedInsect","downfall:HeartBlessingRed","Frozen Eye","Strawberry"],"acts_visited":["Exordium","TheCity","TheBeyond","TheEnding"],"potions_floor_usage":[56,56,56,56],"damage_taken":[{"damage":0.0,"enemies":"Small Slimes","floor":2.0,"turns":1.0},{"damage":0.0,"enemies":"Jaw Worm","floor":5.0,"turns":1.0},{"damage":0.0,"enemies":"Cultist","floor":6.0,"turns":1.0},{"damage":0.0,"enemies":"Lagavulin","floor":8.0,"turns":7.0},{"damage":3.0,"enemies":"Lots of Slimes","floor":10.0,"turns":3.0},{"damage":6.0,"enemies":"Exordium Wildlife","floor":11.0,"turns":2.0},{"damage":0.0,"enemies":"downfall:FleeingMerchant","floor":13.0,"turns":4.0},{"damage":0.0,"enemies":"3 Sentries","floor":14.0,"turns":8.0},{"damage":0.0,"enemies":"Blue Slaver","floor":15.0,"turns":3.0},{"damage":11.0,"enemies":"IC_STATUS_ARCHETYPE","floor":16.0,"turns":10.0},{"damage":10.0,"enemies":"Shell Parasite","floor":19.0,"turns":5.0},{"damage":15.0,"enemies":"3 Byrds","floor":21.0,"turns":5.0},{"damage":0.0,"enemies":"downfall:FleeingMerchant","floor":22.0,"turns":4.0},{"damage":11.0,"enemies":"3 Cultists","floor":23.0,"turns":5.0},{"damage":16.0,"enemies":"Snake Plant","floor":25.0,"turns":6.0},{"damage":8.0,"enemies":"downfall:LadyInBlue","floor":26.0,"turns":8.0},{"damage":0.0,"enemies":"Centurion and Healer","floor":27.0,"turns":6.0},{"damage":6.0,"enemies":"Slavers","floor":28.0,"turns":5.0},{"damage":0.0,"enemies":"3 Cultists","floor":29.0,"turns":5.0},{"damage":5.0,"enemies":"3 Cultists","floor":30.0,"turns":3.0},{"damage":0.0,"enemies":"Snecko","floor":31.0,"turns":2.0},{"damage":0.0,"enemies":"Centurion and Healer","floor":32.0,"turns":3.0},{"damage":0.0,"enemies":"DF_ARCHETYPE_CLAW","floor":33.0,"turns":5.0},{"damage":7.0,"enemies":"3 Darklings","floor":36.0,"turns":2.0},{"damage":0.0,"enemies":"downfall:FleeingMerchant","floor":38.0,"turns":4.0},{"damage":0.0,"enemies":"Orb Walker","floor":39.0,"turns":2.0},{"damage":0.0,"enemies":"Giant Head","floor":40.0,"turns":6.0},{"damage":21.0,"enemies":"2 Orb Walkers","floor":44.0,"turns":3.0},{"damage":0.0,"enemies":"R_Hoarder","floor":45.0,"turns":5.0},{"damage":0.0,"enemies":"Spire Growth","floor":46.0,"turns":3.0},{"damage":0,"enemies":"3 Darklings","floor":49,"turns":5},{"damage":58,"enemies":"WA_ARCHETYPE_DIVINITY","floor":50,"turns":4},{"damage":0,"enemies":"downfall:CharBossMerchant","floor":52,"turns":3},{"damage":0,"enemies":"downfall:NeowBoss","floor":55,"turns":9},{"damage":65,"enemies":"downfall:NeowBossFinal","floor":56,"turns":7}],"seed_played":"2303156398175520793","potions_obtained":[{"floor":8.0,"key":"LiquidMemories"},{"floor":11.0,"key":"Toxic Potion"},{"floor":11.0,"key":"BlessingOfTheForge"},{"floor":14.0,"key":"Fire Potion"},{"floor":14.0,"key":"Slimebound:ThreeZeroPotion"},{"floor":15.0,"key":"Adrenaline Potion"},{"floor":16.0,"key":"PowerPotion"},{"floor":19.0,"key":"Regen Potion"},{"floor":21.0,"key":"Milkshake"},{"floor":26.0,"key":"Slimebound:ThreeZeroPotion"},{"floor":26.0,"key":"Strength Potion"},{"floor":26.0,"key":"BlessingOfTheForge"},{"floor":26.0,"key":"SmokeBomb"},{"floor":28.0,"key":"BlessingOfTheForge"},{"floor":29.0,"key":"Elixir"},{"floor":40.0,"key":"hexamod:EctoCoolerPotion"},{"floor":45.0,"key":"DuplicationPotion"}],"is_trial":false,"path_per_floor":["R","M","?","?","M","M","T","E","R","M","M","T","$","E","M","B",null,"R","M","?","M","$","M","T","M","?","M","E","M","?","M","M","B",null,"R","M","?","$","M","E","T","R","?","?","E","M","R","$","M","B",null,"E","$","R","B","B",null],"character_chosen":"THE_SPIRIT","items_purchased":["Membership Card","Singing Bowl","Guide Book","MerchantsRug","expansioncontent:QuickStudy","DollysMirror","Centennial Puzzle","expansioncontent:DashGenerateEvil","Sling","MealTicket","expansioncontent:StudyTheSpire","hexamod:UnleashSpirits+1","Frozen Eye","LiquidMemories"],"campfire_rested":3,"item_purchase_floors":[13,22,22,22,30,30,30,38,38,38,48,48,48,53],"current_hp_per_floor":[70,70,49,49,49,49,49,49,49,46,40,40,40,40,40,29,70,70,60,60,61,68,66,66,86,80,82,76,78,75,77,79,79,98,98,93,93,95,97,97,97,114,106,85,87,89,120,120,120,62,120,129,129,129,129,64],"gold":29,"neow_bonus":"THREE_ENEMY_KILL","is_daily":false,"chose_seed":false,"campfire_upgraded":3,"win_rate":0.0,"timestamp":1614434170,"path_taken":["R","M","?","?","?","M","T","E","R","M","?","?","$","E","M","BOSS","R","M","?","M","$","?","T","M","?","M","E","?","?","M","M","BOSS","R","M","?","$","M","E","T","R","?","?","E","M","R","$","M","BOSS","E","$","R","BOSS","BOSS"],"items_purchased_type":["Relic","Relic","Relic","Relic","Card","Relic","Relic","Card","Relic","Relic","Card","Card","Relic","Potion"],"build_version":"2020-12-22","purchased_purges":3,"victory":true,"max_hp_per_floor":[70,70,70,70,70,70,70,70,70,70,70,70,70,70,70,70,70,70,70,70,70,70,72,72,86,88,90,90,92,94,96,98,98,98,98,100,100,102,104,104,104,114,116,116,118,120,120,120,120,120,120,129,129,129,129,129],"card_choices":[{"not_picked":["hexamod:NightmareStrike","hexamod:Hexaguard"],"picked":"hexamod:SwordOfDarkness","floor":2.0},{"not_picked":["hexamod:NightmareStrike","hexamod:NecessarySacrifice"],"picked":"hexamod:ShieldOfDarkness","floor":5.0},{"not_picked":["hexamod:GhostLash","hexamod:HeatMetal"],"picked":"hexamod:PhantomCloak","floor":6.0},{"not_picked":["hexamod:EmpoweredFlame","hexamod:RainOfEmbers"],"picked":"hexamod:FourthSeal","floor":8.0},{"not_picked":["hexamod:SwordOfDarkness","hexamod:FastForward"],"picked":"hexamod:Rewind","floor":10.0},{"not_picked":["hexamod:SwordOfDarkness","hexamod:NecessarySacrifice"],"picked":"hexamod:EmpoweredFlame","floor":11.0},{"not_picked":["hexamod:GhostLash","hexamod:Haunt","hexamod:HeatMetal"],"picked":"SKIP","floor":13.0},{"not_picked":["hexamod:DynamicBlow","hexamod:GhostOfSpireFuture"],"picked":"hexamod:SecondSeal","floor":14.0},{"not_picked":["hexamod:ThirdSeal","hexamod:GhostShield"],"picked":"hexamod:UnlimitedPower","floor":15.0},{"not_picked":["hexamod:ParanormalForm","hexamod:GhostflameInferno"],"picked":"hexamod:FifthSeal","floor":16.0},{"not_picked":["hexamod:SecondSeal","hexamod:ThirdSeal"],"picked":"hexamod:FirstSeal","floor":19.0},{"not_picked":["hexamod:BacktrackSmack","hexamod:HeatMetal"],"picked":"hexamod:ShieldOfDarkness","floor":19.0},{"not_picked":["hexamod:FirstSeal","hexamod:SecondSeal"],"picked":"hexamod:SixthSeal","floor":21.0},{"not_picked":["hexamod:AdvancingGuard","hexamod:NightmareStrike"],"picked":"hexamod:GhostflameInferno","floor":21.0},{"not_picked":["hexamod:SecondSeal","hexamod:FirstSeal"],"picked":"hexamod:SixthSeal","floor":22.0},{"not_picked":["hexamod:SoulSteal","hexamod:Again","hexamod:NightmareGuise"],"picked":"SKIP","floor":22.0},{"not_picked":["hexamod:FourthSeal","hexamod:FirstSeal","hexamod:SecondSeal"],"picked":"Singing Bowl","floor":23.0},{"not_picked":["hexamod:SwordOfDarkness+1","hexamod:SoulSteal"],"picked":"hexamod:ThirdSeal","floor":23.0},{"not_picked":["hexamod:ThirdSeal","hexamod:FourthSeal","hexamod:SecondSeal"],"picked":"Singing Bowl","floor":25.0},{"not_picked":["hexamod:HauntingEcho","hexamod:ShieldOfDarkness","hexamod:ParanormalForm"],"picked":"Singing Bowl","floor":25.0},{"not_picked":["hexamod:SwordOfDarkness","hexamod:HeatShield+1","hexamod:ExtraCrispy"],"picked":"Singing Bowl","floor":26.0},{"not_picked":["hexamod:ShieldOfDarkness+1","hexamod:Hexaguard","hexamod:PhantomFireball"],"picked":"Singing Bowl","floor":27.0},{"not_picked":["hexamod:StepThrough","hexamod:SpectersWail+1"],"picked":"hexamod:ForkedFlame","floor":28.0},{"not_picked":["hexamod:InspiringFlames","hexamod:SwordOfDarkness","hexamod:EtherealExpedition"],"picked":"Singing Bowl","floor":29.0},{"not_picked":["hexamod:FourthSeal","hexamod:NightmareGuise","hexamod:ChargedBarrage"],"picked":"Singing Bowl","floor":30.0},{"not_picked":["hexamod:SwordOfDarkness","hexamod:BacktrackSmack","hexamod:SpectersWail"],"picked":"Singing Bowl","floor":31.0},{"not_picked":["hexamod:BurningTouch+1","hexamod:NightmareGuise+1","hexamod:HeatMetal"],"picked":"Singing Bowl","floor":32.0},{"not_picked":["hexamod:VolcanoVisage","hexamod:GhostflameInferno"],"picked":"hexamod:HexaLevel","floor":33.0},{"not_picked":["hexamod:AdvancingGuard","hexamod:NightmareStrike","hexamod:SecondSeal"],"picked":"Singing Bowl","floor":36.0},{"not_picked":["hexamod:SoulSteal","hexamod:ChargedBarrage","hexamod:HeatCrush"],"picked":"Singing Bowl","floor":38.0},{"not_picked":["hexamod:StepThrough+1","hexamod:NightmareGuise","hexamod:BurningTouch"],"picked":"Singing Bowl","floor":39.0},{"not_picked":["hexamod:SoulSteal+1","hexamod:SkipABeat"],"picked":"hexamod:SpectralAdrenaline+1","floor":40.0},{"not_picked":["Replay:SS_fish_1","expansioncontent:YouAreMine"],"picked":"Replay:SS_hec_1","floor":43.0},{"not_picked":["expansioncontent:HyperBeam","Replay:SS_forest_2"],"picked":"expansioncontent:AwakenDeath","floor":43.0},{"not_picked":["Replay:SS_fish_1","Replay:SS_hec_1","expansioncontent:GuardianWhirl"],"picked":"Singing Bowl","floor":43.0},{"not_picked":["hexamod:AdvancingGuard","hexamod:BurningTouch"],"picked":"hexamod:ShieldOfDarkness+1","floor":44.0},{"not_picked":["hexamod:ThermalTransfer+1","hexamod:GhostOfSpirePast","hexamod:Hexaguard"],"picked":"Singing Bowl","floor":45.0},{"not_picked":["hexamod:StepThrough+1","hexamod:NightmareGuise","hexamod:Firestarter"],"picked":"Singing Bowl","floor":46.0},{"not_picked":["hexamod:NecessarySacrifice","hexamod:Incineration+1"],"picked":"hexamod:HexaLevel","floor":49},{"not_picked":["hexamod:GhostLash","hexamod:SoulSteal","hexamod:AdvancingGuard"],"picked":"Singing Bowl","floor":52}],"player_experience":431554,"relics_obtained":[{"floor":7.0,"key":"Blue Doll"},{"floor":8.0,"key":"hexamod:MatchstickCase"},{"floor":12.0,"key":"Replay:Bottled Eggs"},{"floor":14.0,"key":"MawBank"},{"floor":24.0,"key":"Golden Egg"},{"floor":26.0,"key":"Potion Belt"},{"floor":28.0,"key":"ReplayFunnel"},{"floor":40.0,"key":"Pen Nib"},{"floor":44.0,"key":"Dead Branch"},{"floor":45.0,"key":"PreservedInsect"},{"floor":52,"key":"Strawberry"}],"event_choices":[{"damage_healed":0.0,"max_hp_gain":0.0,"max_hp_loss":0.0,"gold_gain":0.0,"event_name":"Mysterious Sphere","player_choice":"Fight","floor":44.0,"gold_loss":0.0,"damage_taken":0.0}],"is_beta":false,"boss_relics":[{"not_picked":["Runic Pyramid","Sozu"],"picked":"hexamod:IceCube"},{"not_picked":["SacredBark","Calling Bell"],"picked":"Philosopher\u0027s Stone"}],"items_purged_floors":[22,30,38],"is_endless":false,"potions_floor_spawned":[8,11,14,15,16,26,27,28,29,30,36,40,44,45,52],"ascension_level":0}}