{"host":"0kk91h4bq4kgfj0u","time":1614393563,"event":{"mods":["BaseMod","Bestiary","Block Reminder","Colored Map","Colored Powertips","Curses Come First","Highlight Path","Minty Spire (QoL Compilation)","Relic Stats","StSLib"],"gold_per_floor":[111,128,203,203,216,216,228,228,228],"floor_reached":8,"language":"ENG","playtime":210,"items_purged":[],"score":48,"play_id":"95232634-2efd-43fa-84a4-beb61fc2fab1","local_time":"20210226213923","is_ascension_mode":false,"campfire_choices":[{"floor":6,"key":"RECALL"}],"circlet_count":0,"master_deck":["Strike_R","Strike_R","Strike_R","Strike_R","Strike_R","Defend_R","Defend_R","Defend_R","Defend_R","Bash","Cleave","Flame Barrier","Searing Blow","Clothesline"],"relics":["Burning Blood","Strawberry"],"acts_visited":["Exordium"],"potions_floor_usage":[8],"damage_taken":[{"damage":6,"enemies":"2 Louse","floor":1,"turns":4},{"damage":1,"enemies":"Jaw Worm","floor":2,"turns":3},{"damage":10,"enemies":"Cultist","floor":5,"turns":4},{"damage":11,"enemies":"Lots of Slimes","floor":7,"turns":3},{"damage":68,"enemies":"Lagavulin","floor":8,"turns":11}],"seed_played":"-1489387856233613405","potions_obtained":[{"floor":5,"key":"FearPotion"}],"is_trial":false,"path_per_floor":["M","M","?","?","M","R","M","E"],"character_chosen":"IRONCLAD","items_purchased":[],"campfire_rested":0,"item_purchase_floors":[],"current_hp_per_floor":[87,87,76,76,72,72,67,0,0],"gold":228,"neow_bonus":"RANDOM_COMMON_RELIC","is_daily":false,"chose_seed":false,"campfire_upgraded":0,"win_rate":0.0,"timestamp":1614393563,"path_taken":["M","M","?","?","M","R","M","E"],"items_purchased_type":[],"build_version":"2020-12-22","purchased_purges":0,"victory":false,"max_hp_per_floor":[87,87,87,87,87,87,87,87,87],"relic_stats":{"counters":[5,25],"obtain_stats":[{"Strawberry":0,"Burning Blood":0},{"Strawberry":0,"Burning Blood":0},{"Strawberry":0,"Burning Blood":0}],"Burning Blood":19},"card_choices":[{"not_picked":["Wild Strike","Clash"],"picked":"Cleave","floor":1},{"not_picked":["Perfected Strike","Second Wind"],"picked":"Flame Barrier","floor":2},{"not_picked":["Armaments","Heavy Blade"],"picked":"Searing Blow","floor":5},{"not_picked":["Twin Strike","Burning Pact"],"picked":"Clothesline","floor":7}],"player_experience":933152,"relics_obtained":[],"event_choices":[{"damage_healed":0,"gold_gain":75,"player_choice":"Gather Gold","damage_taken":11,"max_hp_gain":0,"max_hp_loss":0,"event_name":"World of Goop","floor":3,"gold_loss":0},{"damage_healed":0,"gold_gain":0,"player_choice":"Ignored","damage_taken":0,"max_hp_gain":0,"max_hp_loss":0,"event_name":"NoteForYourself","floor":4,"gold_loss":0}],"is_beta":false,"boss_relics":[],"items_purged_floors":[],"is_endless":false,"potions_floor_spawned":[5],"killed_by":"Lagavulin","ascension_level":0}}