{"host":"fzh1lgjju4n7ycti","time":1614454366,"event":{"mods":["2.2 Compatiblity","Act Like it!","Bard","BaseMod","Better Third Choice","BetterRewards","Colored Powertips","Downfall","Duelist Mod","Friendly Minions","GifTheSpireLib","Infinite Spire","Jorbs\u0027s Wanderer Trilogy","Kiyohime????","Koishi","Marisa????????","Minty Spire (QoL Compilation)","Quick Restart","Reimu??????","Replay The Spire","Robot Space Explorer","Ruina","StSLib","The Cursed","The Hayseed","The Hierophant","The Judge","The Marked","The Mystic","The Wild Card"],"gold_per_floor":[109,109,128,144,165,165,209,209,236,236,261,78,78,99,99,229,229,248,248,264,285,285,285,285,285,333,351,59,79,28,53,53,182,182,200,214,133,148,173,173,173,173],"floor_reached":41,"language":"ENG","playtime":2213,"items_purged":[],"score":397,"play_id":"dcddd996-6edf-46ff-9deb-3f561c3c120b","local_time":"20210228053246","is_ascension_mode":false,"campfire_choices":[{"floor":6,"key":"REST"},{"floor":10,"key":"REST"},{"floor":13,"key":"REST"},{"data":"RobotSpaceExplorer:Accelerator","floor":15,"key":"SMITH"},{"floor":23,"key":"REST"},{"floor":25,"key":"REST"},{"floor":32,"key":"REST"},{"data":"RobotSpaceExplorer:StarDust","floor":40,"key":"SMITH"}],"circlet_count":0,"master_deck":["RobotSpaceExplorer:Strike+1","RobotSpaceExplorer:Strike","RobotSpaceExplorer:Strike","RobotSpaceExplorer:Defend","RobotSpaceExplorer:Defend","RobotSpaceExplorer:Defend","RobotSpaceExplorer:Scan","RobotSpaceExplorer:MiniLasers+1","RobotSpaceExplorer:Accelerator+1","RobotSpaceExplorer:TrailblazerForm","RobotSpaceExplorer:SwiftStep","Injury","RobotSpaceExplorer:PlasmaMissile","RobotSpaceExplorer:ShockKick","RobotSpaceExplorer:StarDust+1","RobotSpaceExplorer:Comet","RobotSpaceExplorer:FreezeRay","RobotSpaceExplorer:ChargingLaser","RobotSpaceExplorer:GlueShot","RobotSpaceExplorer:FreezeRay","RobotSpaceExplorer:TrailblazerForm","RobotSpaceExplorer:RigExplosive","RobotSpaceExplorer:SurgingShield+1","RobotSpaceExplorer:StarLightning","RobotSpaceExplorer:StarLightning","RobotSpaceExplorer:GlueShot","RobotSpaceExplorer:FranticSearch+1","RobotSpaceExplorer:ChargingLaser","RobotSpaceExplorer:SwiftStep+1","RobotSpaceExplorer:Discharger","RobotSpaceExplorer:StarLightning","RobotSpaceExplorer:SurgingStrike"],"relics":["RobotSpaceExplorer:RoboCore","Golden Idol","ReplayTheSpireMod:Lightbulb","Whetstone","Busted Crown","Blue Doll","infinitespire:Broken Mirror","Replay:Grab Bag","Coffee Dripper","ReplayTheSpireMod:Onyx Gauntlets","RobotSpaceExplorer:Reprocessor"],"acts_visited":["Exordium","TheCity","TheBeyond"],"potions_floor_usage":[5,7,21,27,27,27,27,29,31,33,33,35,36,38,39,39],"damage_taken":[{"damage":6,"enemies":"Jaw Worm","floor":1,"turns":5},{"damage":0,"enemies":"2 Louse","floor":3,"turns":5},{"damage":1,"enemies":"Small Slimes","floor":4,"turns":2},{"damage":31,"enemies":"Gremlin Gang","floor":5,"turns":4},{"damage":27,"enemies":"Replay:BlueRogue","floor":7,"turns":6},{"damage":11,"enemies":"Exordium Wildlife","floor":11,"turns":3},{"damage":2,"enemies":"2 Fungi Beasts","floor":14,"turns":3},{"damage":6,"enemies":"Fading Forest","floor":16,"turns":11},{"damage":27,"enemies":"Spheric Guardian","floor":18,"turns":6},{"damage":6,"enemies":"Chosen","floor":20,"turns":6},{"damage":35,"enemies":"Centurion and Healer","floor":21,"turns":6},{"damage":16,"enemies":"Cultist and Chosen","floor":27,"turns":5},{"damage":8,"enemies":"Snake Plant","floor":29,"turns":3},{"damage":15,"enemies":"Centurion and Healer","floor":31,"turns":4},{"damage":31,"enemies":"Collector","floor":33,"turns":10},{"damage":15,"enemies":"3 Shapes","floor":35,"turns":4},{"damage":7,"enemies":"3 Darklings","floor":36,"turns":5},{"damage":6,"enemies":"Transient","floor":38,"turns":5},{"damage":20,"enemies":"Spire Growth","floor":39,"turns":5},{"damage":37,"enemies":"Reptomancer","floor":41,"turns":4}],"seed_played":"3691936774214489643","potions_obtained":[{"floor":1,"key":"Explosive Potion"},{"floor":5,"key":"PowerPotion"},{"floor":14,"key":"GamblersBrew"},{"floor":20,"key":"Cursed Concoction"},{"floor":21,"key":"RobotSpaceExplorer:RecyclePotion"},{"floor":27,"key":"Fruit Juice"},{"floor":33,"key":"Block Potion"},{"floor":35,"key":"bronze:BurnAndBuffPotion"},{"floor":36,"key":"GrandPatriotsElixir:ReiMu"}],"is_trial":false,"path_per_floor":["M","?","M","M","M","R","E","?","T","R","M","$","R","M","R","B",null,"M","?","M","M","?","R","?","R","T","M","$","M","$","M","R","B",null,"M","M","$","M","M","R","E"],"character_chosen":"RobotSpaceExplorer","items_purchased":["RobotSpaceExplorer:ChargingLaser","RobotSpaceExplorer:GlueShot","infinitespire:Broken Mirror","RobotSpaceExplorer:StarLightning","RobotSpaceExplorer:GlueShot","RobotSpaceExplorer:StarLightning"],"campfire_rested":6,"item_purchase_floors":[12,12,28,28,30,37],"current_hp_per_floor":[48,48,48,47,16,38,11,11,11,33,22,22,44,42,42,58,75,48,48,42,7,7,29,29,51,51,40,40,32,32,17,41,10,80,65,58,58,52,32,32,0,0],"gold":173,"neow_bonus":"TRANSFORM_TWO_CARDS","is_daily":false,"chose_seed":false,"campfire_upgraded":2,"win_rate":0.0,"timestamp":1614454366,"path_taken":["M","?","M","M","M","R","E","?","T","R","M","$","R","M","R","BOSS","M","?","M","?","?","R","?","R","T","M","?","M","$","M","R","BOSS","M","M","$","M","M","R","E"],"items_purchased_type":["Card","Card","Relic","Card","Card","Card"],"build_version":"2020-12-22","purchased_purges":0,"victory":false,"max_hp_per_floor":[75,75,75,75,75,75,75,75,75,75,75,75,75,75,75,75,75,75,75,75,75,75,75,75,75,75,80,80,80,80,80,80,80,80,80,80,80,80,80,80,80,80],"card_choices":[{"not_picked":["RobotSpaceExplorer:GlueSpray","RobotSpaceExplorer:GlueShot"],"picked":"RobotSpaceExplorer:SwiftStep","floor":1},{"not_picked":["RobotSpaceExplorer:SelfCleaning","RobotSpaceExplorer:ExhaustFan"],"picked":"RobotSpaceExplorer:PlasmaMissile","floor":3},{"not_picked":["RobotSpaceExplorer:Blitz","RobotSpaceExplorer:Probe"],"picked":"RobotSpaceExplorer:ShockKick","floor":4},{"not_picked":["RobotSpaceExplorer:FranticSearch","RobotSpaceExplorer:ScrapToss"],"picked":"RobotSpaceExplorer:StarDust","floor":5},{"not_picked":["RobotSpaceExplorer:SwiftStep","RobotSpaceExplorer:SurgingStrike"],"picked":"RobotSpaceExplorer:Comet","floor":7},{"not_picked":["RobotSpaceExplorer:FranticSearch","RobotSpaceExplorer:GlueShot"],"picked":"RobotSpaceExplorer:FreezeRay","floor":11},{"not_picked":["RobotSpaceExplorer:Jetpack","RobotSpaceExplorer:ImprovisedAttack"],"picked":"RobotSpaceExplorer:FreezeRay","floor":14},{"not_picked":["RobotSpaceExplorer:DroneSwarm","RobotSpaceExplorer:Multitool"],"picked":"RobotSpaceExplorer:TrailblazerForm","floor":16},{"not_picked":[],"picked":"RobotSpaceExplorer:RigExplosive","floor":18},{"not_picked":["RobotSpaceExplorer:Electropulse"],"picked":"SKIP","floor":20},{"not_picked":[],"picked":"RobotSpaceExplorer:SurgingShield+1","floor":21},{"not_picked":["RobotSpaceExplorer:Electroshield"],"picked":"SKIP","floor":27},{"not_picked":["RobotSpaceExplorer:ToxicBomb"],"picked":"SKIP","floor":29},{"not_picked":[],"picked":"RobotSpaceExplorer:FranticSearch+1","floor":31},{"not_picked":[],"picked":"RobotSpaceExplorer:ChargingLaser","floor":33},{"not_picked":[],"picked":"RobotSpaceExplorer:SwiftStep+1","floor":35},{"not_picked":[],"picked":"RobotSpaceExplorer:Discharger","floor":36},{"not_picked":["RobotSpaceExplorer:ShovelStrike"],"picked":"SKIP","floor":38},{"not_picked":[],"picked":"RobotSpaceExplorer:SurgingStrike","floor":39}],"player_experience":344481,"relics_obtained":[{"floor":7,"key":"ReplayTheSpireMod:Lightbulb"},{"floor":9,"key":"Whetstone"},{"floor":26,"key":"Blue Doll"}],"event_choices":[{"damage_healed":0,"gold_gain":0,"player_choice":"Take Wound","damage_taken":0,"relics_obtained":["Golden Idol"],"max_hp_gain":0,"max_hp_loss":0,"event_name":"Golden Idol","floor":2,"gold_loss":0,"cards_obtained":["Injury"]},{"damage_healed":0,"gold_gain":0,"player_choice":"Ignored","damage_taken":0,"max_hp_gain":0,"max_hp_loss":0,"event_name":"NoteForYourself","floor":19,"gold_loss":0}],"is_beta":false,"boss_relics":[{"not_picked":["Ectoplasm","Snecko Eye"],"picked":"Busted Crown"},{"not_picked":["Astrolabe","Philosopher\u0027s Stone"],"picked":"Replay:Grab Bag"},{"not_picked":["ReplayTheSpireMod:DimensionalGlitch","Painkiller Herb"],"picked":"Coffee Dripper"},{"not_picked":["Velvet Choker","Abe\u0027s Treasure"],"picked":"ReplayTheSpireMod:Onyx Gauntlets"},{"not_picked":["SacredBark","RedLine:ReiMu"],"picked":"RobotSpaceExplorer:Reprocessor"}],"items_purged_floors":[],"is_endless":false,"potions_floor_spawned":[1,5,14,20,21,27,33,35,36],"killed_by":"Reptomancer","ascension_level":0}}