{"host":"b34lfm0pg36jv5no","time":1614394812,"event":{"mods":["BaseMod","Bestiary","Colored Map","Dark Map","Minty Spire (QoL Compilation)","Relic Stats","ojb\u0027s Info Mod"],"gold_per_floor":[112,123,123,223,233,258,30,30,57,92,92,111,126,156,156,256,256,274,274,291,291,291,324,324,344,398,398,21,32,64,79,79,179,179,194,8,58,58,70,105,105,137,137,147,173,173,188,102,102,102,102,102,39,66,66],"floor_reached":56,"language":"ENG","playtime":12588,"items_purged":["Strike_P","Blasphemy","Defend_P"],"score":2065,"play_id":"f027683e-d772-42e9-adea-0c0e421f3413","local_time":"20210227030012","is_ascension_mode":true,"campfire_choices":[{"data":"SandsOfTime","floor":8,"key":"SMITH"},{"floor":11,"key":"REST"},{"data":"CutThroughFate","floor":15,"key":"SMITH"},{"data":"Eruption","floor":24,"key":"SMITH"},{"data":"Ghostly","floor":32,"key":"SMITH"},{"floor":41,"key":"DIG"},{"floor":49,"key":"RECALL"},{"floor":52,"key":"DIG"}],"circlet_count":0,"master_deck":["Defend_P","Defend_P","Eruption+1","Vigilance","CutThroughFate+1","SandsOfTime+1","Adaptation","JustLucky+1","MentalFortress+1","FlurryOfBlows+1","Ghostly","Ghostly","Ghostly+1","Ghostly","Ghostly","Indignation","Omniscience+1","Crescendo+1","ClearTheMind+1","Omniscience","FearNoEvil","Madness","Secret Technique","Tantrum+1","Wireheading","DevaForm","Adaptation+1"],"relics":["Philosopher\u0027s Stone","Happy Flower","TheAbacus","Art of War","StoneCalendar","The Courier","Astrolabe","Nilry\u0027s Codex","Shovel","Membership Card","InkBottle","Letter Opener","Sundial","Runic Dome","PreservedInsect","Frozen Eye","CloakClasp","Gambling Chip","Bottled Flame","MealTicket","Molten Egg 2","Meat on the Bone","Strange Spoon","Gremlin Horn","Lee\u0027s Waffle","Kunai"],"acts_visited":["Exordium","TheCity","TheBeyond","TheEnding"],"potions_floor_usage":[10,55,55,55],"damage_taken":[{"damage":0,"enemies":"Cultist","floor":1,"turns":4},{"damage":1,"enemies":"Small Slimes","floor":2,"turns":5},{"damage":3,"enemies":"2 Louse","floor":5,"turns":3},{"damage":8,"enemies":"Lagavulin","floor":6,"turns":4},{"damage":8,"enemies":"3 Sentries","floor":10,"turns":4},{"damage":2,"enemies":"2 Fungi Beasts","floor":12,"turns":3},{"damage":5,"enemies":"Red Slaver","floor":13,"turns":2},{"damage":0,"enemies":"Lagavulin","floor":14,"turns":3},{"damage":0,"enemies":"Slime Boss","floor":16,"turns":5},{"damage":21,"enemies":"2 Thieves","floor":18,"turns":3},{"damage":0,"enemies":"Chosen","floor":20,"turns":3},{"damage":4,"enemies":"Slavers","floor":23,"turns":6},{"damage":0,"enemies":"Centurion and Healer","floor":25,"turns":5},{"damage":3,"enemies":"Snake Plant","floor":29,"turns":3},{"damage":0,"enemies":"Gremlin Leader","floor":30,"turns":4},{"damage":0,"enemies":"Chosen and Byrds","floor":31,"turns":7},{"damage":1,"enemies":"Champ","floor":33,"turns":7},{"damage":3,"enemies":"3 Darklings","floor":35,"turns":4},{"damage":0,"enemies":"Mind Bloom Boss Battle","floor":37,"turns":3},{"damage":0,"enemies":"Orb Walker","floor":39,"turns":3},{"damage":0,"enemies":"Reptomancer","floor":40,"turns":6},{"damage":0,"enemies":"Nemesis","floor":42,"turns":3},{"damage":0,"enemies":"3 Darklings","floor":44,"turns":2},{"damage":0,"enemies":"Reptomancer","floor":45,"turns":4},{"damage":0,"enemies":"Writhing Mass","floor":47,"turns":1},{"damage":0,"enemies":"Awakened One","floor":50,"turns":8},{"damage":0,"enemies":"Shield and Spear","floor":54,"turns":6},{"damage":7,"enemies":"The Heart","floor":55,"turns":7}],"seed_played":"3327741993171563101","potions_obtained":[{"floor":1,"key":"GamblersBrew"},{"floor":12,"key":"Dexterity Potion"},{"floor":14,"key":"Ancient Potion"},{"floor":20,"key":"EntropicBrew"},{"floor":23,"key":"Ancient Potion"},{"floor":29,"key":"StancePotion"},{"floor":33,"key":"GamblersBrew"},{"floor":35,"key":"DuplicationPotion"},{"floor":40,"key":"Energy Potion"}],"is_trial":false,"path_per_floor":["M","M","?","?","M","E","$","R","T","E","R","M","M","E","R","B",null,"M","?","M","?","?","E","R","M","T","?","$","M","E","M","R","B",null,"M","$","?","?","M","E","R","E","T","M","E","?","M","$","R","B",null,"R","$","E","B",null],"character_chosen":"WATCHER","items_purchased":["TheAbacus","Membership Card","InkBottle","Letter Opener","PreservedInsect","Frozen Eye","Strange Spoon","DuplicationPotion","Lee\u0027s Waffle"],"campfire_rested":1,"item_purchase_floors":[7,28,28,28,36,36,48,48,53],"current_hp_per_floor":[65,64,57,57,54,46,46,46,46,38,59,57,52,52,52,52,67,46,36,36,20,20,16,16,16,16,16,16,13,13,13,13,12,30,27,27,27,17,17,17,17,17,17,17,17,17,29,36,36,36,36,36,43,43,36],"gold":66,"neow_bonus":"BOSS_RELIC","is_daily":false,"chose_seed":false,"campfire_upgraded":4,"win_rate":0.0,"timestamp":1614394812,"path_taken":["M","M","?","?","M","E","$","R","T","E","R","M","?","E","R","BOSS","M","?","M","?","?","E","R","M","T","?","$","?","E","M","R","BOSS","M","$","?","?","M","E","R","E","T","M","E","?","M","$","R","BOSS","R","$","E","BOSS"],"items_purchased_type":["Relic","Relic","Relic","Relic","Relic","Relic","Relic","Potion","Relic"],"build_version":"2020-12-22","purchased_purges":3,"victory":true,"max_hp_per_floor":[72,72,72,72,72,72,72,72,72,72,72,72,72,72,72,72,72,72,36,36,36,36,36,36,36,36,36,36,36,36,36,36,36,36,36,36,36,36,36,36,36,36,36,36,36,36,36,36,36,36,36,36,43,43,43],"relic_stats":{"Lee\u0027s Waffle":7,"Happy Flower":[34],"Gremlin Horn":[1,1],"counters":[28,118],"Astrolabe":["JustLucky","MentalFortress","FlurryOfBlows"],"StoneCalendar":[39],"PreservedInsect":249,"CloakClasp":[88],"Letter Opener":[446],"Strange Spoon":[22],"TheAbacus":[282],"Shovel":2,"Sundial":[22],"Gambling Chip":[6],"MealTicket":7,"Art of War":[7],"Kunai":[18],"obtain_stats":[{"Gremlin Horn":52,"Nilry\u0027s Codex":21,"StoneCalendar":10,"CloakClasp":37,"Frozen Eye":36,"TheAbacus":7,"Shovel":23,"Sundial":30,"Gambling Chip":40,"Philosopher\u0027s Stone":0,"MealTicket":42,"Kunai":54,"InkBottle":28,"Lee\u0027s Waffle":53,"Happy Flower":6,"Astrolabe":17,"The Courier":14,"PreservedInsect":36,"Letter Opener":28,"Runic Dome":34,"Strange Spoon":48,"Bottled Flame":41,"Molten Egg 2":43,"Art of War":9,"Membership Card":28,"PureWater":0,"Meat on the Bone":45},{"Gremlin Horn":26,"Nilry\u0027s Codex":11,"StoneCalendar":5,"CloakClasp":19,"Frozen Eye":18,"TheAbacus":4,"Shovel":12,"Sundial":15,"Gambling Chip":21,"Philosopher\u0027s Stone":0,"MealTicket":22,"Kunai":27,"InkBottle":13,"Lee\u0027s Waffle":26,"Happy Flower":4,"Astrolabe":9,"The Courier":8,"PreservedInsect":18,"Letter Opener":13,"Runic Dome":17,"Strange Spoon":25,"Bottled Flame":21,"Molten Egg 2":22,"Art of War":4,"Membership Card":13,"PureWater":0,"Meat on the Bone":24},{"Gremlin Horn":105,"Nilry\u0027s Codex":39,"StoneCalendar":20,"CloakClasp":78,"Frozen Eye":75,"TheAbacus":16,"Shovel":45,"Sundial":57,"Gambling Chip":87,"Philosopher\u0027s Stone":0,"MealTicket":90,"Kunai":111,"InkBottle":50,"Lee\u0027s Waffle":105,"Happy Flower":16,"Astrolabe":33,"The Courier":28,"PreservedInsect":75,"Letter Opener":50,"Runic Dome":71,"Strange Spoon":97,"Bottled Flame":87,"Molten Egg 2":90,"Art of War":16,"Membership Card":50,"PureWater":0,"Meat on the Bone":96}],"InkBottle":[56],"Meat on the Bone":12},"card_choices":[{"not_picked":["Collect","Swivel","ThirdEye"],"picked":"SKIP","floor":1},{"not_picked":["Consecrate","ClearTheMind"],"picked":"CutThroughFate","floor":2},{"not_picked":["ThirdEye","Sanctity"],"picked":"SandsOfTime","floor":5},{"not_picked":["Meditate","Protect"],"picked":"Adaptation","floor":6},{"not_picked":["CutThroughFate","Perseverance","Protect"],"picked":"SKIP","floor":12},{"not_picked":["ClearTheMind","ThirdEye","Consecrate"],"picked":"SKIP","floor":13},{"not_picked":["Crescendo","JustLucky"],"picked":"Blasphemy","floor":14},{"not_picked":["Worship","CutThroughFate","WheelKick"],"picked":"SKIP","floor":18},{"not_picked":["JustLucky+1","FlyingSleeves","EmptyBody+1"],"picked":"SKIP","floor":20},{"not_picked":["Evaluate","CutThroughFate+1"],"picked":"Indignation","floor":23},{"not_picked":["CutThroughFate","BowlingBash+1"],"picked":"Omniscience","floor":25},{"not_picked":["ClearTheMind","CarveReality"],"picked":"Crescendo+1","floor":29},{"not_picked":["BattleHymn","Wish"],"picked":"ClearTheMind+1","floor":30},{"not_picked":["Protect","CrushJoints","Consecrate"],"picked":"SKIP","floor":31},{"not_picked":["ConjureBlade","Devotion"],"picked":"Omniscience","floor":33},{"not_picked":["PathToVictory+1","JustLucky","FollowUp"],"picked":"SKIP","floor":35},{"not_picked":["CrushJoints+1","ClearTheMind+1"],"picked":"FearNoEvil","floor":37},{"not_picked":["Flash of Steel","Purity"],"picked":"Madness","floor":38},{"not_picked":["Transmutation","Thinking Ahead"],"picked":"Secret Technique","floor":38},{"not_picked":["FollowUp+1","FlyingSleeves+1"],"picked":"Tantrum+1","floor":39},{"not_picked":["DeceiveReality+1","WaveOfTheHand+1","EmptyBody"],"picked":"SKIP","floor":40},{"not_picked":["Consecrate","Swivel","FlyingSleeves+1"],"picked":"SKIP","floor":42},{"not_picked":["Vengeance+1","Indignation+1"],"picked":"Wireheading","floor":44},{"not_picked":["DeceiveReality+1","Indignation+1"],"picked":"DevaForm","floor":45},{"not_picked":["PathToVictory+1","Collect"],"picked":"Adaptation+1","floor":47},{"not_picked":["CrushJoints+1","Prostrate","SashWhip+1"],"picked":"SKIP","floor":54}],"player_experience":2723414,"relics_obtained":[{"floor":6,"key":"Happy Flower"},{"floor":9,"key":"Art of War"},{"floor":10,"key":"StoneCalendar"},{"floor":14,"key":"The Courier"},{"floor":21,"key":"Nilry\u0027s Codex"},{"floor":23,"key":"Shovel"},{"floor":30,"key":"Sundial"},{"floor":37,"key":"CloakClasp"},{"floor":40,"key":"Gambling Chip"},{"floor":41,"key":"Bottled Flame"},{"floor":42,"key":"MealTicket"},{"floor":43,"key":"Molten Egg 2"},{"floor":45,"key":"Meat on the Bone"},{"floor":52,"key":"Gremlin Horn"},{"floor":54,"key":"Kunai"}],"event_choices":[{"cards_removed":["Defend_P"],"damage_healed":0,"gold_gain":0,"player_choice":"Card Removal","damage_taken":7,"max_hp_gain":0,"max_hp_loss":0,"event_name":"Golden Wing","floor":3,"gold_loss":0},{"damage_healed":0,"gold_gain":100,"player_choice":"Pray","damage_taken":0,"max_hp_gain":0,"max_hp_loss":0,"event_name":"Golden Shrine","floor":4,"gold_loss":0},{"damage_healed":0,"gold_gain":0,"player_choice":"Became a Ghost","damage_taken":0,"max_hp_gain":0,"max_hp_loss":36,"event_name":"Ghosts","floor":19,"gold_loss":0,"cards_obtained":["Ghostly","Ghostly","Ghostly","Ghostly","Ghostly"]},{"damage_healed":0,"gold_gain":0,"player_choice":"Obtained Book","damage_taken":16,"max_hp_gain":0,"max_hp_loss":0,"event_name":"Cursed Tome","floor":21,"gold_loss":0},{"damage_healed":0,"gold_gain":0,"player_choice":"Ignored","damage_taken":0,"max_hp_gain":0,"max_hp_loss":0,"event_name":"Vampires","floor":22,"gold_loss":0},{"damage_healed":0,"gold_gain":0,"player_choice":"Upgraded","damage_taken":0,"max_hp_gain":0,"max_hp_loss":0,"event_name":"Upgrade Shrine","floor":27,"gold_loss":0,"cards_upgraded":["Omniscience"]},{"damage_healed":0,"gold_gain":0,"player_choice":"Fight","damage_taken":0,"max_hp_gain":0,"max_hp_loss":0,"event_name":"MindBloom","floor":37,"gold_loss":0},{"damage_healed":0,"gold_gain":0,"player_choice":"Memory 3","damage_taken":10,"max_hp_gain":0,"max_hp_loss":0,"event_name":"SensoryStone","floor":38,"gold_loss":0},{"damage_healed":0,"gold_gain":0,"player_choice":"Ignored","damage_taken":0,"max_hp_gain":0,"max_hp_loss":0,"event_name":"Tomb of Lord Red Mask","floor":46,"gold_loss":0}],"is_beta":false,"boss_relics":[{"not_picked":["Empty Cage","Coffee Dripper"],"picked":"Astrolabe"},{"not_picked":["Black Star","Snecko Eye"],"picked":"Runic Dome"}],"items_purged_floors":[7,28,36],"is_endless":false,"potions_floor_spawned":[1,12,14,20,23,29,33,35,40,44,45,54],"ascension_level":8}}