{"host":"lkiec0wxjd85dqdp","time":1614430675,"event":{"mods":["2.2 Compatiblity","BaseMod","Bestiary","Block Reminder","Colored Map","Colored Powertips","DeckTracker","Googly Eyes","Hermit","Highlight Path","Marisa????????","Minty Spire (QoL Compilation)","Quick Restart","Rare Cards Sparkle","StSLib","The Cursed","The Servant 0.9.4","Unknown Chances"],"gold_per_floor":[111,61,71,71,71,246,38,56,56,107,136,156,174,20,20,118,118,136,51,61,74,74,74],"floor_reached":22,"language":"RUS","playtime":927,"items_purged":["Doubt"],"score":186,"play_id":"039deb98-a8ff-449a-9e53-4f1cadb88177","local_time":"20210227145755","is_ascension_mode":false,"campfire_choices":[{"data":"hermit:LoneWolf","floor":15,"key":"SMITH"}],"circlet_count":0,"master_deck":["hermit:Strike_Hermit","hermit:Strike_Hermit","hermit:Strike_Hermit","hermit:Defend_Hermit","hermit:Defend_Hermit","hermit:Defend_Hermit","hermit:Defend_Hermit","hermit:Snapshot","hermit:Covet","hermit:GhostlyPresence","hermit:BodyArmor+1","hermit:Snipe","hermit:ItchyTrigger","hermit:Roughhouse","hermit:LoneWolf+1","hermit:Deadeye","hermit:FatalDesire","hermit:Malice+1","hermit:FlashPowder+1"],"relics":["hermit:Momento","NeowsBlessing","White Beast Statue","HandDrill","Kunai","Oddly Smooth Stone","Orichalcum","Velvet Choker","Bag of Marbles"],"acts_visited":["Exordium","TheCity"],"potions_floor_usage":[16,21],"damage_taken":[{"damage":0,"enemies":"2 Louse","floor":1,"turns":1},{"damage":0,"enemies":"Jaw Worm","floor":3,"turns":1},{"damage":0,"enemies":"Small Slimes","floor":8,"turns":2},{"damage":20,"enemies":"Lagavulin","floor":11,"turns":9},{"damage":3,"enemies":"Blue Slaver","floor":12,"turns":5},{"damage":0,"enemies":"Looter","floor":13,"turns":4},{"damage":40,"enemies":"Slime Boss","floor":16,"turns":10},{"damage":13,"enemies":"2 Thieves","floor":18,"turns":4},{"damage":22,"enemies":"3 Byrds","floor":20,"turns":6},{"damage":30,"enemies":"Snake Plant","floor":21,"turns":3}],"seed_played":"-893910438329037463","potions_obtained":[{"floor":1,"key":"GamblersBrew"},{"floor":8,"key":"Explosive Potion"},{"floor":11,"key":"Regen Potion"},{"floor":13,"key":"Strength Potion"},{"floor":16,"key":"Weak Potion"},{"floor":18,"key":"Strength Potion"},{"floor":21,"key":"Fruit Juice"}],"is_trial":false,"path_per_floor":["M","?","M","?","?","?","$","M","T","T","E","M","M","$","R","B",null,"M","?","M","M","?"],"character_chosen":"HERMIT","items_purchased":["HandDrill","hermit:Snipe","hermit:Deadeye"],"campfire_rested":0,"item_purchase_floors":[7,7,14],"current_hp_per_floor":[75,75,75,75,68,68,68,68,68,68,48,45,45,45,45,5,75,62,62,40,15,0,0],"gold":74,"neow_bonus":"THREE_ENEMY_KILL","is_daily":false,"chose_seed":false,"campfire_upgraded":1,"win_rate":0.0,"timestamp":1614430675,"path_taken":["M","?","M","?","?","?","$","M","T","?","E","M","M","?","R","BOSS","M","?","M","M","?"],"items_purchased_type":["Relic","Card","Card"],"build_version":"2020-12-22","purchased_purges":1,"victory":false,"max_hp_per_floor":[75,75,75,75,75,75,75,75,75,75,75,75,75,75,75,75,75,75,75,75,80,80,80],"card_choices":[{"not_picked":["hermit:Dive","hermit:CalledShot"],"picked":"hermit:GhostlyPresence","floor":1},{"not_picked":["hermit:Glare","hermit:Feint"],"picked":"hermit:BodyArmor","floor":3},{"not_picked":["hermit:Midnight","hermit:Brawl","hermit:Desperado"],"picked":"SKIP","floor":8},{"not_picked":["hermit:EyeOfTheStorm","hermit:Manifest"],"picked":"hermit:ItchyTrigger","floor":11},{"not_picked":["hermit:Headshot","hermit:Snipe"],"picked":"hermit:Roughhouse","floor":12},{"not_picked":["hermit:Brawl","hermit:BigShot"],"picked":"hermit:LoneWolf","floor":13},{"not_picked":["hermit:Reprieve","hermit:OverwhelmingPower"],"picked":"hermit:FatalDesire","floor":16},{"not_picked":["hermit:Quickdraw","hermit:BodyArmor","hermit:SprayPray"],"picked":"SKIP","floor":18},{"not_picked":["hermit:TrackingShot","hermit:LowProfile"],"picked":"hermit:Malice+1","floor":20},{"not_picked":["hermit:Showdown","hermit:Manifest"],"picked":"hermit:FlashPowder+1","floor":21}],"player_experience":110036,"relics_obtained":[{"floor":9,"key":"Kunai"},{"floor":10,"key":"Oddly Smooth Stone"},{"floor":11,"key":"Orichalcum"}],"event_choices":[{"cards_removed":["hermit:Strike_Hermit"],"damage_healed":0,"gold_gain":0,"player_choice":"Card Removal","damage_taken":0,"max_hp_gain":0,"max_hp_loss":0,"event_name":"The Cleric","floor":2,"gold_loss":50},{"damage_healed":0,"gold_gain":0,"player_choice":"Grow","damage_taken":0,"max_hp_gain":0,"max_hp_loss":0,"event_name":"Living Wall","floor":4,"gold_loss":0,"cards_upgraded":["hermit:BodyArmor"]},{"damage_healed":0,"gold_gain":0,"player_choice":"Success","damage_taken":7,"relics_obtained":["White Beast Statue"],"max_hp_gain":0,"max_hp_loss":0,"event_name":"Scrap Ooze","floor":5,"gold_loss":0},{"damage_healed":0,"gold_gain":175,"player_choice":"AGREE","damage_taken":0,"max_hp_gain":0,"max_hp_loss":0,"event_name":"Liars Game","floor":6,"gold_loss":0,"cards_obtained":["Doubt"]},{"damage_healed":0,"gold_gain":0,"player_choice":"Obtained Relic","damage_taken":0,"relics_obtained":["Bag of Marbles"],"max_hp_gain":0,"max_hp_loss":0,"event_name":"Addict","floor":19,"gold_loss":85}],"is_beta":false,"boss_relics":[{"not_picked":["Fusion Hammer","Runic Dome"],"picked":"Velvet Choker"}],"items_purged_floors":[14],"is_endless":false,"potions_floor_spawned":[1,8,11,12,13,16,18,20,21],"ascension_level":0}}