{"host":"iawk615p0198zs2h","time":1614453212,"event":{"mods":["BaseMod","Better Third Choice","BetterRewards","Gold Saver","Minty Spire (QoL Compilation)","Quick Restart","Rare Cards Sparkle","Replay The Spire","Shop Mod","Spicy Shops","StSLib","everything is the same but u backflip on backflip"],"gold_per_floor":[119,69,88,7,18,50,69,69,94,106,18,18,93,127,127,228,228,243,256,256,171,194,194,254,280,280,307,326,359,284,384,384,486,486,497,497,497,516,516,550,563,613,636,654,683,683,683,464,464,464,464,464,61,93,93],"floor_reached":56,"language":"ENG","playtime":7009,"items_purged":["Strike_G","Strike_G","Defend_G","Shame"],"score":2499,"play_id":"096530d9-11b2-4e74-807b-8502e27fe7b5","local_time":"20210227201332","is_ascension_mode":true,"campfire_choices":[{"floor":8,"key":"REST"},{"data":"Footwork","floor":10,"key":"SMITH"},{"data":"Bandage Up","floor":15,"key":"SMITH"},{"floor":23,"key":"RECALL"},{"data":"Defend_G","floor":32,"key":"PURGE"},{"data":"Apotheosis","floor":49,"key":"SMITH"},{"data":"Venomology","floor":52,"key":"SMITH"}],"circlet_count":0,"master_deck":["Strike_G","Survivor","Neutralize+1","Footwork+1","Leg Sweep","Bandage Up+1","ReplayTheSpireMod:Speed Training","Blade Dance","PiercingWail","Hidden Blade","After Image","Deflect","Ghostly","Ghostly","Ghostly","Ghostly","Ghostly","Slice+1","Die Die Die+1","Escape Plan","Venomology+1","Trip","Apotheosis+1","Footwork+1","Accuracy+1","Backflip+1","Madness","Madness","Impatience"],"relics":["Ring of the Snake","Vajra","Sling","Replay:Baseball","MawBank","Ring of Fury","ReplayTheSpireMod:Ring of Addiction","Potion Belt","Chameleon Ring","ReplayFunnel","Replay:Drink Me","Durian","Gremlin Horn","Juzu Bracelet","Bottled Flame","Whetstone","ReplayTheSpireMod:Lightbulb","The Specimen","Replay:Accelerometer","Cursed Key","Bag of Preparation","Tough Bandages","Pen Nib","InkBottle","Tingsha","ReplayTheSpireMod:Shallot","Happy Flower"],"acts_visited":["Exordium","TheCity","TheBeyond","TheEnding"],"potions_floor_usage":[14,16,25,27,31,31,38,40,41,42,44,45,50,50,55,55,55,55,55,55,55,55,55],"damage_taken":[{"damage":0,"enemies":"Cultist","floor":1,"turns":3},{"damage":1,"enemies":"Jaw Worm","floor":3,"turns":8},{"damage":7,"enemies":"Small Slimes","floor":5,"turns":5},{"damage":23,"enemies":"3 Sentries","floor":6,"turns":15},{"damage":8,"enemies":"2 Fungi Beasts","floor":7,"turns":3},{"damage":0,"enemies":"Gremlin Nob","floor":14,"turns":3},{"damage":0,"enemies":"The Guardian","floor":16,"turns":13},{"damage":12,"enemies":"Shell Parasite","floor":18,"turns":5},{"damage":0,"enemies":"Spheric Guardian","floor":19,"turns":5},{"damage":0,"enemies":"Gremlin Leader","floor":25,"turns":7},{"damage":8,"enemies":"Book of Stabbing","floor":27,"turns":9},{"damage":2,"enemies":"Snake Plant","floor":28,"turns":7},{"damage":0,"enemies":"Gremlin Leader","floor":29,"turns":7},{"damage":1,"enemies":"Colosseum Slavers","floor":31,"turns":4},{"damage":3,"enemies":"Colosseum Nobs","floor":31,"turns":5},{"damage":0,"enemies":"Pondfish","floor":33,"turns":17},{"damage":0,"enemies":"Orb Walker","floor":35,"turns":5},{"damage":0,"enemies":"3 Darklings","floor":38,"turns":4},{"damage":2,"enemies":"R_Hoarder","floor":40,"turns":8},{"damage":0,"enemies":"Writhing Mass","floor":41,"turns":8},{"damage":0,"enemies":"Mind Bloom Boss Battle","floor":42,"turns":5},{"damage":0,"enemies":"Transient","floor":44,"turns":5},{"damage":0,"enemies":"Giant Head","floor":45,"turns":7},{"damage":0,"enemies":"Time Eater","floor":50,"turns":7},{"damage":0,"enemies":"Shield and Spear","floor":54,"turns":6},{"damage":10,"enemies":"The Heart","floor":55,"turns":6}],"seed_played":"6991167254444738533","potions_obtained":[{"floor":6,"key":"Swift Potion"},{"floor":7,"key":"Adrenaline Potion"},{"floor":12,"key":"LiquidBronze"},{"floor":12,"key":"Languid Potion"},{"floor":12,"key":"PowerPotion"},{"floor":14,"key":"BlessingOfTheForge"},{"floor":18,"key":"LiquidBronze"},{"floor":27,"key":"Toxic Potion"},{"floor":31,"key":"Fire Potion"},{"floor":33,"key":"Swift Potion"},{"floor":35,"key":"SteroidPotion"},{"floor":42,"key":"PowerPotion"}],"is_trial":false,"path_per_floor":["M","?","M","$","M","E","M","R","T","R","$","?","?","E","R","B",null,"M","M","?","?","T","R","?","E","T","E","M","E","?","?","R","B",null,"M","?","?","M","?","E","M","?","T","M","E","?","?","$","R","B",null,"R","$","E","B",null],"character_chosen":"THE_SILENT","items_purchased":["Footwork","Vajra","Sling","Bandage Up","Impatience","ReplayTheSpireMod:Shallot"],"campfire_rested":1,"item_purchase_floors":[0,0,0,4,48,53],"current_hp_per_floor":[42,42,41,41,38,19,15,36,36,36,36,36,25,29,29,35,49,43,49,25,30,30,28,21,27,27,21,25,28,28,26,26,26,26,24,19,19,22,22,20,22,22,22,22,22,22,19,19,19,20,20,20,20,18,13],"gold":93,"neow_bonus":"","is_daily":false,"chose_seed":false,"campfire_upgraded":4,"win_rate":0.0,"timestamp":1614453212,"path_taken":["M","?","M","$","M","E","M","R","T","R","$","?","?","E","R","BOSS","M","M","?","?","?","R","?","E","T","E","M","E","?","?","R","BOSS","M","?","?","M","?","E","M","?","T","M","E","?","?","$","R","BOSS","R","$","E","BOSS"],"items_purchased_type":["Card","Relic","Relic","Card","Card","Relic"],"build_version":"2020-12-22","purchased_purges":4,"victory":true,"max_hp_per_floor":[70,70,70,70,70,70,70,70,70,70,70,70,70,70,70,70,53,53,53,25,30,30,28,28,28,28,28,28,28,28,26,26,26,26,24,24,24,22,22,22,22,22,22,22,22,22,22,22,20,20,20,20,20,18,18],"card_choices":[{"not_picked":["Finisher","Dagger Spray","Dodge and Roll"],"picked":"SKIP","floor":1},{"not_picked":["Dagger Throw","Riddle With Holes"],"picked":"Leg Sweep","floor":3},{"not_picked":["Replay:Poison Smokescreen","Envenom"],"picked":"ReplayTheSpireMod:Speed Training","floor":5},{"not_picked":["Dagger Spray","ReplayTheSpireMod:Tripwire"],"picked":"Blade Dance","floor":6},{"not_picked":["Poisoned Stab","Quick Slash"],"picked":"PiercingWail","floor":7},{"not_picked":["Acrobatics","Glass Knife"],"picked":"Hidden Blade","floor":14},{"not_picked":["Unload","Replay:Bag of Tricks"],"picked":"After Image","floor":16},{"not_picked":["Deadly Poison","Catalyst","Bane"],"picked":"SKIP","floor":18},{"not_picked":["Underhanded Strike+1","Dagger Spray+1"],"picked":"Deflect","floor":19},{"not_picked":["Deadly Poison+1","Prepared"],"picked":"Slice+1","floor":24},{"not_picked":["Underhanded Strike+1","Deadly Poison+1"],"picked":"Die Die Die","floor":25},{"not_picked":["Dagger Spray","Eviscerate+1"],"picked":"Escape Plan","floor":27},{"not_picked":["Calculated Gamble","Leg Sweep+1","ReplayTheSpireMod:The Works+1"],"picked":"SKIP","floor":28},{"not_picked":["Prepared","Poisoned Stab","Underhanded Strike"],"picked":"SKIP","floor":29},{"not_picked":["Night Terror","ReplayTheSpireMod:Necrosis"],"picked":"Venomology","floor":33},{"not_picked":["Underhanded Strike","Acrobatics+1","Dagger Throw+1"],"picked":"SKIP","floor":35},{"not_picked":["PanicButton","Mayhem"],"picked":"Trip","floor":36},{"not_picked":["Dark Shackles","Mind Blast"],"picked":"Apotheosis","floor":36},{"not_picked":["Dagger Spray+1","Sucker Punch+1","Quick Slash"],"picked":"SKIP","floor":38},{"not_picked":["Deadly Poison+1","Sucker Punch","Skewer"],"picked":"SKIP","floor":40},{"not_picked":["Bane+1","Backflip+1"],"picked":"Accuracy+1","floor":41},{"not_picked":["Eviscerate+1","Replay:Poison Smokescreen"],"picked":"Backflip+1","floor":42},{"not_picked":["Outmaneuver","Night Terror","Prepared"],"picked":"SKIP","floor":44},{"not_picked":["Cloak And Dagger","Die Die Die","Deadly Poison"],"picked":"SKIP","floor":45},{"not_picked":["Underhanded Strike","PiercingWail","Sucker Punch"],"picked":"SKIP","floor":54}],"player_experience":247050,"relics_obtained":[{"floor":6,"key":"Replay:Baseball"},{"floor":9,"key":"MawBank"},{"floor":12,"key":"Ring of Fury"},{"floor":12,"key":"ReplayTheSpireMod:Ring of Addiction"},{"floor":12,"key":"Potion Belt"},{"floor":12,"key":"Chameleon Ring"},{"floor":14,"key":"ReplayFunnel"},{"floor":24,"key":"Gremlin Horn"},{"floor":25,"key":"Juzu Bracelet"},{"floor":26,"key":"Bottled Flame"},{"floor":27,"key":"Whetstone"},{"floor":29,"key":"ReplayTheSpireMod:Lightbulb"},{"floor":31,"key":"The Specimen"},{"floor":31,"key":"Replay:Accelerometer"},{"floor":40,"key":"Bag of Preparation"},{"floor":42,"key":"Tough Bandages"},{"floor":43,"key":"Pen Nib"},{"floor":45,"key":"InkBottle"},{"floor":54,"key":"Happy Flower"}],"event_choices":[{"cards_removed":["Defend_G"],"damage_healed":0,"gold_gain":0,"player_choice":"Card Removal","damage_taken":0,"max_hp_gain":0,"max_hp_loss":0,"event_name":"The Cleric","floor":2,"gold_loss":50},{"damage_healed":0,"gold_gain":75,"player_choice":"Gold","damage_taken":11,"max_hp_gain":0,"max_hp_loss":0,"event_name":"betterThird:BetterGoop","floor":13,"gold_loss":0},{"damage_healed":0,"gold_gain":0,"player_choice":"Became a Ghost","damage_taken":0,"max_hp_gain":0,"max_hp_loss":26,"event_name":"Ghosts","floor":20,"gold_loss":0,"cards_obtained":["Ghostly","Ghostly","Ghostly","Ghostly","Ghostly"]},{"damage_healed":0,"gold_gain":0,"player_choice":"Obtained Relic","damage_taken":0,"relics_obtained":["Durian"],"max_hp_gain":0,"max_hp_loss":0,"event_name":"Addict","floor":21,"gold_loss":85},{"cards_removed":["Defend_G"],"damage_healed":0,"gold_gain":0,"player_choice":"Gave Gold","damage_taken":0,"max_hp_gain":0,"max_hp_loss":0,"event_name":"Beggar","floor":30,"gold_loss":75},{"damage_healed":0,"gold_gain":0,"player_choice":"Fight","damage_taken":0,"max_hp_gain":0,"max_hp_loss":0,"event_name":"Colosseum","floor":31,"gold_loss":0},{"damage_healed":0,"gold_gain":0,"player_choice":"Fought Nobs","damage_taken":0,"max_hp_gain":0,"max_hp_loss":0,"event_name":"Colosseum","floor":31,"gold_loss":0},{"damage_healed":0,"gold_gain":0,"player_choice":"Random: Blue","damage_taken":0,"max_hp_gain":0,"max_hp_loss":0,"event_name":"betterThird:BetterPortal","floor":36,"gold_loss":0},{"damage_healed":0,"gold_gain":0,"player_choice":"Memory 2","damage_taken":5,"max_hp_gain":0,"max_hp_loss":0,"event_name":"SensoryStone","floor":36,"gold_loss":0},{"damage_healed":0,"gold_gain":0,"player_choice":"Ignored","damage_taken":0,"max_hp_gain":0,"max_hp_loss":0,"event_name":"Tomb of Lord Red Mask","floor":37,"gold_loss":0},{"damage_healed":0,"gold_gain":0,"player_choice":"Copied","damage_taken":0,"max_hp_gain":0,"max_hp_loss":0,"event_name":"Duplicator","floor":39,"gold_loss":0,"cards_obtained":["Footwork"]},{"damage_healed":0,"gold_gain":0,"player_choice":"Fight","damage_taken":0,"max_hp_gain":0,"max_hp_loss":0,"event_name":"MindBloom","floor":42,"gold_loss":0},{"damage_healed":0,"gold_gain":0,"player_choice":"Gave Potion","damage_taken":0,"relics_obtained":["Tingsha"],"max_hp_gain":0,"max_hp_loss":0,"event_name":"WeMeetAgain","floor":46,"gold_loss":0},{"damage_healed":0,"gold_gain":0,"player_choice":"Embrace Madness","damage_taken":3,"max_hp_gain":0,"max_hp_loss":0,"event_name":"Winding Halls","floor":47,"gold_loss":0,"cards_obtained":["Madness","Madness"]}],"is_beta":false,"boss_relics":[{"not_picked":["Empty Cage","ChewingGum"],"picked":"Replay:Drink Me"},{"not_picked":["Snecko Scales","Replay:Ancient Bell"],"picked":"Cursed Key"}],"items_purged_floors":[0,11,48,53],"is_endless":false,"potions_floor_spawned":[6,7,14,18,27,31,33,35,41,42],"ascension_level":8}}