{"host":"vgpo801u53seft82","time":1614399606,"event":{"mods":["BaseMod","Better Match","Better Skull","Better Third Choice","Colored Powertips","Curses Come First","Downfall","Jorbs\u0027s Wanderer Trilogy","Minty Spire (QoL Compilation)","Quick Restart","StSLib","The Cursed","everything is the same but u backflip on backflip"],"gold_per_floor":[109,42,42,59,5,5,37,37,60,60,70,2,2,14,14,111,161,178,178,188,257,14,40,40,55,127,137,164,164,214,228,228,330,330,343,357,457,507,507,507],"floor_reached":39,"language":"ENG","playtime":1618,"items_purged":[],"score":346,"play_id":"c50d01e2-63bf-495d-a881-2bc2a85fef7a","local_time":"20210226232006","is_ascension_mode":false,"campfire_choices":[{"data":"Dualcast","floor":6.0,"key":"SMITH"},{"data":"Redo","floor":8.0,"key":"SMITH"},{"data":"Static Discharge","floor":10.0,"key":"SMITH"},{"data":"Zap","floor":13.0,"key":"SMITH"},{"data":"Double Energy","floor":15.0,"key":"SMITH"},{"data":"Fission","floor":24.0,"key":"SMITH"},{"data":"Creative AI","floor":29.0,"key":"SMITH"},{"data":"Defragment","floor":32.0,"key":"SMITH"}],"circlet_count":0,"master_deck":["Strike_B+1","Strike_B","Defend_B","Defend_B","Zap+1","Dualcast+1","Redo+1","Self Repair","Storm","Leap","Go for the Eyes","Static Discharge+1","Thunder Strike","Dramatic Entrance","Double Energy+1","Creative AI+1","Conserve Battery","Defragment","FTL","Tempest+1","Defragment+1","Hello World","Fission+1","Go for the Eyes","Steam+1","Chaos","Leap+1","Seek","Tempest+1","Conserve Battery+1","Ball Lightning+1","Skim+1","Lockon+1","BootSequence"],"relics":["Cracked Core","The Courier","Blue Candle","Orichalcum","Tiny House","SsserpentHead","DollysMirror","Vajra","Mummified Hand","Question Card","Toy Ornithopter","MutagenicStrength","Astrolabe","Ice Cream"],"acts_visited":["Exordium","TheCity","TheBeyond"],"potions_floor_usage":[],"damage_taken":[{"damage":1.0,"enemies":"Jaw Worm","floor":1.0,"turns":2.0},{"damage":0.0,"enemies":"Cultist","floor":4.0,"turns":2.0},{"damage":0.0,"enemies":"Gremlin Nob","floor":7.0,"turns":2.0},{"damage":0.0,"enemies":"Small Slimes","floor":11.0,"turns":1.0},{"damage":2.0,"enemies":"Gremlin Gang","floor":14.0,"turns":2.0},{"damage":5.0,"enemies":"Hexaghost","floor":16.0,"turns":4.0},{"damage":3.0,"enemies":"Chosen","floor":18.0,"turns":3.0},{"damage":13.0,"enemies":"2 Thieves","floor":20.0,"turns":2.0},{"damage":6.0,"enemies":"Centurion and Healer","floor":21.0,"turns":4.0},{"damage":0.0,"enemies":"Gremlin Leader","floor":23.0,"turns":2.0},{"damage":15.0,"enemies":"Snake Plant","floor":25.0,"turns":3.0},{"damage":2.0,"enemies":"Snecko","floor":27.0,"turns":3.0},{"damage":0.0,"enemies":"Book of Stabbing","floor":28.0,"turns":3.0},{"damage":13.0,"enemies":"Shelled Parasite and Fungi","floor":31.0,"turns":2.0},{"damage":0.0,"enemies":"Automaton","floor":33.0,"turns":6.0},{"damage":2.0,"enemies":"3 Darklings","floor":35.0,"turns":2.0},{"damage":0.0,"enemies":"3 Shapes","floor":36.0,"turns":1.0},{"damage":3.0,"enemies":"Mind Bloom Boss Battle","floor":37.0,"turns":4.0},{"damage":6.0,"enemies":"3 Darklings","floor":39.0,"turns":3.0}],"seed_played":"6338389864887523816","potions_obtained":[{"floor":0.0,"key":"Swift Potion"},{"floor":0.0,"key":"Block Potion"},{"floor":0.0,"key":"PowerPotion"},{"floor":4.0,"key":"Strength Potion"},{"floor":17.0,"key":"DistilledChaos"},{"floor":20.0,"key":"BlessingOfTheForge"},{"floor":27.0,"key":"Block Potion"},{"floor":28.0,"key":"Fruit Juice"},{"floor":31.0,"key":"Block Potion"},{"floor":33.0,"key":"FocusPotion"},{"floor":37.0,"key":"Strength Potion"}],"is_trial":false,"path_per_floor":["M","$","?","M","$","R","E","R","T","R","M","$","R","M","R","B",null,"M","?","M","M","$","E","R","M","T","M","E","R","?","M","R","B",null,"M","M","?","?","M"],"character_chosen":"DEFECT","items_purchased":["Self Repair","Leap","Go for the Eyes","Dramatic Entrance","DollysMirror","Vajra","Hello World"],"campfire_rested":0,"item_purchase_floors":[2,5,5,12,22,22,22],"current_hp_per_floor":[74,74,74,74,74,74,74,74,74,74,74,74,74,72,72,74,80,80,80,67,68,68,68,68,53,53,58,75,75,75,69,69,81,85,83,83,85,85,79,79],"gold":507,"neow_bonus":"THREE_SMALL_POTIONS","is_daily":false,"chose_seed":false,"campfire_upgraded":8,"win_rate":0.0,"timestamp":1614399606,"path_taken":["M","$","?","?","?","R","E","R","T","R","M","$","R","M","R","BOSS","M","?","M","?","?","E","R","M","T","M","E","R","?","M","R","BOSS","M","M","?","?","M"],"items_purchased_type":["Card","Card","Card","Card","Relic","Relic","Card"],"build_version":"2020-12-22","purchased_purges":0,"victory":false,"max_hp_per_floor":[75,75,75,75,75,75,75,75,75,75,75,75,75,75,75,75,80,80,80,80,80,80,80,80,80,80,80,85,85,85,85,85,85,85,85,85,85,85,85,85],"card_choices":[{"not_picked":["Lockon","Conserve Battery"],"picked":"Redo","floor":1.0},{"not_picked":["Chill","Ball Lightning"],"picked":"Storm","floor":4.0},{"not_picked":["Leap","Genetic Algorithm"],"picked":"Static Discharge","floor":7.0},{"not_picked":["Melter","Barrage"],"picked":"Thunder Strike","floor":11.0},{"not_picked":["Cold Snap","Gash"],"picked":"Double Energy","floor":14.0},{"not_picked":["Rainbow","Reboot"],"picked":"Creative AI","floor":16.0},{"not_picked":["Barrage","Beam Cell"],"picked":"Conserve Battery","floor":17.0},{"not_picked":["Coolheaded","Go for the Eyes"],"picked":"Defragment","floor":18.0},{"not_picked":["Blizzard","Conserve Battery"],"picked":"FTL","floor":20.0},{"not_picked":["Consume","Ball Lightning"],"picked":"Tempest+1","floor":21.0},{"not_picked":["Hello World","Storm"],"picked":"Fission","floor":23.0},{"not_picked":["Blizzard+1","Compile Driver"],"picked":"Go for the Eyes","floor":25.0},{"not_picked":["Reprogram","Hologram+1","Cold Snap"],"picked":"Steam+1","floor":27.0},{"not_picked":["Cold Snap","Redo","Steam+1"],"picked":"Chaos","floor":28.0},{"not_picked":["Cold Snap+1","Coolheaded","Darkness"],"picked":"Leap+1","floor":31.0},{"not_picked":["Thunder Strike","Biased Cognition","Reboot"],"picked":"Seek","floor":33.0},{"not_picked":["Static Discharge","Conserve Battery+1","Beam Cell"],"picked":"Skim+1","floor":35.0},{"not_picked":["Redo","Hologram+1","Blizzard"],"picked":"Lockon+1","floor":36.0},{"not_picked":["Reinforced Body","Streamline+1","Conserve Battery"],"picked":"BootSequence","floor":37.0}],"player_experience":164604,"relics_obtained":[{"floor":7.0,"key":"Blue Candle"},{"floor":9.0,"key":"Orichalcum"},{"floor":23.0,"key":"Mummified Hand"},{"floor":26.0,"key":"Question Card"},{"floor":28.0,"key":"Toy Ornithopter"},{"floor":37.0,"key":"Ice Cream"}],"event_choices":[{"damage_healed":0.0,"max_hp_gain":0.0,"max_hp_loss":0.0,"gold_gain":0.0,"event_name":"WeMeetAgain","player_choice":"Gave Potion","floor":3.0,"gold_loss":0.0,"damage_taken":0.0,"relics_obtained":["The Courier"]},{"damage_healed":0.0,"max_hp_gain":0.0,"max_hp_loss":0.0,"gold_gain":0.0,"event_name":"FaceTrader","player_choice":"Trade","floor":19.0,"gold_loss":0.0,"damage_taken":0.0,"relics_obtained":["SsserpentHead"]},{"damage_healed":0.0,"max_hp_gain":0.0,"max_hp_loss":0.0,"gold_gain":0.0,"event_name":"Drug Dealer","player_choice":"Inject Mutagens","floor":30.0,"gold_loss":0.0,"damage_taken":0.0,"relics_obtained":["MutagenicStrength"]},{"damage_healed":0.0,"max_hp_gain":0.0,"max_hp_loss":0.0,"gold_gain":0.0,"event_name":"MindBloom","player_choice":"Fight","floor":37.0,"gold_loss":0.0,"damage_taken":0.0},{"cards_removed":["Defend_B"],"damage_healed":0.0,"max_hp_gain":0.0,"max_hp_loss":0.0,"gold_gain":0.0,"event_name":"Falling","player_choice":"Removed Skill","floor":38.0,"gold_loss":0.0,"damage_taken":0.0}],"is_beta":false,"boss_relics":[{"not_picked":["Empty Cage","bronze:MakeshiftBattery"],"picked":"Tiny House"},{"not_picked":["Snecko Eye","Black Star"],"picked":"Astrolabe"}],"items_purged_floors":[],"is_endless":false,"potions_floor_spawned":[1,4,14,20,27,28,31,33,37,39],"killed_by":"3 Darklings","ascension_level":0}}