{"host":"vyrim7c8c6ucsmzk","time":1614451361,"event":{"mods":["BaseMod","Colored Map","Downfall","Minty Spire (QoL Compilation)","StSLib"],"gold_per_floor":[99,111,111,111,129,129,129,146,146,174,192,225,25,38,53,150,150,150,164,174,185,185,93,117,137,137,137,37,69,69,88,98,203,203,203,221,235,246,261,261,261,261,261,261,279,143,155,155,169,169,169,201,23,23,23,23,23],"floor_reached":55,"language":"ENG","playtime":6877,"items_purged":["Guardian:Defend_Guardian"],"score":839,"play_id":"d75e4ba1-7392-46da-a59b-6fc0987c3791","local_time":"20210227134241","is_ascension_mode":true,"campfire_choices":[{"data":"Guardian:TwinSlam","floor":1.0,"key":"SMITH"},{"data":"Guardian:FastForward","floor":13.0,"key":"SMITH"},{"floor":18.0,"key":"RECALL"},{"data":"Guardian:CurlUp","floor":28.0,"key":"SMITH"},{"data":"Guardian:Defend_Guardian","floor":35.0,"key":"SMITH"},{"data":"Guardian:Orbwalk","floor":54,"key":"SMITH"}],"circlet_count":0,"master_deck":["Guardian:Defend_Guardian","Guardian:Defend_Guardian+1","Guardian:Defend_Guardian+1","Guardian:CurlUp+1","Guardian:TwinSlam+1","Guardian:ChargeCore+1","Guardian:FastForward+1","Guardian:BronzeArmor+1","Guardian:Reroute+1","Guardian:TemporalShield+1","Guardian:PrismaticBarrier+1","Guardian:Recover+1","Guardian:Recover+1","Guardian:FierceBash+1","Guardian:TemporalShield+1","Bite+1","Bite+1","Bite+1","Bite+1","Guardian:StasisField+1","Guardian:BodySlam+1","Guardian:TemporalShield+1","Guardian:Incinerate+1","Guardian:SphericShield+1","Guardian:Clone+1","Guardian:TimeCapacitor","expansioncontent:YouAreMine+1","expansioncontent:Chronoboost","expansioncontent:Chronoboost","Guardian:FastForward+1","Guardian:Orbwalk+1","Guardian:TemporalShield+1"],"relics":["Guardian:ModeShifter","Tiny Chest","Toxic Egg 2","Molten Egg 2","Whetstone","downfall:HeartBlessingGreen","downfall:HeartBlessingBlue","Sozu","Orichalcum","Bottled Lightning","downfall:HeartBlessingRed","Potion Belt","Coffee Dripper","Blue Candle","Gremlin Horn","HornCleat","Bag of Marbles"],"acts_visited":["Exordium","TheCity","TheBeyond","TheEnding"],"potions_floor_usage":[55],"damage_taken":[{"damage":1.0,"enemies":"Jaw Worm","floor":2.0,"turns":3.0},{"damage":1.0,"enemies":"2 Louse","floor":5.0,"turns":3.0},{"damage":0.0,"enemies":"Cultist","floor":6.0,"turns":1.0},{"damage":10.0,"enemies":"downfall:LooterAlt","floor":8.0,"turns":4.0},{"damage":15.0,"enemies":"Gremlin Nob","floor":10.0,"turns":4.0},{"damage":0.0,"enemies":"Exordium Wildlife","floor":11.0,"turns":3.0},{"damage":21.0,"enemies":"Lagavulin","floor":12.0,"turns":7.0},{"damage":5.0,"enemies":"Exordium Thugs","floor":14.0,"turns":4.0},{"damage":3.0,"enemies":"Blue Slaver","floor":15.0,"turns":3.0},{"damage":50.0,"enemies":"IC_STATUS_ARCHETYPE","floor":16.0,"turns":16.0},{"damage":5.0,"enemies":"3 Byrds","floor":19.0,"turns":4.0},{"damage":0.0,"enemies":"Shell Parasite","floor":20.0,"turns":6.0},{"damage":0.0,"enemies":"Snecko","floor":21.0,"turns":4.0},{"damage":0.0,"enemies":"downfall:FleeingMerchant","floor":23.0,"turns":4.0},{"damage":1.0,"enemies":"Snake Plant","floor":25.0,"turns":4.0},{"damage":10.0,"enemies":"Slavers","floor":29.0,"turns":6.0},{"damage":0.0,"enemies":"Shelled Parasite and Fungi","floor":31.0,"turns":6.0},{"damage":1.0,"enemies":"Chosen and Byrds","floor":32.0,"turns":6.0},{"damage":0.0,"enemies":"SI_MIRROR_ARCHETYPE","floor":33.0,"turns":9.0},{"damage":11.0,"enemies":"3 Shapes","floor":36.0,"turns":3.0},{"damage":0.0,"enemies":"Orb Walker","floor":37.0,"turns":3.0},{"damage":0.0,"enemies":"Maw","floor":38.0,"turns":6.0},{"damage":0.0,"enemies":"4 Shapes","floor":39.0,"turns":7.0},{"damage":0.0,"enemies":"3 Darklings","floor":45.0,"turns":4.0},{"damage":0.0,"enemies":"downfall:FleeingMerchant","floor":46.0,"turns":4.0},{"damage":6.0,"enemies":"Jaw Worm Horde","floor":47.0,"turns":5.0},{"damage":0.0,"enemies":"Spire Growth","floor":49.0,"turns":5.0},{"damage":10,"enemies":"WA_ARCHETYPE_DIVINITY","floor":50,"turns":13},{"damage":19,"enemies":"downfall:CharBossMerchant","floor":52,"turns":8},{"damage":75,"enemies":"downfall:NeowBoss","floor":55,"turns":17}],"seed_played":"4392301084375117256","potions_obtained":[{"floor":4.0,"key":"Fire Potion"},{"floor":4.0,"key":"Guardian:AcceleratePotion"},{"floor":4.0,"key":"Weak Potion"},{"floor":5.0,"key":"Energy Potion"},{"floor":14.0,"key":"FairyPotion"}],"is_trial":false,"path_per_floor":["R","M","?","?","M","M","T","M","T","E","M","E","R","M","M","B",null,"R","M","M","M","?","$","T","M","?","T","R","E","?","M","M","B",null,"R","M","M","M","M","?","T","?","T","?","M","$","M","?","M","B",null,"E","$","R","B"],"character_chosen":"GUARDIAN","items_purchased":["Guardian:BodySlam+1","Guardian:TimeCapacitor","expansioncontent:YouAreMine","Guardian:Orbwalk","Guardian:TemporalShield+1"],"campfire_rested":0,"item_purchase_floors":[23,46,46,53,53],"current_hp_per_floor":[80,79,79,79,78,78,78,68,68,53,53,32,42,37,34,27,90,90,85,85,85,62,62,62,62,62,62,62,61,61,62,62,62,62,62,57,62,62,62,57,57,57,57,57,62,62,62,52,58,54,62,43,43,43,0,0,0],"gold":23,"neow_bonus":"RANDOM_COMMON_RELIC","is_daily":false,"chose_seed":false,"campfire_upgraded":5,"win_rate":0.0,"timestamp":1614451361,"path_taken":["R","M","?","?","?","M","T","M","?","E","M","E","R","M","M","BOSS","R","M","M","M","?","?","T","M","?","?","R","E","?","M","M","BOSS","R","M","M","M","M","?","T","?","?","?","M","$","?","?","M","BOSS","E","$","R","BOSS"],"items_purchased_type":["Card","Card","Card","Card","Card"],"build_version":"2020-12-22","purchased_purges":1,"victory":false,"max_hp_per_floor":[80,80,80,80,80,80,80,80,80,80,80,80,90,90,90,90,90,90,90,90,90,62,62,62,62,62,62,62,62,62,62,62,62,62,62,62,62,62,62,62,62,62,62,62,62,62,62,62,62,62,62,62,62,62,62,62,62],"card_choices":[{"not_picked":["Guardian:Gem_Red","Guardian:TemporalShield"],"picked":"Guardian:ChargeCore","floor":2.0},{"not_picked":["Guardian:TemporalShield","Guardian:Planning"],"picked":"Guardian:Gem_Red","floor":5.0},{"not_picked":["Guardian:Repulse","Guardian:Planning"],"picked":"Guardian:FastForward","floor":6.0},{"not_picked":["Guardian:TemporalShield+1","Guardian:Gem_Fragmented"],"picked":"Guardian:BronzeArmor+1","floor":8.0},{"not_picked":["Guardian:Recover+1","Guardian:VentSteam+1"],"picked":"Guardian:Reroute+1","floor":10.0},{"not_picked":["Guardian:Planning+1","Guardian:Repulse"],"picked":"Guardian:TemporalShield+1","floor":11.0},{"not_picked":["Guardian:TemporalStrike+1","Guardian:Gem_Green"],"picked":"Guardian:PrismaticBarrier+1","floor":12.0},{"not_picked":["Guardian:TemporalStrike+1","Guardian:Harden+1"],"picked":"Guardian:Recover+1","floor":14.0},{"not_picked":["Guardian:GatlingBeam+1","Guardian:Gem_Blue"],"picked":"Guardian:Recover+1","floor":15.0},{"not_picked":["Guardian:Gem_Orange","Guardian:Gem_Synthetic"],"picked":"Guardian:FierceBash+1","floor":16.0},{"not_picked":["Guardian:ShieldCharger+1","Guardian:WalkerClaw+1"],"picked":"Guardian:Gem_Green","floor":19.0},{"not_picked":["Guardian:FloatingOrbs","Guardian:Gem_Yellow"],"picked":"Guardian:Gem_Cyan","floor":20.0},{"not_picked":["Guardian:Planning+1","Guardian:FloatingOrbs+1"],"picked":"Guardian:TemporalShield+1","floor":21.0},{"not_picked":["Guardian:WalkerClaw+1","Guardian:ShieldSpikes+1"],"picked":"Guardian:StasisField+1","floor":23.0},{"not_picked":["Guardian:EvasiveProtocol","Guardian:Gem_Lightblue"],"picked":"Guardian:TemporalShield+1","floor":25.0},{"not_picked":["Guardian:RollAttack+1","Guardian:ArmoredProtocol","Guardian:Gem_Green"],"picked":"SKIP","floor":29.0},{"not_picked":["Guardian:TemporalShield+1","Guardian:CrystalBeam+1","Guardian:Recover+1"],"picked":"SKIP","floor":31.0},{"not_picked":["Guardian:VentSteam+1","Guardian:EvasiveProtocol"],"picked":"Guardian:Incinerate+1","floor":32.0},{"not_picked":["Guardian:BaubleBeam+1","Guardian:AncientConstruct"],"picked":"Guardian:SphericShield+1","floor":33.0},{"not_picked":["Guardian:TemporalStrike+1","Guardian:Gem_White"],"picked":"Guardian:Gem_Cyan","floor":36.0},{"not_picked":["Guardian:VentSteam+1","Guardian:FloatingOrbs+1","Guardian:Incinerate+1"],"picked":"SKIP","floor":37.0},{"not_picked":["Guardian:Preprogram+1","Guardian:ShieldCharger+1"],"picked":"Guardian:Gem_Purple","floor":38.0},{"not_picked":["Guardian:ChargeCore+1","Guardian:RollAttack+1","Guardian:Recover+1"],"picked":"SKIP","floor":39.0},{"not_picked":["Guardian:CrystalBeam+1","Guardian:WalkerClaw+1"],"picked":"Guardian:Gem_Lightblue","floor":45.0},{"not_picked":["Guardian:RevengeProtocol","Guardian:ShieldSpikes+1"],"picked":"Guardian:Clone+1","floor":46.0},{"not_picked":["Guardian:TimeCapacitor","Guardian:Gem_Red","Guardian:Gem_White"],"picked":"SKIP","floor":47.0},{"not_picked":["expansioncontent:AwakenDeath","expansioncontent:HyperBeam"],"picked":"expansioncontent:Chronoboost","floor":48.0},{"not_picked":["expansioncontent:HyperBeam","expansioncontent:AwakenDeath"],"picked":"expansioncontent:Chronoboost","floor":48.0},{"not_picked":["Guardian:Incinerate+1","Guardian:PrismaticBeam+1","Guardian:Reroute+1"],"picked":"SKIP","floor":49.0},{"not_picked":["Guardian:Gem_White","Guardian:VentSteam+1"],"picked":"Guardian:FastForward+1","floor":52}],"player_experience":1421470,"relics_obtained":[{"floor":7.0,"key":"Toxic Egg 2"},{"floor":10.0,"key":"Molten Egg 2"},{"floor":12.0,"key":"Whetstone"},{"floor":24.0,"key":"Orichalcum"},{"floor":27.0,"key":"Bottled Lightning"},{"floor":29.0,"key":"Potion Belt"},{"floor":41.0,"key":"Gremlin Horn"},{"floor":43.0,"key":"HornCleat"},{"floor":52,"key":"Bag of Marbles"}],"event_choices":[{"damage_healed":0.0,"max_hp_gain":0.0,"max_hp_loss":0.0,"gold_gain":0.0,"event_name":"Lab","player_choice":"Got Potions","floor":4.0,"gold_loss":0.0,"damage_taken":0.0},{"damage_healed":0.0,"max_hp_gain":0.0,"max_hp_loss":28.0,"gold_gain":0.0,"event_name":"Vampires","player_choice":"Became a vampire","floor":22.0,"gold_loss":0.0,"damage_taken":0.0,"cards_obtained":["Bite","Bite","Bite","Bite","Bite"]}],"is_beta":false,"boss_relics":[{"not_picked":["SacredBark","Black Star"],"picked":"Sozu"},{"not_picked":["Tiny House","Calling Bell"],"picked":"Coffee Dripper"}],"items_purged_floors":[53],"is_endless":false,"potions_floor_spawned":[5,14,15,19,21,29,37,38,47],"killed_by":"downfall:NeowBoss","ascension_level":1}}