{"host":"lgow17wc5wawziz1","time":1614410089,"event":{"mods":["AchievementEnabler","Act Like it!","Aspiration","BaseMod","Better Third Choice","Colored Map","Friendly Minions","Gensokyo","Hubris","Kiyohime£¨?ýï£©","Minty Spire (QoL Compilation)","MostiFishMod","Permanent Neow","Quick Restart","Replay The Spire","StSLib","SuperFastMode","¡¼?Úª?ø«¡½REMEMod"],"gold_per_floor":[116,130,140,140,1,1,30,30,55,71,82,82,394,234,234,330,330,346,346,364,16,16,16,49,49,49,73,113,113,155,155,155,180,180,292,292,306,306,306,317,342,373,373,398,398,426,426,459,468,133,133,191],"floor_reached":53,"language":"KOR","playtime":2368,"items_purged":[],"score":1350,"play_id":"00f49e9b-7b08-4f90-b374-bb0041499994","local_time":"20210227161449","is_ascension_mode":true,"campfire_choices":[{"data":"Riddle With Holes","floor":6,"key":"SMITH"},{"floor":8,"key":"REST"},{"data":"Draining Mist","floor":12,"key":"SMITH"},{"floor":15,"key":"REST"},{"data":"Gensokyo:MenInBlack","floor":23,"key":"SMITH"},{"data":"Crippling Poison","floor":25,"key":"SMITH"},{"data":"Sneak Up","floor":34,"key":"SMITH"},{"data":"MostiFishMod:Listen","floor":43,"key":"SMITH"},{"data":"MostiFishMod:PerfectParry","floor":47,"key":"SMITH"},{"data":"Gensokyo:Kunekune","floor":51,"key":"SMITH"}],"circlet_count":0,"master_deck":["Strike_G","Strike_G+1","Strike_G","Strike_G","Strike_G","Defend_G+1","Defend_G","Defend_G+1","Defend_G","Defend_G","Survivor","Neutralize+1","Genetic Algorithm+1","Bouncing Flask","Riddle With Holes+1","Crippling Poison+1","Venomology+1","Corpse Explosion","Draining Mist+1","Necronomicurse","REME_LeechingPoison+1","MostiFishMod:PerfectParry+1","MostiFishMod:Disappear+1","Gensokyo:MenInBlack+1","Sneak Up+1","MostiFishMod:Listen+1","Deadly Poison+1","PiercingWail+1","Backflip+1","Gensokyo:Taser","Gensokyo:Kunekune+1"],"relics":["Ring of the Snake","REME_ComplimentaryCards","DaveBox","SynthV:TestCard","Replay:Accelerometer","Whetstone","Turnip","Necronomicon","Black Star","Guide Book","Replay:Ringing Soul","CeramicFish","Sundial","Replay:Rubber Ducky","DaCapo","Gensokyo:SongOfSouls","Letter Opener","hubris:SphereOfDissonance","PreservedInsect","BloodWine","Gensokyo:EmptyGrave","Paper Crane","War Paint","Dream Catcher","ReplayTheSpireMod:TigerMarble","Replay:Bandana","BirthdayGift-Icosahedron"],"acts_visited":["Gensokyo:Gensokyo","Gensokyo:Gensokyoer","Gensokyo:Gensokyoest"],"potions_floor_usage":[7,7,16,18,20,24,27,28,30,35,35,35,42,44,46,48,52,52,52,52,52],"damage_taken":[{"damage":7,"enemies":"Gensokyo:2_Kodama","floor":1,"turns":7},{"damage":6,"enemies":"Gensokyo:Python","floor":2,"turns":4},{"damage":4,"enemies":"Gensokyo:3_Fairies","floor":3,"turns":5},{"damage":27,"enemies":"Gensokyo:Cirno","floor":7,"turns":8},{"damage":4,"enemies":"Gensokyo:Kitsune","floor":10,"turns":5},{"damage":14,"enemies":"Gensokyo:3_Kodama","floor":11,"turns":9},{"damage":7,"enemies":"Gensokyo:CorruptedTreant","floor":13,"turns":5},{"damage":24,"enemies":"Gensokyo:Reimu","floor":16,"turns":11},{"damage":8,"enemies":"Gensokyo:Chomper","floor":18,"turns":3},{"damage":4,"enemies":"Gensokyo:2_Gloops","floor":20,"turns":4},{"damage":15,"enemies":"Gensokyo:Tenshi","floor":24,"turns":6},{"damage":13,"enemies":"Gensokyo:Swordslinger","floor":27,"turns":8},{"damage":1,"enemies":"Gensokyo:Koishi","floor":28,"turns":6},{"damage":30,"enemies":"Gensokyo:Reisen","floor":30,"turns":6},{"damage":10,"enemies":"Gensokyo:Eternal_Rivals","floor":35,"turns":10},{"damage":2,"enemies":"Gensokyo:3_Bats","floor":37,"turns":4},{"damage":0,"enemies":"Gensokyo:3_Boulders","floor":40,"turns":1},{"damage":4,"enemies":"Gensokyo:AtlasGolem","floor":41,"turns":5},{"damage":17,"enemies":"Gensokyo:Marisa","floor":42,"turns":5},{"damage":0,"enemies":"Gensokyo:4_Bats","floor":44,"turns":4},{"damage":0,"enemies":"Gensokyo:SeedOfUnknown","floor":46,"turns":5},{"damage":0,"enemies":"Gensokyo:Doremy","floor":48,"turns":5},{"damage":0,"enemies":"Gensokyo:Yuyuko","floor":52,"turns":7}],"seed_played":"1815271577476195584","potions_obtained":[{"floor":1,"key":"ColorlessPotion"},{"floor":3,"key":"Adrenaline Potion"},{"floor":20,"key":"AttackPotion"},{"floor":27,"key":"ColorlessPotion"},{"floor":30,"key":"AttackPotion"},{"floor":41,"key":"SkillPotion"}],"is_trial":false,"path_per_floor":["M","M","M","?","COS","R","E","R","T","M","M","R","M","?","R","B",null,"M","?","M","COS","?","R","E","R","T","M","E","?","E","PTL","PTL","T","R","B",null,"M","?","?","M","M","E","R","M","T","M","R","E","?","COS","R","B",null],"character_chosen":"THE_SILENT","items_purchased":[],"campfire_rested":2,"item_purchase_floors":[],"current_hp_per_floor":[56,50,46,46,46,46,19,40,40,36,22,22,15,15,36,12,56,48,48,64,64,64,64,56,56,56,52,54,54,33,33,33,33,33,38,71,82,76,65,65,75,58,58,82,82,85,85,85,88,91,91,91],"gold":191,"neow_bonus":"UPGRADE_CARD","is_daily":false,"chose_seed":false,"campfire_upgraded":8,"win_rate":0.0,"timestamp":1614410089,"path_taken":["M","M","M","?","COS","R","E","R","T","M","M","R","M","?","R","BOSS","M","?","M","COS","?","R","E","R","T","M","E","?","E","PTL","PTL","?","R","BOSS","M","?","?","?","M","E","R","M","T","M","R","E","?","COS","R","BOSS"],"items_purchased_type":[],"build_version":"2020-12-22","purchased_purges":0,"victory":true,"max_hp_per_floor":[70,70,70,70,70,70,70,70,70,70,70,70,70,70,70,70,70,70,70,70,70,70,70,70,70,70,73,76,76,79,79,79,79,79,82,82,82,76,76,76,79,79,79,82,82,85,85,85,88,91,91,91],"card_choices":[{"not_picked":["Underhanded Strike","Concentrate"],"picked":"Bouncing Flask","floor":1},{"not_picked":["MostiFishMod:PerfectParry","MostiFishMod:ThornCasing","Dodge and Roll","Outmaneuver"],"picked":"Riddle With Holes","floor":2},{"not_picked":["PiercingWail","Poisoned Stab","Outmaneuver","Flying Knee"],"picked":"Crippling Poison","floor":3},{"not_picked":["Sneak Up+1","PiercingWail+1","Backflip+1","hubris:TrickCloak+1"],"picked":"Venomology+1","floor":7},{"not_picked":["Skewer","MostiFishMod:PerfectParry","ReplayTheSpireMod:The Works","Footwork"],"picked":"Corpse Explosion","floor":7},{"not_picked":["Flying Knee","Calculated Gamble","Prepared","Sucker Punch","Slice"],"picked":"SKIP","floor":10},{"not_picked":["Deadly Poison","Outmaneuver","Dagger Spray","Acrobatics"],"picked":"Draining Mist","floor":11},{"not_picked":["Dagger Throw","hubris:Counter","Deflect","Deadly Poison"],"picked":"ReplayTheSpireMod:Speed Training","floor":13},{"not_picked":["aspiration:Lunge","Corpse Explosion","REME_SpectralBlade","Malaise"],"picked":"REME_LeechingPoison","floor":16},{"not_picked":["Slice+1","Hidden Blade","Endless Agony","ReplayTheSpireMod:Exploit Weakness"],"picked":"MostiFishMod:PerfectParry","floor":18},{"not_picked":["Dagger Throw","Poisoned Stab","Bane+1","Backflip","Backstab"],"picked":"SKIP","floor":20},{"not_picked":["Bane+1","hubris:TrickCloak","Unload","Cloak And Dagger","Backstab"],"picked":"SKIP","floor":24},{"not_picked":["Slice","Deflect","Terror","Reflex"],"picked":"Sneak Up","floor":27},{"not_picked":["Toxin Wave","Caltrops+1","Predator","Underhanded Strike"],"picked":"MostiFishMod:FullyArmed","floor":28},{"not_picked":["Dagger Throw","Deflect+1","ReplayTheSpireMod:Exploit Weakness","Concentrate"],"picked":"MostiFishMod:FullyArmed","floor":30},{"not_picked":["Die Die Die","Doppelganger","Venomology","Glass Knife"],"picked":"MostiFishMod:Listen","floor":35},{"not_picked":["Draining Mist","Dagger Spray+1","Setup","MostiFishMod:PerfectParry","Quick Slash+1"],"picked":"SKIP","floor":37},{"not_picked":["Outmaneuver","Cloak And Dagger","MostiFishMod:PerfectParry","Backflip","ReplayTheSpireMod:Shiv Toss+1"],"picked":"SKIP","floor":40},{"not_picked":["Caltrops+1","Bane","Dagger Spray+1","Deflect+1"],"picked":"Deadly Poison+1","floor":41},{"not_picked":["Night Terror","Phantasmal Killer","Dash+1","Choke","Outmaneuver+1"],"picked":"SKIP","floor":42},{"not_picked":["Setup","Sneak Up+1","Dagger Spray","Sucker Punch+1"],"picked":"PiercingWail+1","floor":44},{"not_picked":["Dagger Spray","hubris:SlightOfHand+1","Dodge and Roll","Flying Knee+1"],"picked":"Backflip+1","floor":46},{"not_picked":["Slice+1","Acrobatics","Poisoned Stab","Dodge and Roll+1","Tools of the Trade"],"picked":"SKIP","floor":48}],"player_experience":373169,"relics_obtained":[{"floor":1,"key":"SynthV:TestCard"},{"floor":7,"key":"Replay:Accelerometer"},{"floor":9,"key":"Whetstone"},{"floor":24,"key":"Replay:Ringing Soul"},{"floor":24,"key":"CeramicFish"},{"floor":26,"key":"Sundial"},{"floor":28,"key":"Replay:Rubber Ducky"},{"floor":28,"key":"DaCapo"},{"floor":30,"key":"Letter Opener"},{"floor":30,"key":"hubris:SphereOfDissonance"},{"floor":33,"key":"PreservedInsect"},{"floor":42,"key":"Paper Crane"},{"floor":42,"key":"War Paint"},{"floor":45,"key":"Dream Catcher"},{"floor":48,"key":"ReplayTheSpireMod:TigerMarble"},{"floor":48,"key":"Replay:Bandana"}],"event_choices":[],"is_beta":false,"boss_relics":[{"not_picked":["Replay:Drink Me","hubris:BlackHole"],"picked":"Black Star"},{"not_picked":["ReplayTheSpireMod:DimensionalGlitch","Fusion Hammer"],"picked":"BloodWine"}],"items_purged_floors":[],"is_endless":false,"potions_floor_spawned":[1,3,20,27,28,30,41,46,48],"ascension_level":8}}