{"host":"i2ieyndca3ivj85d","time":1614430923,"event":{"mods":["BaseMod","Library of Ruina","Library of Ruina Extra","Lobotomy","LobotomyExtend","Minty Spire (QoL Compilation)","Quick Restart","StSLib"],"gold_per_floor":[112,127,127,141,141,176,189,189,189,189,189],"floor_reached":10,"language":"ZHS","playtime":537,"items_purged":[],"score":78,"play_id":"bb71b73e-e46e-4937-a3e8-b98a7465473c","local_time":"20210227210203","is_ascension_mode":true,"campfire_choices":[{"data":"Spot Weakness","floor":8,"key":"SMITH"}],"circlet_count":0,"master_deck":["Strike_R","Strike_R","Strike_R","Strike_R","Defend_R","Defend_R","Defend_R","Defend_R","Bash","LittlePrince","OldLady","Battle Trance","Porccubus","Spot Weakness+1","OSAHOGD","WhitesApple","Parasite"],"relics":["Burning Blood","CogitoBucket","LetterFromLob","HornCleat"],"acts_visited":["Exordium"],"potions_floor_usage":[],"damage_taken":[{"damage":5,"enemies":"2 Louse","floor":1,"turns":4},{"damage":6,"enemies":"Cultist","floor":2,"turns":4},{"damage":7,"enemies":"Small Slimes","floor":4,"turns":3},{"damage":70,"enemies":"3 Sentries","floor":6,"turns":13},{"damage":6,"enemies":"Red Slaver","floor":7,"turns":2},{"damage":4,"enemies":"Gremlin Nob","floor":10,"turns":3}],"seed_played":"-2883147560718241668","potions_obtained":[{"floor":4,"key":"GamblersBrew"},{"floor":7,"key":"Ancient Potion"}],"is_trial":false,"path_per_floor":["M","M","?","M","?","E","M","R","T","E"],"character_chosen":"IRONCLAD","items_purchased":[],"campfire_rested":0,"item_purchase_floors":[],"current_hp_per_floor":[80,80,80,79,79,15,15,15,15,11,11],"gold":189,"neow_bonus":"","is_daily":false,"chose_seed":false,"campfire_upgraded":1,"win_rate":0.0,"timestamp":1614430923,"path_taken":["M","M","?","?","?","E","M","R","T","E"],"items_purchased_type":[],"build_version":"2020-12-22","purchased_purges":0,"victory":false,"max_hp_per_floor":[80,80,80,80,80,80,80,80,80,80,80],"card_choices":[{"not_picked":["UniverseFragment","RedShoes","Scorched"],"picked":"Singing Bowl","floor":1},{"not_picked":["SpiderBud","Bloodbath"],"picked":"LittlePrince","floor":1},{"not_picked":["Evolve","Pummel","Reckless Charge"],"picked":"SKIP","floor":1},{"not_picked":["BeautyBeast","FairyFestival"],"picked":"OldLady","floor":2},{"not_picked":["Armaments","Hemokinesis","Sword Boomerang"],"picked":"SKIP","floor":2},{"not_picked":["Feel No Pain","Pummel"],"picked":"Battle Trance","floor":4},{"not_picked":["Wellcheers","VoidDream"],"picked":"Porccubus","floor":4},{"not_picked":["Hemokinesis","Dark Embrace"],"picked":"Spot Weakness","floor":6},{"not_picked":["BeautyBeast","VoidDream"],"picked":"OSAHOGD","floor":6},{"not_picked":["Murderer","UniverseFragment"],"picked":"WhitesApple","floor":7},{"not_picked":["Hemokinesis","Uppercut","True Grit"],"picked":"SKIP","floor":7},{"not_picked":["Hemokinesis","Uppercut","True Grit"],"picked":"SKIP","floor":7}],"player_experience":194076,"relics_obtained":[{"floor":1,"key":"LetterFromLob"},{"floor":6,"key":"HornCleat"}],"event_choices":[{"damage_healed":0,"gold_gain":0,"player_choice":"Bought 0 Potions","damage_taken":0,"max_hp_gain":0,"max_hp_loss":0,"event_name":"The Woman in Blue","floor":3,"gold_loss":0},{"cards_removed":["Strike_R"],"damage_healed":0,"gold_gain":0,"player_choice":"Purged","damage_taken":0,"max_hp_gain":0,"max_hp_loss":0,"event_name":"Purifier","floor":5,"gold_loss":0}],"is_beta":false,"boss_relics":[],"items_purged_floors":[],"is_endless":false,"potions_floor_spawned":[4,7],"killed_by":"Gremlin Nob","ascension_level":3}}