{"host":"mithrandi","time":1614421381,"event":{"mods":["BaseMod","Colored Map","Highlight Path","Minty Spire (QoL Compilation)","SuperFastMode"],"gold_per_floor":[113,124,124,124,124,124,157,167,167,167,167],"floor_reached":10,"language":"ENG","playtime":132,"items_purged":[],"score":182,"play_id":"94f1102a-67f4-4e4f-b9be-c8c210ef7eb1","local_time":"20210227122301","is_ascension_mode":true,"campfire_choices":[{"data":"Rip and Tear","floor":6,"key":"SMITH"}],"circlet_count":0,"master_deck":["AscendersBane","Strike_B","Strike_B","Strike_B+1","Defend_B","Defend_B+1","Defend_B","Defend_B","Zap","Dualcast","Sweeping Beam","Rip and Tear+1","Coolheaded","Defragment"],"relics":["Cracked Core","NeowsBlessing","Ornamental Fan","Sundial"],"acts_visited":["Exordium"],"potions_floor_usage":[10],"damage_taken":[{"damage":0,"enemies":"Small Slimes","floor":1,"turns":1},{"damage":0,"enemies":"2 Louse","floor":2,"turns":1},{"damage":0,"enemies":"3 Sentries","floor":7,"turns":1},{"damage":0,"enemies":"Cultist","floor":8,"turns":2},{"damage":44,"enemies":"Gremlin Nob","floor":10,"turns":3}],"seed_played":"-1028986382169775544","potions_obtained":[{"floor":7,"key":"Energy Potion"}],"is_trial":false,"path_per_floor":["M","M","?","?","?","R","E","M","T","E"],"character_chosen":"DEFECT","items_purchased":[],"campfire_rested":0,"item_purchase_floors":[],"current_hp_per_floor":[64,64,69,46,39,39,39,39,39,0,0],"gold":167,"neow_bonus":"THREE_ENEMY_KILL","is_daily":false,"chose_seed":false,"campfire_upgraded":1,"win_rate":0.0,"timestamp":1614421381,"path_taken":["M","M","?","?","?","R","E","M","T","E"],"items_purchased_type":[],"build_version":"2020-12-18","purchased_purges":0,"victory":false,"max_hp_per_floor":[71,71,76,76,76,76,76,76,76,76,76],"card_choices":[{"not_picked":["Melter","Stack"],"picked":"Sweeping Beam","floor":1},{"not_picked":["Double Energy","Cold Snap"],"picked":"Rip and Tear","floor":2},{"not_picked":["Streamline","Darkness"],"picked":"Coolheaded","floor":7},{"not_picked":["Heatsinks","Hologram"],"picked":"Defragment","floor":8}],"player_experience":3173006,"relics_obtained":[{"floor":7,"key":"Ornamental Fan"},{"floor":9,"key":"Sundial"}],"event_choices":[{"damage_healed":0,"gold_gain":0,"player_choice":"Donut","damage_taken":0,"max_hp_gain":5,"max_hp_loss":0,"event_name":"Big Fish","floor":3,"gold_loss":0},{"damage_healed":0,"gold_gain":0,"player_choice":"Entered Light","damage_taken":23,"max_hp_gain":0,"max_hp_loss":0,"event_name":"Shining Light","floor":4,"gold_loss":0,"cards_upgraded":["Defend_B","Strike_B"]},{"cards_removed":["Strike_B"],"damage_healed":0,"gold_gain":0,"player_choice":"Card Removal","damage_taken":7,"max_hp_gain":0,"max_hp_loss":0,"event_name":"Golden Wing","floor":5,"gold_loss":0}],"is_beta":true,"boss_relics":[],"items_purged_floors":[],"is_endless":false,"potions_floor_spawned":[7],"killed_by":"Gremlin Nob","ascension_level":20}}