{"host":"0hpcwmnjk6ebq46s","time":1614386449,"event":{"mods":["Act Like it!","AlwaysNeverKeys","Aspiration","Astrologer","Bard","BaseMod","Better Note","Better Third Choice","Colored Map","Colored Powertips","Conspire","Duelist Mod","Energized Spire","GifTheSpireLib","Glutton Mod","Googly Eyes","Halation","Hallownest","Hubris","Infinite Spire","Jedi Mod","Mad Scientist","Marisa????????","Mimic Mod","Minty Spire (QoL Compilation)","Permanent Neow","Relic Stats","Reliquary","Remilia??????","Replay The Spire","Ruina","Spicy Shops","Spire Arcade","StSLib","Stuff the Spire","SuperFastMode","The Administrix","The Animator","The Blue Laboratory","The Bug Knight","The Construct","The Cursed","The Disciple","The Hierophant","The Necromancer","The Runesmith","The Wild Card","TheFirefly","Transform Curses","UnlockEverythingMod"],"gold_per_floor":[118,118,129,142,156,156,167,167,193,193,223,148,148,163,163,240,240,258,278,278,309,321,321,321,321],"floor_reached":24,"language":"ENG","playtime":1891,"items_purged":["thefirefly:Teleport"],"score":496,"play_id":"02fae474-e71a-4c86-a744-6630df880822","local_time":"20210226184049","daily_mods":["SealedDeck","Red Cards","Green Cards","Blue Cards","Purple Cards"],"is_ascension_mode":true,"campfire_choices":[{"data":"PowerUp","floor":6.0,"key":"SMITH"},{"data":"thefirefly:RecollectionSubroutine","floor":8.0,"key":"SMITH"},{"data":"TwelveNightmare","floor":13.0,"key":"SMITH"},{"floor":15.0,"key":"DIG"},{"data":"hubris:DuctTapeCard","floor":23,"key":"SMITH"}],"circlet_count":0,"master_deck":["AscendersBane","TwelveNightmare+1","thefirefly:RecollectionSubroutine+1","AdministrixMod:RebukeDesires","construct:SweepLaser","6A","construct:SyphonStrike+1","thefirefly:Boost","Allegretto","construct:QuickAttack","Deflect","Slice","MysteriousBeam","Consecrate","FollowUp+1","hubris:DuctTapeCard+2","Wireheading+1","Sweeping Beam"],"relics":["PureWater","StuffTheSpire:Gunfinga","halation:OrihimeAndHikoboshiSamaAndTears","infinitespire:Lucky Rock","Replay:Cursed D8","reliquary:Buckler","hubris:DuctTape"],"acts_visited":["Exordium","TheCity"],"potions_floor_usage":[],"damage_taken":[{"damage":5.0,"enemies":"Jaw Worm","floor":1.0,"turns":3.0},{"damage":0.0,"enemies":"Cultist","floor":3.0,"turns":3.0},{"damage":0.0,"enemies":"Small Slimes","floor":4.0,"turns":2.0},{"damage":3.0,"enemies":"Red Slaver","floor":5.0,"turns":3.0},{"damage":3.0,"enemies":"3 Louse","floor":7.0,"turns":3.0},{"damage":0.0,"enemies":"Gremlin Nob","floor":11.0,"turns":3.0},{"damage":0.0,"enemies":"Exordium Thugs","floor":14.0,"turns":3.0},{"damage":26.0,"enemies":"Hexaghost","floor":16.0,"turns":3.0},{"damage":0.0,"enemies":"Chosen","floor":18.0,"turns":2.0},{"damage":22.0,"enemies":"Spheric Guardian","floor":19.0,"turns":4.0},{"damage":11,"enemies":"Centurion and Healer","floor":21,"turns":6},{"damage":9,"enemies":"Centurion and Healer","floor":22,"turns":3},{"damage":20,"enemies":"Slavers","floor":24,"turns":1}],"seed_played":"-660057479135633156","potions_obtained":[{"floor":4.0,"key":"blueLaboratory:AbyssPotion"},{"floor":7.0,"key":"blueLaboratory:EnragingPotion"},{"floor":22,"key":"blueLaboratory:TrueEctoplasm"}],"is_trial":true,"path_per_floor":["M","?","M","M","M","R","M","R","T","?","E","$","R","M","R_BF","B",null,"M","M","AVR","MIM","M","R","E"],"character_chosen":"WATCHER","items_purchased":[],"campfire_rested":0,"item_purchase_floors":[],"current_hp_per_floor":[56,56,56,56,53,53,50,50,50,50,50,50,50,50,50,24,57,57,35,35,24,15,15,0,0],"gold":321,"neow_bonus":"","is_daily":false,"chose_seed":false,"campfire_upgraded":4,"win_rate":0.0,"timestamp":1614386449,"path_taken":["M","?","M","?","M","R","M","R","T","?","E","$","R","M","R_BF","BOSS","M","M","AVR","?","M","R","E"],"items_purchased_type":[],"build_version":"2020-12-22","purchased_purges":1,"victory":false,"max_hp_per_floor":[68,68,68,68,68,68,68,68,68,68,68,68,68,68,68,68,68,68,68,68,68,68,68,68,68],"relic_stats":{"counters":[13,39],"obtain_stats":[{"StuffTheSpire:Gunfinga":9,"halation:OrihimeAndHikoboshiSamaAndTears":11,"hubris:DuctTape":21,"Replay:Cursed D8":17,"reliquary:Buckler":20,"infinitespire:Lucky Rock":15,"PureWater":0},{"StuffTheSpire:Gunfinga":5,"halation:OrihimeAndHikoboshiSamaAndTears":6,"hubris:DuctTape":11,"Replay:Cursed D8":8,"reliquary:Buckler":10,"infinitespire:Lucky Rock":7,"PureWater":0},{"StuffTheSpire:Gunfinga":14,"halation:OrihimeAndHikoboshiSamaAndTears":17,"hubris:DuctTape":35,"Replay:Cursed D8":23,"reliquary:Buckler":29,"infinitespire:Lucky Rock":20,"PureWater":0}]},"card_choices":[{"not_picked":["thefirefly:Rend","BowlingBash"],"picked":"construct:QuickAttack","floor":1.0},{"not_picked":["Blade Dance","thefirefly:RollBack"],"picked":"thefirefly:Teleport","floor":3.0},{"not_picked":["ReplayTheSpireMod:LeadingStrike","thefirefly:ShieldArray"],"picked":"Deflect","floor":4.0},{"not_picked":["ThirdEye","TalkToTheHand","PrimeTime"],"picked":"SKIP","floor":5.0},{"not_picked":["Replay:BluntJabs","Coolheaded"],"picked":"Slice","floor":7.0},{"not_picked":["ReapSow","IllusionStar","ClearTheMind"],"picked":"SKIP","floor":11.0},{"not_picked":["Infinite Blades","PrimeTime"],"picked":"MysteriousBeam","floor":14.0},{"not_picked":["Reflex","jedi:fear"],"picked":"Consecrate","floor":18.0},{"not_picked":["Crystallizer","FlurryOfBlows+1"],"picked":"FollowUp","floor":19.0},{"not_picked":["conspire:PoisonWeapons+1","Replay:AtTheReady"],"picked":"Wireheading+1","floor":21},{"not_picked":["Tantrum","EmptyFist"],"picked":"Sweeping Beam","floor":22}],"player_experience":117611,"relics_obtained":[{"floor":9.0,"key":"StuffTheSpire:Gunfinga"},{"floor":11.0,"key":"halation:OrihimeAndHikoboshiSamaAndTears"},{"floor":15.0,"key":"infinitespire:Lucky Rock"},{"floor":21,"key":"hubris:DuctTape"}],"event_choices":[{"damage_healed":0.0,"max_hp_gain":0.0,"max_hp_loss":0.0,"gold_gain":0.0,"event_name":"Transmorgrifier","player_choice":"Ignored","floor":2.0,"gold_loss":0.0,"damage_taken":0.0},{"damage_healed":0.0,"max_hp_gain":0.0,"max_hp_loss":0.0,"gold_gain":0.0,"event_name":"Lab","player_choice":"Got Potions","floor":10.0,"gold_loss":0.0,"damage_taken":0.0}],"is_beta":false,"boss_relics":[{"not_picked":["energizedSpire:OgreHead","halation:Risk"],"picked":"Replay:Cursed D8"}],"items_purged_floors":[12],"is_endless":false,"potions_floor_spawned":[4,7,14,16,22],"killed_by":"Slavers","ascension_level":20}}