{"host":"ecvfachamqf62ewl","time":1614401354,"event":{"mods":["AchievementEnabler","BaseMod","Colored Map","Colored Powertips","Minty Spire (QoL Compilation)","Rare Cards Sparkle","Relic Stats","StSLib","SuperFastMode"],"gold_per_floor":[115,126,140,140,315,315,335,335,361,372,372,390,408,437,437,537,537,555,343,354,374,374,374,374],"floor_reached":23,"language":"ENG","playtime":773,"items_purged":["Strike_R"],"score":195,"play_id":"2759c417-6b21-4022-af16-8c9f7da69ed2","local_time":"20210226234914","is_ascension_mode":false,"campfire_choices":[{"data":"True Grit","floor":6,"key":"SMITH"},{"data":"Uppercut","floor":8,"key":"SMITH"},{"floor":15,"key":"REST"}],"circlet_count":0,"master_deck":["Strike_R","Strike_R","Strike_R","Defend_R","Defend_R","Defend_R","Defend_R","Bash","Ghostly Armor","True Grit+1","Uppercut+1","Battle Trance","Doubt","Combust","Fiend Fire","Sentinel","True Grit","Juggernaut","Armaments+1","Shrug It Off","Fire Breathing","Cleave","Havoc+1","Clothesline"],"relics":["Velvet Choker"],"acts_visited":["Exordium","TheCity"],"potions_floor_usage":[7,14,16,21,23,23],"damage_taken":[{"damage":1,"enemies":"2 Louse","floor":1,"turns":3},{"damage":2,"enemies":"Small Slimes","floor":2,"turns":3},{"damage":0,"enemies":"Cultist","floor":3,"turns":3},{"damage":0,"enemies":"Gremlin Gang","floor":7,"turns":7},{"damage":14,"enemies":"3 Louse","floor":10,"turns":4},{"damage":5,"enemies":"Large Slime","floor":12,"turns":5},{"damage":7,"enemies":"Exordium Wildlife","floor":13,"turns":4},{"damage":2,"enemies":"Lagavulin","floor":14,"turns":7},{"damage":43,"enemies":"Hexaghost","floor":16,"turns":12},{"damage":18,"enemies":"Shell Parasite","floor":18,"turns":5},{"damage":5,"enemies":"Chosen","floor":20,"turns":4},{"damage":19,"enemies":"Snecko","floor":21,"turns":5},{"damage":32,"enemies":"Slavers","floor":23,"turns":4}],"seed_played":"-8475395005925703327","potions_obtained":[{"floor":1,"key":"DistilledChaos"},{"floor":7,"key":"ColorlessPotion"},{"floor":12,"key":"Block Potion"},{"floor":13,"key":"Dexterity Potion"},{"floor":20,"key":"Block Potion"},{"floor":21,"key":"Block Potion"}],"is_trial":false,"path_per_floor":["M","M","M","?","?","R","M","R","T","M","?","M","M","E","R","B",null,"M","$","M","M","?","E"],"character_chosen":"IRONCLAD","items_purchased":["Shrug It Off","Fire Breathing","Cleave"],"campfire_rested":1,"item_purchase_floors":[19,19,19],"current_hp_per_floor":[79,77,77,77,77,77,77,77,77,63,63,58,51,49,73,30,80,62,62,57,38,29,0,0],"gold":374,"neow_bonus":"BOSS_RELIC","is_daily":false,"chose_seed":false,"campfire_upgraded":2,"win_rate":0.0,"timestamp":1614401354,"path_taken":["M","M","M","?","?","R","M","R","T","M","?","M","?","E","R","BOSS","M","$","M","?","?","E"],"items_purchased_type":["Card","Card","Card"],"build_version":"2020-12-22","purchased_purges":1,"victory":false,"max_hp_per_floor":[80,80,80,80,80,80,80,80,80,80,80,80,80,80,80,80,80,80,80,80,80,80,80,80],"relic_stats":{"counters":[13,66],"obtain_stats":[{"Velvet Choker":0,"Burning Blood":0},{"Velvet Choker":0,"Burning Blood":0},{"Velvet Choker":0,"Burning Blood":0}]},"card_choices":[{"not_picked":["Reckless Charge","Thunderclap"],"picked":"Ghostly Armor","floor":1},{"not_picked":["Havoc","Perfected Strike"],"picked":"True Grit","floor":2},{"not_picked":["Perfected Strike","Entrench"],"picked":"Uppercut","floor":3},{"not_picked":["Battle Trance","Iron Wave","Warcry"],"picked":"SKIP","floor":7},{"not_picked":["Iron Wave","Uppercut"],"picked":"Combust","floor":10},{"not_picked":["Iron Wave","Armaments"],"picked":"Fiend Fire","floor":12},{"not_picked":["Body Slam","Havoc"],"picked":"Sentinel","floor":13},{"not_picked":["Searing Blow","Battle Trance"],"picked":"True Grit","floor":14},{"not_picked":["Berserk","Brutality"],"picked":"Juggernaut","floor":16},{"not_picked":["Dropkick","Clash"],"picked":"Armaments+1","floor":18},{"not_picked":["Warcry","Seeing Red"],"picked":"Havoc+1","floor":20},{"not_picked":["Thunderclap","Havoc"],"picked":"Clothesline","floor":21}],"player_experience":462230,"relics_obtained":[],"event_choices":[{"damage_healed":0,"gold_gain":0,"cards_transformed":["Strike_R"],"player_choice":"Change","damage_taken":0,"max_hp_gain":0,"max_hp_loss":0,"event_name":"Living Wall","floor":4,"gold_loss":0,"cards_obtained":["Battle Trance"]},{"damage_healed":0,"gold_gain":175,"player_choice":"AGREE","damage_taken":0,"max_hp_gain":0,"max_hp_loss":0,"event_name":"Liars Game","floor":5,"gold_loss":0,"cards_obtained":["Doubt"]},{"damage_healed":0,"gold_gain":0,"player_choice":"Ignored","damage_taken":0,"max_hp_gain":0,"max_hp_loss":0,"event_name":"NoteForYourself","floor":11,"gold_loss":0},{"damage_healed":0,"gold_gain":0,"player_choice":"Stopped","damage_taken":9,"max_hp_gain":0,"max_hp_loss":0,"event_name":"Cursed Tome","floor":22,"gold_loss":0}],"is_beta":false,"boss_relics":[{"not_picked":["Calling Bell","Fusion Hammer","Sozu"]}],"items_purged_floors":[19],"is_endless":false,"potions_floor_spawned":[1,7,12,13,20,21],"killed_by":"Slavers","ascension_level":0}}