{"host":"5tnftuc8o0gay6lt","time":1614413171,"event":{"mods":["BaseMod","Better Match","Better Note","Better Sensory Stone","Better Skull","Better Third Choice","BetterRewards","Colored Powertips","Conspire","Downfall","Marisa£®ÏF”Í°°ƒß¿Ì…≥£©","Minty Spire (QoL Compilation)","Permanent Neow","Relic Filter Mod","Remilia£®¿Ÿ√◊¿Ú—«£©","Replay The Spire","Spicy Shops","StSLib","SuperFastMode","Td1madao Mod","The Gatherer","The Runesmith","°æ“≈ŒÔø®≈∆°øREMEMod"],"gold_per_floor":[109,128,162,174,10,35,35,63,63,63,78,78,108,122,122,221,221,237,39,55,67,67,67,100,100,100,135,135,135,149,179,179,281,281,291,291,341,395,411,411,430,460,530,530,564,564,577,587,587,587],"floor_reached":51,"language":"ZHS","playtime":2950,"items_purged":["Strike_C","Strike_C"],"score":1126,"play_id":"9019d5a9-98c7-44d8-a500-75f4b9c38cdb","local_time":"20210227160611","is_ascension_mode":true,"campfire_choices":[{"data":"Break Into","floor":7.0,"key":"SMITH"},{"data":"Sadistic Nature","floor":7.0,"key":"SMITH"},{"data":"Fire Up","floor":10.0,"key":"SMITH"},{"data":"De Ware Chip","floor":10.0,"key":"SMITH"},{"data":"Here Defend Chip+1","floor":15.0,"key":"SMITH"},{"data":"Here Defend Chip","floor":15.0,"key":"SMITH"},{"data":"Optimization","floor":23.0,"key":"SMITH"},{"data":"Moon Tear","floor":23.0,"key":"SMITH"},{"data":"Chip","floor":25.0,"key":"SMITH"},{"data":"Preparedness","floor":25.0,"key":"SMITH"},{"data":"Here Defend Chip+2","floor":28.0,"key":"SMITH"},{"data":"Here Defend Chip+1","floor":28.0,"key":"SMITH"},{"data":"Here Defend Chip+2","floor":32.0,"key":"SMITH"},{"data":"Here Defend Chip+3","floor":32.0,"key":"SMITH"},{"data":"Here Defend Chip+4","floor":40.0,"key":"SMITH"},{"data":"Here Defend Chip+3","floor":40.0,"key":"SMITH"},{"data":"Memory Alloy","floor":44.0,"key":"SMITH"},{"data":"Here Defend Chip+4","floor":44.0,"key":"SMITH"},{"data":"Here Defend Chip+5","floor":49,"key":"SMITH"},{"data":"Black Contract","floor":49,"key":"SMITH"}],"circlet_count":0,"master_deck":["Strike_C+1","Strike_C+1","Defend_C","Defend_C","Defend_C","Defend_C","Knight Kick","Chip+1","Black Contract+1","Fire Up+1","Here Defend Chip+6","Sadistic Nature+1","Break Into+1","Fixing","De Ware Chip+1","Moon Tear+1","Here Defend Chip+6","Backup","Load Balancing+1","Preparedness+1","Optimization+1","Memory Alloy+1","Parasite","Energy Supply+1"],"relics":["Apod","REME_ComplimentaryCards","Blue Doll","Shuriken","Chameleon Ring","Replay:Arrowhead","Onion Ring","Garlic","Cut Hand","Mummified Hand","Pear","Black Star","Replay:Ringing Soul","Gremlin Horn","Blood Vial","Question Card","Quantum Egg","Replay:Mystery Machine","Bottled Flame","Runic Dome","Blue Candle","Runesmith:Locket","Ice Cream","Gremlin Food","Whetstone","Mirror","conspire:Dentures","HornCleat"],"acts_visited":["Exordium","TheCity","TheBeyond"],"potions_floor_usage":[],"damage_taken":[{"damage":0.0,"enemies":"Jaw Worm","floor":1.0,"turns":3.0},{"damage":0.0,"enemies":"Small Slimes","floor":2.0,"turns":3.0},{"damage":4.0,"enemies":"conspire:MimicChest","floor":3.0,"turns":4.0},{"damage":0.0,"enemies":"Cultist","floor":4.0,"turns":2.0},{"damage":0.0,"enemies":"Gremlin Nob","floor":6.0,"turns":3.0},{"damage":4.0,"enemies":"Lagavulin","floor":8.0,"turns":6.0},{"damage":0.0,"enemies":"Exordium Thugs","floor":11.0,"turns":1.0},{"damage":0.0,"enemies":"Gremlin Nob","floor":13.0,"turns":2.0},{"damage":0.0,"enemies":"Blue Slaver","floor":14.0,"turns":1.0},{"damage":18.0,"enemies":"The Guardian","floor":16.0,"turns":3.0},{"damage":0.0,"enemies":"3 Byrds","floor":18.0,"turns":3.0},{"damage":0.0,"enemies":"Shell Parasite","floor":20.0,"turns":2.0},{"damage":0.0,"enemies":"Centurion and Healer","floor":21.0,"turns":4.0},{"damage":11.0,"enemies":"Slavers","floor":24.0,"turns":5.0},{"damage":3.0,"enemies":"conspire:SneckoGhost","floor":27.0,"turns":5.0},{"damage":0.0,"enemies":"3 Cultists","floor":30.0,"turns":2.0},{"damage":0.0,"enemies":"Book of Stabbing","floor":31.0,"turns":3.0},{"damage":0.0,"enemies":"Automaton","floor":33.0,"turns":5.0},{"damage":0.0,"enemies":"Orb Walker","floor":35.0,"turns":2.0},{"damage":0.0,"enemies":"Mind Bloom Boss Battle","floor":37.0,"turns":4.0},{"damage":2.0,"enemies":"2 Orb Walkers","floor":38.0,"turns":4.0},{"damage":21.0,"enemies":"3 Shapes","floor":39.0,"turns":5.0},{"damage":0.0,"enemies":"Spire Growth","floor":41.0,"turns":2.0},{"damage":0.0,"enemies":"Reptomancer","floor":42.0,"turns":1.0},{"damage":0.0,"enemies":"R_Hoarder","floor":45.0,"turns":4.0},{"damage":0.0,"enemies":"Transient","floor":47.0,"turns":5.0},{"damage":0,"enemies":"Writhing Mass","floor":48,"turns":4},{"damage":4,"enemies":"Awakened One","floor":50,"turns":7}],"seed_played":"-7410784947868696233","potions_obtained":[{"floor":2.0,"key":"Adrenaline Potion"},{"floor":3.0,"key":"Block Potion"},{"floor":6.0,"key":"SkillPotion"},{"floor":8.0,"key":"Toxic Potion"},{"floor":16.0,"key":"Elixir"},{"floor":20.0,"key":"GamblersBrew"},{"floor":35.0,"key":"LiquidMemories"},{"floor":45.0,"key":"Adrenaline Potion"},{"floor":48,"key":"FearPotion"}],"is_trial":false,"path_per_floor":["M","M","?","M","$","E","R","E","T","R","M","?","E","M","R","B",null,"M","$","M","M","?","R","E","R","T","E","R","?","M","E","R","B",null,"M","?","?","?","M","R","M","E","T","R","E","?","M","M","R","B",null],"character_chosen":"TD1MADAO_CLASS","items_purchased":["Blue Doll","Shuriken","Black Contract","Fire Up","Here Defend Chip+1","Chameleon Ring","De Ware Chip","Fruit Juice"],"campfire_rested":0,"item_purchase_floors":[0,0,0,0,0,0,5,19],"current_hp_per_floor":[38,38,34,34,34,34,34,30,30,30,30,30,40,40,40,22,80,80,87,87,87,87,87,76,76,76,75,75,75,77,79,79,81,87,87,82,84,84,65,65,70,72,72,72,74,74,76,81,81,79],"gold":587,"neow_bonus":"","is_daily":false,"chose_seed":false,"campfire_upgraded":20,"win_rate":0.0,"timestamp":1614413171,"path_taken":["M","M","?","M","?","E","R","E","T","R","?","?","E","M","R","BOSS","M","$","?","M","?","R","E","R","T","E","R","?","M","E","R","BOSS","M","?","?","?","?","R","M","E","T","R","E","?","M","M","R","BOSS"],"items_purchased_type":["Relic","Relic","Card","Card","Card","Relic","Card","Potion"],"build_version":"2020-12-22","purchased_purges":2,"victory":true,"max_hp_per_floor":[70,70,70,70,70,70,70,70,70,70,70,70,80,80,80,80,80,80,87,87,87,87,87,87,87,87,87,87,87,87,87,87,87,87,87,87,87,87,87,87,90,90,90,90,90,90,90,93,93,93],"card_choices":[{"not_picked":["New Defend Magic","Pod Fire"],"picked":"Break Into","floor":1.0},{"not_picked":["Judgment","Afterwards","Fire Up"],"picked":"SKIP","floor":2.0},{"not_picked":["Lore","Preloading"],"picked":"Fixing","floor":3.0},{"not_picked":["Light Attack","Resistance","Transfer Energy"],"picked":"SKIP","floor":4.0},{"not_picked":["Afterwards","Twin Teeth"],"picked":"Moon Tear","floor":6.0},{"not_picked":["Coercion","Floating Even","Lunge"],"picked":"SKIP","floor":8.0},{"not_picked":["Twin Teeth","Cursed Blade"],"picked":"Here Defend Chip","floor":11.0},{"not_picked":["Preloading","Three Hit","De Ware Chip"],"picked":"SKIP","floor":13.0},{"not_picked":["Three Hit","Preloading","Provocative"],"picked":"SKIP","floor":14.0},{"not_picked":["Black Warm Hole","Im Angry"],"picked":"Backup","floor":16.0},{"not_picked":["Machining+1","Lunge"],"picked":"Load Balancing+1","floor":18.0},{"not_picked":["White Contract+1","Floating Swing Kick"],"picked":"Preparedness","floor":20.0},{"not_picked":["Oblique Hack","Judgment","Floating Even+1"],"picked":"SKIP","floor":21.0},{"not_picked":["Sudden Beat+1","Three Hit+1","Fire Up"],"picked":"SKIP","floor":24.0},{"not_picked":["Preloading","Winding Magic","Floating Swing Kick"],"picked":"SKIP","floor":27.0},{"not_picked":["Sub Weapons","Fire Up","Three Hit","Preloading"],"picked":"SKIP","floor":30.0},{"not_picked":["Lore","Fire Blade","Preparedness","Three Hit"],"picked":"SKIP","floor":31.0},{"not_picked":["De Ware Chip+1","Twin Teeth+1","Floating Even+1","Reinforcement Parts"],"picked":"SKIP","floor":35.0},{"not_picked":["Fixing+1","Fire Up+1","Here Defend Chip","White Contract"],"picked":"SKIP","floor":39.0},{"not_picked":["Oblique Hack+1","Recovery Mechanism","Machining"],"picked":"Memory Alloy","floor":41.0},{"not_picked":["Rupture","Sub Weapons","Perfect Defend","Preparedness+1"],"picked":"SKIP","floor":42.0},{"not_picked":["Oblique Hack+1","Lore+1","Fire Up","Fixing+1"],"picked":"SKIP","floor":45.0},{"not_picked":["Black Shadow+1","Fixing+1","Fire Blade+1","Fire Up"],"picked":"SKIP","floor":47.0},{"not_picked":["Resistance+1","Black Execution","Floating Swing Kick"],"picked":"Energy Supply+1","floor":48}],"player_experience":657017,"relics_obtained":[{"floor":3.0,"key":"Replay:Arrowhead"},{"floor":6.0,"key":"Onion Ring"},{"floor":8.0,"key":"Garlic"},{"floor":9.0,"key":"Cut Hand"},{"floor":13.0,"key":"Pear"},{"floor":24.0,"key":"Replay:Ringing Soul"},{"floor":24.0,"key":"Gremlin Horn"},{"floor":26.0,"key":"Blood Vial"},{"floor":27.0,"key":"Question Card"},{"floor":27.0,"key":"Quantum Egg"},{"floor":31.0,"key":"Replay:Mystery Machine"},{"floor":31.0,"key":"Bottled Flame"},{"floor":37.0,"key":"Runesmith:Locket"},{"floor":38.0,"key":"Ice Cream"},{"floor":42.0,"key":"Gremlin Food"},{"floor":42.0,"key":"Whetstone"},{"floor":43.0,"key":"Mirror"},{"floor":45.0,"key":"conspire:Dentures"},{"floor":45.0,"key":"HornCleat"}],"event_choices":[{"damage_healed":0.0,"max_hp_gain":0.0,"max_hp_loss":0.0,"gold_gain":0.0,"event_name":"WeMeetAgain","player_choice":"Gave Potion","floor":12.0,"gold_loss":0.0,"damage_taken":0.0,"relics_obtained":["Mummified Hand"]},{"damage_healed":0.0,"max_hp_gain":0.0,"max_hp_loss":0.0,"gold_gain":0.0,"event_name":"The Library","player_choice":"Read","floor":22.0,"gold_loss":0.0,"damage_taken":0.0,"cards_obtained":["Optimization"]},{"damage_healed":0.0,"max_hp_gain":0.0,"max_hp_loss":0.0,"gold_gain":2.0,"event_name":"betterStone:BetterStone","player_choice":"1","floor":29.0,"gold_loss":0.0,"damage_taken":0.0},{"damage_healed":0.0,"max_hp_gain":0.0,"max_hp_loss":0.0,"gold_gain":0.0,"event_name":"MindBloom","player_choice":"Fight","floor":37.0,"gold_loss":0.0,"damage_taken":0.0},{"damage_healed":0.0,"max_hp_gain":0.0,"max_hp_loss":0.0,"gold_gain":0.0,"event_name":"Mysterious Sphere","player_choice":"Fight","floor":38.0,"gold_loss":0.0,"damage_taken":0.0},{"damage_healed":0.0,"max_hp_gain":0.0,"max_hp_loss":0.0,"gold_gain":0.0,"event_name":"Accursed Blacksmith","player_choice":"Forge","floor":46.0,"gold_loss":0.0,"damage_taken":0.0,"cards_upgraded":["Here Defend Chip"]}],"is_beta":false,"boss_relics":[{"not_picked":["Runic Pyramid","Foreshadowing"],"picked":"Black Star"},{"not_picked":["ChewingGum","ReplayTheSpireMod:DimensionalGlitch"],"picked":"Runic Dome"}],"items_purged_floors":[0,19],"is_endless":false,"potions_floor_spawned":[2,3,6,8,16,20,24,27,31,35,38,39,45,48],"ascension_level":2}}