{"host":"bt4gm5zmu3buvt8g","time":1614432868,"event":{"mods":["Aspiration","Astrologer","BaseMod","Colored Map","Colored Powertips","Conspire","Downfall","GifTheSpireLib","Halation","Hermit","Hubris","Infinite Spire","Mimic Mod","Minty Spire (QoL Compilation)","Quick Restart","Replay The Spire","StSLib","Stuff the Spire","The Blackbeard","The Construct","The Cursed","The Disciple","The Gatherer","The Hierophant","The Jungle","The Marked","The Necromancer","The Runesmith","The Trickster","Unceasing Turn Reminder"],"gold_per_floor":[99,114,23,23,40,54,54,54,79,93,93,126,26,26,43,147,147,47,47,47,62,80,91,129,29,44,44,60,60,60,90,101,203,203,235,250,260,360,379,379,402,417,434,434,434,447,457,0,15,15,15,15],"floor_reached":50,"language":"ENG","playtime":11458,"items_purged":[],"score":578,"play_id":"b9000bb7-82f6-4112-82ca-88aef143a71c","local_time":"20210227233428","is_ascension_mode":false,"campfire_choices":[{"data":"Guardian:RefractedBeam","floor":11,"key":"SMITH"},{"floor":13,"key":"RECALL"},{"data":"Guardian:ExploitGems","floor":18,"key":"SMITH"},{"floor":25,"key":"REST"},{"data":"ReplayTheSpireMod:Book of Names","floor":29,"key":"SMITH"},{"data":"infinitespire:UltimateForm","floor":40,"key":"SMITH"},{"data":"Guardian:RefractedBeam+2","floor":45,"key":"SMITH"}],"circlet_count":0,"master_deck":["conspire:GhostlyStrike","conspire:GhostlyStrike","conspire:GhostlyStrike","conspire:GhostlyDefend","conspire:GhostlyDefend","conspire:GhostlyDefend","conspire:GhostlyDefend","Guardian:CurlUp","Guardian:TwinSlam","Guardian:SpikerProtocol+1","Guardian:Recover","Guardian:PiercingHide","Guardian:AncientConstruct","Guardian:RefractedBeam+3","Guardian:CrystalBeam","Guardian:ExploitGems+1","Pride","Guardian:Planning","Guardian:FloatingOrbs","Guardian:SpikerProtocol+1","ReplayTheSpireMod:Book of Names+1","Guardian:Gem_Purple","infinitespire:UltimateForm+1","Guardian:Clone+1","Guardian:Gem_Yellow","Guardian:Gem_Cyan","Guardian:Gem_Purple","Guardian:Gem_Blue","Guardian:Gem_Yellow","Guardian:Planning","Guardian:EvasiveProtocol","Guardian:RevengeProtocol","Guardian:Gem_Yellow","Guardian:Gem_Green","Guardian:RollAttack"],"relics":["Guardian:ModeShifter","CaptainsWheel","halation:WeightlessCrab","conspire:BottledYoYo","downfall:HeartBlessingGreen","Philosopher\u0027s Stone","downfall:HeartBlessingRed","Replay:Rubber Ducky","downfall:HeartBlessingBlue","DollysMirror","Simple Rune","infinitespire:Cupcake","PreservedInsect","White Beast Statue","hubris:ToyBattleship","Calipers","hubris:TenFootPole"],"acts_visited":["Exordium","TheCity","TheBeyond"],"potions_floor_usage":[12,12,15,31,33,48,48,49,50,50],"damage_taken":[{"damage":0,"enemies":"conspire:RoseBush","floor":2,"turns":5},{"damage":0,"enemies":"downfall:FleeingMerchant","floor":3,"turns":4},{"damage":0,"enemies":"Cultist","floor":5,"turns":4},{"damage":10,"enemies":"Small Slimes","floor":6,"turns":6},{"damage":7,"enemies":"Replay:BlueRogue","floor":9,"turns":10},{"damage":10,"enemies":"downfall:LooterAlt","floor":10,"turns":5},{"damage":27,"enemies":"3 Sentries","floor":12,"turns":10},{"damage":8,"enemies":"Exordium Thugs","floor":15,"turns":6},{"damage":17,"enemies":"WA_ARCHETYPE_RETAIN","floor":16,"turns":18},{"damage":12,"enemies":"conspire:FuzzyDice","floor":21,"turns":9},{"damage":0,"enemies":"3 Byrds","floor":22,"turns":3},{"damage":42,"enemies":"Cultist and Chosen","floor":23,"turns":9},{"damage":14,"enemies":"Centurion and Healer","floor":24,"turns":10},{"damage":0,"enemies":"Centurion and Healer","floor":26,"turns":5},{"damage":0,"enemies":"Shelled Parasite and Fungi","floor":28,"turns":6},{"damage":8,"enemies":"conspire:SneckoGhost","floor":31,"turns":6},{"damage":0,"enemies":"conspire:HollyBat","floor":32,"turns":7},{"damage":3,"enemies":"IC_MUSHROOM_ARCHETYPE","floor":33,"turns":9},{"damage":10,"enemies":"conspire:MimicChest","floor":35,"turns":7},{"damage":10,"enemies":"3 Darklings","floor":36,"turns":6},{"damage":0,"enemies":"Orb Walker","floor":37,"turns":4},{"damage":0,"enemies":"downfall:LadyInBlue","floor":38,"turns":6},{"damage":20,"enemies":"Writhing Mass","floor":39,"turns":5},{"damage":0,"enemies":"Maw","floor":42,"turns":7},{"damage":28,"enemies":"4 Shapes","floor":43,"turns":5},{"damage":10,"enemies":"Spire Growth","floor":46,"turns":5},{"damage":10,"enemies":"Sphere and 2 Shapes","floor":47,"turns":7},{"damage":0,"enemies":"downfall:FleeingMerchant","floor":48,"turns":4},{"damage":7,"enemies":"Jaw Worm Horde","floor":49,"turns":7},{"damage":44,"enemies":"SI_POISON_ARCHETYPE","floor":50,"turns":4}],"seed_played":"5008290587015537253","potions_obtained":[{"floor":5,"key":"LiquidMemories"},{"floor":6,"key":"Guardian:AcceleratePotion"},{"floor":12,"key":"Weak Potion"},{"floor":21,"key":"Ancient Potion"},{"floor":22,"key":"Guardian:BlockOnCardUsePotion"},{"floor":26,"key":"hexamod:SoulburnPotion"},{"floor":28,"key":"Fire Potion"},{"floor":35,"key":"Elixir"},{"floor":36,"key":"FearPotion"},{"floor":38,"key":"CultistPotion"},{"floor":39,"key":"Strength Potion"},{"floor":42,"key":"Strength Potion"},{"floor":43,"key":"FairyPotion"},{"floor":46,"key":"AttackPotion"},{"floor":48,"key":"LiquidMemories"},{"floor":49,"key":"EssenceOfSteel"}],"is_trial":false,"path_per_floor":["R_BF","M","$","?","M","M","T","?","E","M","R","E","R","?","M","B",null,"R","?","?","M","M","M","MIM","R","M","AVR","M","R","?","E","M","B",null,"R_BF","M","M","?","M","R","T","M","M","?","R","M","M","$","M","B"],"character_chosen":"GUARDIAN","items_purchased":["Guardian:SpikerProtocol","Calipers","hubris:TenFootPole"],"campfire_rested":1,"item_purchase_floors":[3,48,48],"current_hp_per_floor":[88,88,88,88,88,78,78,78,71,61,61,34,34,34,26,9,88,88,88,88,76,76,34,20,59,59,59,59,59,35,27,27,24,98,88,78,78,78,58,58,58,58,30,30,30,20,10,10,3,0,0,0],"gold":15,"neow_bonus":"TEN_PERCENT_HP_BONUS","is_daily":false,"chose_seed":false,"campfire_upgraded":5,"win_rate":0.0,"timestamp":1614432868,"path_taken":["R_BF","M","$","?","M","M","T","?","E","M","R","E","R","?","M","BOSS","R","?","?","M","M","M","MIM","R","M","AVR","?","R","?","E","M","BOSS","R_BF","M","M","?","M","R","T","?","M","?","R","M","M","$","M","BOSS"],"items_purchased_type":["Card","Relic","Relic"],"build_version":"2020-12-22","purchased_purges":0,"victory":false,"max_hp_per_floor":[88,88,88,88,88,88,88,88,88,88,88,88,88,88,88,88,88,88,88,88,88,88,88,88,98,98,98,98,98,98,98,98,98,98,98,98,98,98,98,98,98,98,98,98,98,98,98,98,98,98,98,98],"card_choices":[{"not_picked":["Guardian:BronzeArmor","Guardian:PrimingBeam"],"picked":"Guardian:Gem_Lightblue","floor":2},{"not_picked":["Guardian:ChargeCore","Guardian:Suspension"],"picked":"Guardian:Gem_Red","floor":3},{"not_picked":["Guardian:ChargeCore","Guardian:MultiBeam"],"picked":"Guardian:Recover","floor":5},{"not_picked":["Guardian:Gem_White","Guardian:Suspension"],"picked":"Guardian:PiercingHide","floor":6},{"not_picked":["Guardian:Suspension","Guardian:ShieldCharger"],"picked":"Guardian:RefractedBeam","floor":9},{"not_picked":["Guardian:ShieldCharger","Guardian:Repulse"],"picked":"Guardian:CrystalBeam","floor":10},{"not_picked":["Guardian:DecasProtection","Guardian:WalkerClaw"],"picked":"Guardian:Gem_White","floor":12},{"not_picked":["Guardian:ChargeCore","Guardian:TemporalShield"],"picked":"Guardian:Gem_Green","floor":15},{"not_picked":["Guardian:AncientConstruct","Guardian:FastForward"],"picked":"Guardian:ExploitGems","floor":16},{"not_picked":["Guardian:DecasProtection+1","Guardian:ChargeCore"],"picked":"Guardian:Gem_Lightblue","floor":21},{"not_picked":["Guardian:Gem_Fragmented","Guardian:Gem_Red"],"picked":"Guardian:Gem_Cyan","floor":22},{"not_picked":["Guardian:Planning","Guardian:PiercingHide"],"picked":"Guardian:Gem_Yellow","floor":23},{"not_picked":["Guardian:Emergency","Guardian:TemporalShield"],"picked":"Guardian:Planning","floor":24},{"not_picked":["Guardian:Incinerate","Guardian:SentryBeam+1"],"picked":"Guardian:FloatingOrbs","floor":26},{"not_picked":["Guardian:PolyBeam","Guardian:ExploitGems"],"picked":"Guardian:Gem_Purple","floor":28},{"not_picked":["infinitespire:DeathsTouch","ReplayTheSpireMod:Echoes of Time"],"picked":"infinitespire:UltimateForm","floor":30},{"not_picked":["Guardian:Recover","Guardian:PrimingBeam"],"picked":"Guardian:Clone+1","floor":31},{"not_picked":["Guardian:Suspension","Guardian:ArmoredProtocol"],"picked":"Guardian:Gem_Yellow","floor":32},{"not_picked":["Guardian:HyperBeam_Guardian","Guardian:Gem_Synthetic"],"picked":"Guardian:Gem_Orange","floor":33},{"not_picked":["Guardian:MultiBeam","Guardian:BronzeOrb"],"picked":"Guardian:Gem_Cyan","floor":35},{"not_picked":["Guardian:VentSteam+1","Guardian:TimeBomb+1"],"picked":"Guardian:Gem_Purple","floor":36},{"not_picked":["Guardian:BronzeArmor+1","Guardian:ShieldCharger","Guardian:SentryBeam+1"],"picked":"SKIP","floor":37},{"not_picked":["Guardian:Gem_Green","Guardian:Suspension+1"],"picked":"Guardian:Gem_Blue","floor":38},{"not_picked":["Guardian:Gem_Lightblue","Guardian:BronzeOrb+1"],"picked":"Guardian:Gem_Yellow","floor":39},{"not_picked":["Guardian:Suspension","Guardian:CrystalBeam+1"],"picked":"Guardian:Planning","floor":42},{"not_picked":["Guardian:WalkerClaw+1","Guardian:PolyBeam+1"],"picked":"Guardian:EvasiveProtocol","floor":43},{"not_picked":["Guardian:PiercingHide","Guardian:CrystalBeam+1"],"picked":"Guardian:RevengeProtocol","floor":46},{"not_picked":["Guardian:Gem_Lightblue","Guardian:CrystalBeam"],"picked":"Guardian:Gem_Yellow","floor":47},{"not_picked":["Guardian:Recover","Guardian:BronzeOrb"],"picked":"Guardian:Gem_Green","floor":48},{"not_picked":["Guardian:Gem_Cyan","Guardian:DonusPower"],"picked":"Guardian:RollAttack","floor":49}],"player_experience":382826,"relics_obtained":[{"floor":7,"key":"CaptainsWheel"},{"floor":9,"key":"halation:WeightlessCrab"},{"floor":12,"key":"conspire:BottledYoYo"},{"floor":31,"key":"Simple Rune"},{"floor":35,"key":"PreservedInsect"},{"floor":38,"key":"White Beast Statue"},{"floor":41,"key":"hubris:ToyBattleship"}],"event_choices":[{"damage_healed":0,"gold_gain":0,"player_choice":"Agree","damage_taken":0,"max_hp_gain":0,"max_hp_loss":0,"event_name":"conspire:LoneGhost","floor":1,"gold_loss":0},{"damage_healed":0,"gold_gain":0,"player_choice":"Stole Relic","damage_taken":0,"relics_obtained":["Replay:Rubber Ducky"],"max_hp_gain":0,"max_hp_loss":0,"event_name":"Addict","floor":19,"gold_loss":0,"cards_obtained":["Pride"]}],"is_beta":false,"boss_relics":[{"not_picked":["conspire:SlowCooker","Runesmith:UraniumAnvil"],"picked":"Philosopher\u0027s Stone"},{"not_picked":["Sozu","Empty Cage"],"picked":"infinitespire:Cupcake"}],"items_purged_floors":[],"is_endless":false,"potions_floor_spawned":[5,6,12,21,22,26,28,35,36,39,42,43,46,47,48,49],"killed_by":"SI_POISON_ARCHETYPE","ascension_level":0}}