{"host":"w14xfy17z3c5mpoi","time":1614386836,"event":{"mods":["AchievementEnabler","BaseMod","Minty Spire (QoL Compilation)","Relic Stats"],"gold_per_floor":[110,110,130,130,130,170,170,170,170,170,170],"floor_reached":10,"language":"ENG","playtime":193,"items_purged":[],"score":183,"play_id":"42084d3f-2e4e-4cec-853c-8546d757ab75","local_time":"20210226194716","is_ascension_mode":true,"campfire_choices":[{"floor":7,"key":"REST"}],"circlet_count":0,"master_deck":["AscendersBane","Strike_G","Strike_G","Strike_G","Strike_G","Strike_G","Defend_G","Defend_G","Defend_G","Defend_G","Defend_G","Survivor","Neutralize","Dagger Spray","Dash+1","Poisoned Stab"],"relics":["Ring of the Snake","NeowsBlessing","Sundial","Golden Idol","Pen Nib","TungstenRod"],"acts_visited":["Exordium"],"potions_floor_usage":[8],"damage_taken":[{"damage":0,"enemies":"Cultist","floor":1,"turns":1},{"damage":0,"enemies":"2 Louse","floor":3,"turns":1},{"damage":0,"enemies":"3 Sentries","floor":6,"turns":1},{"damage":16,"enemies":"Gremlin Nob","floor":8,"turns":3},{"damage":0,"enemies":"Lagavulin","floor":10,"turns":1}],"seed_played":"-2466623858538124865","potions_obtained":[{"floor":6,"key":"SmokeBomb"}],"is_trial":false,"path_per_floor":["M","?","M","?","?","E","R","E","T","E"],"character_chosen":"THE_SILENT","items_purchased":[],"campfire_rested":1,"item_purchase_floors":[],"current_hp_per_floor":[59,3,3,3,3,3,21,5,5,5,5],"gold":170,"neow_bonus":"THREE_ENEMY_KILL","is_daily":false,"chose_seed":false,"campfire_upgraded":0,"win_rate":0.0,"timestamp":1614386836,"path_taken":["M","?","M","?","?","E","R","E","T","E"],"items_purchased_type":[],"build_version":"2020-12-22","purchased_purges":0,"victory":false,"max_hp_per_floor":[66,66,66,66,60,60,60,60,60,60,60],"relic_stats":{"counters":[5,7],"Sundial":[0],"Golden Idol":15,"Pen Nib":[0],"obtain_stats":[{"NeowsBlessing":0,"Sundial":2,"Golden Idol":5,"Pen Nib":6,"TungstenRod":9,"Ring of the Snake":0},{"NeowsBlessing":0,"Sundial":1,"Golden Idol":2,"Pen Nib":3,"TungstenRod":4,"Ring of the Snake":0},{"NeowsBlessing":0,"Sundial":1,"Golden Idol":2,"Pen Nib":3,"TungstenRod":6,"Ring of the Snake":0}],"TungstenRod":0,"Ring of the Snake":[8]},"card_choices":[{"not_picked":["Quick Slash","Backflip"],"picked":"Dagger Spray","floor":1},{"not_picked":["Acrobatics","Cloak And Dagger"],"picked":"Dash","floor":3},{"not_picked":["Sucker Punch","Deflect"],"picked":"Poisoned Stab","floor":6}],"player_experience":834913,"relics_obtained":[{"floor":6,"key":"Pen Nib"},{"floor":9,"key":"TungstenRod"}],"event_choices":[{"damage_healed":0,"gold_gain":0,"player_choice":"Success","damage_taken":56,"relics_obtained":["Sundial"],"max_hp_gain":0,"max_hp_loss":0,"event_name":"Scrap Ooze","floor":2,"gold_loss":0},{"damage_healed":0,"gold_gain":0,"player_choice":"Grow","damage_taken":0,"max_hp_gain":0,"max_hp_loss":0,"event_name":"Living Wall","floor":4,"gold_loss":0,"cards_upgraded":["Dash"]},{"damage_healed":0,"gold_gain":0,"player_choice":"Lose Max HP","damage_taken":0,"relics_obtained":["Golden Idol"],"max_hp_gain":0,"max_hp_loss":6,"event_name":"Golden Idol","floor":5,"gold_loss":0}],"is_beta":false,"boss_relics":[],"items_purged_floors":[],"is_endless":false,"potions_floor_spawned":[6,8],"killed_by":"Lagavulin","ascension_level":17}}