{"host":"xq56pqicyapr3rmv","time":1614404248,"event":{"mods":["2.2 Compatiblity","ATMod(阿瑾Mod)","Act Like it!","BaseMod","Better-Laid Plans","CapriCore","Library of Ruina","Library of Ruina Extra","Minty Spire (QoL Compilation)","MostiFishMod","Ruina","Spicy Shops","StSLib","TestMod","Wide Potions","【功能Mod】混沌之环修复补丁","【功能Mod】精心准备","残留之物"],"gold_per_floor":[111,125,50,67,80,80,108,108,135,149,161,188,201,212,212,317,317,336,349,749,769,780,780,812,812,812,825,837,649,665,694,694,799,799,814,824,835,835,848,879,897,922,972,972,972],"floor_reached":44,"language":"ZHS","playtime":2521,"items_purged":["PlaceholderMod:BaseStrike","PlaceholderMod:BaseStrike","PlaceholderMod:BaseStrike"],"score":705,"play_id":"e5d95be5-25f4-4e18-9111-e0e14aab2fa9","local_time":"20210227133728","is_ascension_mode":false,"campfire_choices":[{"data":"PlaceholderMod:AbsorbTouch","floor":6,"key":"SMITH"},{"data":"PlaceholderMod:Crystallization","floor":8,"key":"SMITH"},{"data":"PlaceholderMod:HighConcentration","floor":15,"key":"SMITH"},{"data":"PlaceholderMod:Corrosion","floor":23,"key":"SMITH"},{"data":"PlaceholderMod:ReactionCatalyze","floor":25,"key":"SMITH"},{"data":"PlaceholderMod:FastReaction","floor":32,"key":"SMITH"}],"circlet_count":0,"master_deck":["PlaceholderMod:BaseStrike","PlaceholderMod:BaseDefend","PlaceholderMod:BaseDefend","PlaceholderMod:BaseDefend","PlaceholderMod:BaseDefend","PlaceholderMod:BaseDefend","PlaceholderMod:Crystal","PlaceholderMod:PoisonWhip","PlaceholderMod:AbsorbTouch+1","PlaceholderMod:ParasiteChange","PlaceholderMod:SprayAttack","PlaceholderMod:Internalization","PlaceholderMod:SprayAttack","PlaceholderMod:Crystallization+1","PlaceholderMod:HighConcentration+1","PlaceholderMod:Corrosion+1","PlaceholderMod:ReactionCatalyze+1","PlaceholderMod:CrystallizationStrike+1","PlaceholderMod:Break+1","PlaceholderMod:FastReaction+1","PlaceholderMod:ThreeBenzyolStart","PlaceholderMod:HighConcentration+1"],"relics":["PlaceholderMod:Tancle","DaveBox","AT_ATBox","DaCapo","testmod-AssaultLearning","SynthV:TestCard","Bag of Preparation","Centennial Puzzle","Smiling Mask","PlaceholderMod:LiveLive","Ancient Tea Set","testmod-IndustrialRevolution","PageOfMountain","PageOfWrath","RhineFirstAidKit","PageOfTheQueenOfHatred","PageOfTheKnightOfDespair","PageOfGreed"],"acts_visited":["Exordium","ruina:Briah","TheBeyond"],"potions_floor_usage":[2,44],"damage_taken":[{"damage":0,"enemies":"Cultist","floor":1,"turns":6},{"damage":9,"enemies":"Small Slimes","floor":2,"turns":5},{"damage":0,"enemies":"Jaw Worm","floor":4,"turns":3},{"damage":5,"enemies":"Red Slaver","floor":5,"turns":3},{"damage":7,"enemies":"3 Sentries","floor":7,"turns":9},{"damage":3,"enemies":"Exordium Wildlife","floor":10,"turns":3},{"damage":1,"enemies":"3 Louse","floor":11,"turns":5},{"damage":0,"enemies":"Lagavulin","floor":12,"turns":2},{"damage":4,"enemies":"Large Slime","floor":13,"turns":7},{"damage":0,"enemies":"Looter","floor":14,"turns":3},{"damage":0,"enemies":"Hexaghost","floor":16,"turns":7},{"damage":0,"enemies":"ruina:Nosferatu","floor":18,"turns":1},{"damage":15,"enemies":"ruina:3_Bats","floor":19,"turns":6},{"damage":6,"enemies":"ruina:3_Scarecrows","floor":21,"turns":3},{"damage":0,"enemies":"ruina:KingOfGreed","floor":22,"turns":3},{"damage":0,"enemies":"ruina:RoadHome","floor":24,"turns":3},{"damage":0,"enemies":"ruina:Nos_and_Bat","floor":27,"turns":4},{"damage":9,"enemies":"ruina:QueenOfHate","floor":28,"turns":2},{"damage":0,"enemies":"ruina:Woodsman","floor":30,"turns":2},{"damage":0,"enemies":"ruina:ServantOfWrath","floor":31,"turns":3},{"damage":9,"enemies":"ruina:Red_and_Wolf","floor":33,"turns":4},{"damage":8,"enemies":"3 Darklings","floor":35,"turns":3},{"damage":7,"enemies":"Orb Walker","floor":36,"turns":2},{"damage":49,"enemies":"4 Shapes","floor":37,"turns":6},{"damage":7,"enemies":"Writhing Mass","floor":39,"turns":2},{"damage":31,"enemies":"Nemesis","floor":40,"turns":3},{"damage":0,"enemies":"Maw","floor":41,"turns":4},{"damage":22,"enemies":"Reptomancer","floor":42,"turns":2},{"damage":42,"enemies":"Nemesis","floor":44,"turns":2}],"seed_played":"-5757766028145725074","potions_obtained":[{"floor":2,"key":"Fruit Juice"},{"floor":4,"key":"Energy Potion"},{"floor":11,"key":"Block Potion"},{"floor":19,"key":"Regen Potion"}],"is_trial":false,"path_per_floor":["M","M","$","M","M","R","E","R","T","M","M","E","M","M","R","B",null,"M","M","?","M","M","R","E","R","T","M","M","$","M","E","R","B",null,"M","M","M","?","M","E","M","E","T","E"],"character_chosen":"THE_PLACEHOLDER","items_purchased":["PageOfMountain"],"campfire_rested":0,"item_purchase_floors":[29],"current_hp_per_floor":[57,53,53,53,48,48,41,41,41,38,37,37,33,33,33,33,83,83,68,68,62,62,62,62,62,62,62,53,53,53,53,53,44,83,75,68,19,19,83,52,52,30,30,0,0],"gold":972,"neow_bonus":"THREE_RARE_CARDS","is_daily":false,"chose_seed":false,"campfire_upgraded":6,"win_rate":0.0,"timestamp":1614404248,"path_taken":["M","M","$","M","M","R","E","R","T","M","M","E","M","?","R","BOSS","M","M","?","M","M","R","E","R","T","?","M","$","M","E","R","BOSS","M","M","?","?","?","E","M","E","T","E"],"items_purchased_type":["Relic"],"build_version":"2020-12-22","purchased_purges":3,"victory":false,"max_hp_per_floor":[78,83,83,83,83,83,83,83,83,83,83,83,83,83,83,83,83,83,83,83,83,83,83,83,83,83,83,83,83,83,83,83,83,83,83,83,83,83,83,83,83,83,83,83,83],"card_choices":[{"not_picked":["PlaceholderMod:PericyclicReaction","PlaceholderMod:GrowthForm"],"picked":"PlaceholderMod:AbsorbTouch","floor":0},{"not_picked":["PlaceholderMod:SprayAttack","PlaceholderMod:PoisonExcitation"],"picked":"PlaceholderMod:ParasiteChange","floor":1},{"not_picked":["PlaceholderMod:DiffusionChemical","PlaceholderMod:PoisonExcitation","PlaceholderMod:HardStrike","PlaceholderMod:HornyCollision"],"picked":"PlaceholderMod:SprayAttack","floor":2},{"not_picked":["PlaceholderMod:PoisonBlast","PlaceholderMod:AngryAttack","PlaceholderMod:SeverePoisonStrike","PlaceholderMod:Polyp"],"picked":"PlaceholderMod:Internalization","floor":4},{"not_picked":["PlaceholderMod:SpinBlade","PlaceholderMod:TriggerStrike","PlaceholderMod:Turn","PlaceholderMod:DissolvingSpikes"],"picked":"PlaceholderMod:SprayAttack","floor":5},{"not_picked":["PlaceholderMod:PericyclicReaction","PlaceholderMod:AttackAsDefend","PlaceholderMod:UnpureUse","PlaceholderMod:DissolvingSpikes"],"picked":"PlaceholderMod:Crystallization","floor":7},{"not_picked":["PlaceholderMod:SeverePoisonStrike","PlaceholderMod:Polyp","PlaceholderMod:SprayAttack","PlaceholderMod:SelectReaction"],"picked":"PlaceholderMod:HighConcentration","floor":10},{"not_picked":["PlaceholderMod:ComplexForm","PlaceholderMod:SeverePoisonStrike","PlaceholderMod:SubstitutionNucleophilic1","PlaceholderMod:Turn"],"picked":"PlaceholderMod:Corrosion","floor":11},{"not_picked":["PlaceholderMod:SpinBlade","PlaceholderMod:Break","PlaceholderMod:PoisonAbsorb","PlaceholderMod:RadicalHit","PlaceholderMod:AttackAsDefend"],"picked":"SKIP","floor":12},{"not_picked":["PlaceholderMod:StressReaction","PlaceholderMod:PoisonBlast","PlaceholderMod:ConsolidateHit","PlaceholderMod:StrongAcid","PlaceholderMod:Crystallization"],"picked":"SKIP","floor":13},{"not_picked":["PlaceholderMod:HornyBlast","PlaceholderMod:StrongAcid","PlaceholderMod:PoisonExcitation","PlaceholderMod:ConsolidateHit","PlaceholderMod:OHStrongAttack"],"picked":"SKIP","floor":14},{"not_picked":["PlaceholderMod:DoublePoint","PlaceholderMod:PericyclicReaction","PlaceholderMod:AbsorbTouch","PlaceholderMod:Assimilation"],"picked":"PlaceholderMod:ReactionCatalyze","floor":16},{"not_picked":["PlaceholderMod:ConsolidateHit","PlaceholderMod:DirectingGroup","PlaceholderMod:Polyp","PlaceholderMod:RadicalHit"],"picked":"PlaceholderMod:CrystallizationStrike+1","floor":18},{"not_picked":["PlaceholderMod:Sweep","PlaceholderMod:SeverePoisonStrike+1","PlaceholderMod:AngryAttack","PlaceholderMod:DissolvingSpikes+1","PlaceholderMod:ChainPoly"],"picked":"SKIP","floor":19},{"not_picked":["PlaceholderMod:StrongAcid","PlaceholderMod:DissolvingSpikes","PlaceholderMod:PoisonExcitation","PlaceholderMod:ProliferateStrike"],"picked":"PlaceholderMod:Break+1","floor":21},{"not_picked":["PlaceholderMod:Internalization","PlaceholderMod:HealingAttack","PlaceholderMod:TriggerStrike","PlaceholderMod:ProliferateStrike","PlaceholderMod:StrongAcid+1"],"picked":"SKIP","floor":22},{"not_picked":["PlaceholderMod:FinalSpray","PlaceholderMod:Hyperplasia","PlaceholderMod:Internalization","PlaceholderMod:UnpureUse+1","PlaceholderMod:PoisonBlast"],"picked":"SKIP","floor":24},{"not_picked":["PlaceholderMod:DissolvingSpikes","PlaceholderMod:ConsolidateHit","PlaceholderMod:PoisonExcitation","PlaceholderMod:SubstitutionNucleophilic1","PlaceholderMod:EnergyAbsorb"],"picked":"SKIP","floor":27},{"not_picked":["PlaceholderMod:AttackAsDefend","PlaceholderMod:HardStrike","PlaceholderMod:Internalization","PlaceholderMod:TriggerStrike","PlaceholderMod:SpinBlade"],"picked":"SKIP","floor":28},{"not_picked":["PlaceholderMod:Package+1","PlaceholderMod:HornyBlast+1","PlaceholderMod:Internalization+1","PlaceholderMod:ParasiteChange"],"picked":"PlaceholderMod:FastReaction","floor":30},{"not_picked":["PlaceholderMod:Sweep","PlaceholderMod:FinalSpray","PlaceholderMod:Hard","PlaceholderMod:HardStinger","PlaceholderMod:ComplexForm"],"picked":"SKIP","floor":31},{"not_picked":["PlaceholderMod:ConsolidateHit","PlaceholderMod:HealingAttack+1","PlaceholderMod:PoisonExcitation+1","PlaceholderMod:Corrosion+1","PlaceholderMod:UnpureUse+1"],"picked":"SKIP","floor":35},{"not_picked":["PlaceholderMod:StressReaction","PlaceholderMod:Turn","PlaceholderMod:SprayAttack","PlaceholderMod:SeverePoisonStrike+1"],"picked":"PlaceholderMod:ThreeBenzyolStart","floor":36},{"not_picked":["PlaceholderMod:SeverePoisonStrike+1","PlaceholderMod:HardStrike+1","PlaceholderMod:PoisonAbsorb+1","PlaceholderMod:StrongAcid+1"],"picked":"PlaceholderMod:HighConcentration+1","floor":37},{"not_picked":["PlaceholderMod:FastReaction","PlaceholderMod:Turn+1","PlaceholderMod:HardStinger","PlaceholderMod:DiffusionChemical","PlaceholderMod:Stratification"],"picked":"SKIP","floor":39},{"not_picked":["PlaceholderMod:NutritionAbsorb","PlaceholderMod:DiffusionPoison","PlaceholderMod:PoisonExcitation+1","PlaceholderMod:Break+1","PlaceholderMod:DirectingGroup"],"picked":"SKIP","floor":40},{"not_picked":["PlaceholderMod:NearChange+1","PlaceholderMod:SubstitutionNucleophilic1+1","PlaceholderMod:StrongAcid","PlaceholderMod:HardStinger","PlaceholderMod:EnergyAbsorb"],"picked":"SKIP","floor":41},{"not_picked":["PlaceholderMod:RadicalHit","PlaceholderMod:OHStrongAttack","PlaceholderMod:ChainPoly+1","PlaceholderMod:PoisonAbsorb+1","PlaceholderMod:Colorful"],"picked":"SKIP","floor":42}],"player_experience":229345,"relics_obtained":[{"floor":1,"key":"SynthV:TestCard"},{"floor":7,"key":"Bag of Preparation"},{"floor":9,"key":"Centennial Puzzle"},{"floor":12,"key":"Smiling Mask"},{"floor":24,"key":"Ancient Tea Set"},{"floor":26,"key":"testmod-IndustrialRevolution"},{"floor":31,"key":"PageOfWrath"},{"floor":40,"key":"PageOfTheQueenOfHatred"},{"floor":42,"key":"PageOfTheKnightOfDespair"},{"floor":43,"key":"PageOfGreed"}],"event_choices":[{"damage_healed":0,"gold_gain":400,"player_choice":"Sell","damage_taken":0,"max_hp_gain":0,"max_hp_loss":0,"event_name":"恩洛斯的盘子","floor":20,"relics_lost":["testmod-TestBox"],"gold_loss":0},{"cards_removed":["PlaceholderMod:BaseStrike"],"damage_healed":0,"gold_gain":0,"player_choice":"Purged","damage_taken":0,"max_hp_gain":0,"max_hp_loss":0,"event_name":"Purifier","floor":38,"gold_loss":0}],"is_beta":false,"boss_relics":[{"not_picked":["MoonlightInvasionPlan","Pandora\u0027s Box"],"picked":"PlaceholderMod:LiveLive"},{"not_picked":["Tiny House","testmod-NegativeEmotionEnhancer"],"picked":"RhineFirstAidKit"}],"items_purged_floors":[3,29,29],"is_endless":false,"potions_floor_spawned":[2,4,5,10,11,13,19,22,28,33,36,39,40,42],"killed_by":"Nemesis","ascension_level":0}}