{"host":"fbdlh90rovbiajun","time":1614399260,"event":{"mods":["AchievementEnabler","BaseMod","Colored Map","Keyboard Shortcuts","Minty Spire (QoL Compilation)","SuperFastMode"],"gold_per_floor":[16,34,48,48,48,48,83,83,83,8,36,55,85,160,160,261,261,281,30,44,44,44,44,78,78,78,78,78],"floor_reached":27,"language":"KOR","playtime":1141,"items_purged":["Defend_R","Strike_R"],"score":274,"play_id":"bc6a3982-75fe-4a78-853d-4416c4c5da95","local_time":"20210227131420","is_ascension_mode":true,"campfire_choices":[{"data":"Armaments","floor":6.0,"key":"SMITH"},{"data":"Hemokinesis","floor":8.0,"key":"SMITH"},{"floor":15.0,"key":"REST"},{"data":"Rampage","floor":23,"key":"SMITH"}],"circlet_count":0,"master_deck":["Strike_R","Defend_R","Defend_R","Defend_R","Bash","Warcry","Rampage+1","Hemokinesis+1","Cleave","Armaments+1","Flex","Flex","Flex"],"relics":["Burning Blood","Singing Bowl","Nunchaku","Ice Cream","Black Star","Vajra","MutagenicStrength","Letter Opener","Kunai","Dream Catcher","Darkstone Periapt"],"acts_visited":["Exordium","TheCity"],"potions_floor_usage":[],"damage_taken":[{"damage":0.0,"enemies":"2 Louse","floor":1.0,"turns":3.0},{"damage":5.0,"enemies":"Jaw Worm","floor":2.0,"turns":3.0},{"damage":7.0,"enemies":"Small Slimes","floor":3.0,"turns":3.0},{"damage":25.0,"enemies":"3 Sentries","floor":7.0,"turns":6.0},{"damage":32.0,"enemies":"Gremlin Nob","floor":11.0,"turns":4.0},{"damage":11.0,"enemies":"2 Fungi Beasts","floor":12.0,"turns":3.0},{"damage":49.0,"enemies":"The Guardian","floor":16.0,"turns":10.0},{"damage":13.0,"enemies":"Spheric Guardian","floor":18.0,"turns":4.0},{"damage":7.0,"enemies":"Chosen","floor":20.0,"turns":3.0},{"damage":49,"enemies":"Gremlin Leader","floor":24,"turns":5},{"damage":52,"enemies":"Slavers","floor":27,"turns":3}],"seed_played":"5596690749896662961","potions_obtained":[{"floor":1.0,"key":"Fruit Juice"},{"floor":11.0,"key":"LiquidMemories"},{"floor":12.0,"key":"DuplicationPotion"},{"floor":20.0,"key":"BlessingOfTheForge"}],"is_trial":false,"path_per_floor":["M","M","M","?","?","R","E","R","T","$","E","M","?","?","R","B",null,"M","$","M","?","T","R","E","?","T","E"],"character_chosen":"IRONCLAD","items_purchased":["Vajra"],"campfire_rested":1,"item_purchase_floors":[19],"current_hp_per_floor":[85,85,84,77,82,82,63,63,63,63,37,34,34,23,50,9,94,87,87,88,88,88,88,47,47,47,0,0],"gold":78,"neow_bonus":"TRANSFORM_TWO_CARDS","is_daily":false,"chose_seed":false,"campfire_upgraded":3,"win_rate":0.0,"timestamp":1614399260,"path_taken":["M","M","M","?","?","R","E","R","T","$","E","M","?","?","R","BOSS","M","$","M","?","?","R","E","?","T","E"],"items_purchased_type":["Relic"],"build_version":"2020-12-22","purchased_purges":2,"victory":false,"max_hp_per_floor":[85,85,85,85,90,90,90,90,90,90,90,92,92,92,92,94,94,94,94,96,96,96,96,98,98,98,98,98],"card_choices":[{"not_picked":["Wild Strike","Power Through"],"picked":"Hemokinesis","floor":1.0},{"not_picked":["Pummel","Power Through"],"picked":"Cleave","floor":2.0},{"not_picked":["Headbutt","Barricade"],"picked":"Armaments","floor":3.0},{"not_picked":["Warcry","Corruption"],"picked":"Flex","floor":7.0},{"not_picked":["Impervious","Dark Embrace"],"picked":"Flex","floor":11.0},{"not_picked":["Reckless Charge","Seeing Red","Havoc"],"picked":"Singing Bowl","floor":12.0},{"not_picked":["Brutality","Corruption","Juggernaut"],"picked":"Singing Bowl","floor":16.0},{"not_picked":["Dual Wield+1","Sword Boomerang"],"picked":"Flex","floor":18.0},{"not_picked":["Headbutt","Pummel","Burning Pact"],"picked":"Singing Bowl","floor":20.0},{"not_picked":["Power Through+1","Fire Breathing","Armaments"],"picked":"Singing Bowl","floor":24}],"player_experience":139252,"relics_obtained":[{"floor":7.0,"key":"Singing Bowl"},{"floor":9.0,"key":"Nunchaku"},{"floor":11.0,"key":"Ice Cream"},{"floor":22,"key":"Letter Opener"},{"floor":24,"key":"Kunai"},{"floor":24,"key":"Dream Catcher"},{"floor":26,"key":"Darkstone Periapt"}],"event_choices":[{"cards_removed":["Strike_R"],"damage_healed":0.0,"max_hp_gain":0.0,"max_hp_loss":0.0,"gold_gain":0.0,"event_name":"Golden Wing","player_choice":"Card Removal","floor":4.0,"gold_loss":0.0,"damage_taken":7.0},{"damage_healed":0.0,"max_hp_gain":5.0,"max_hp_loss":0.0,"gold_gain":0.0,"event_name":"Big Fish","player_choice":"Donut","floor":5.0,"gold_loss":0.0,"damage_taken":0.0},{"damage_healed":0.0,"max_hp_gain":0.0,"max_hp_loss":0.0,"gold_gain":30.0,"event_name":"Dead Adventurer","player_choice":"Searched \u00272\u0027 times","floor":13.0,"gold_loss":0.0,"damage_taken":0.0},{"damage_healed":0.0,"max_hp_gain":0.0,"max_hp_loss":0.0,"gold_gain":75.0,"event_name":"World of Goop","player_choice":"Gather Gold","floor":14.0,"gold_loss":0.0,"damage_taken":11.0},{"damage_healed":0,"gold_gain":0,"player_choice":"Inject Mutagens","damage_taken":0,"relics_obtained":["MutagenicStrength"],"max_hp_gain":0,"max_hp_loss":0,"event_name":"Drug Dealer","floor":21,"gold_loss":0},{"damage_healed":0,"gold_gain":0,"player_choice":"Ignored","damage_taken":0,"max_hp_gain":0,"max_hp_loss":0,"event_name":"Vampires","floor":25,"gold_loss":0}],"is_beta":false,"boss_relics":[{"not_picked":["Runic Dome","Runic Pyramid"],"picked":"Black Star"}],"items_purged_floors":[10,19],"is_endless":false,"potions_floor_spawned":[1,11,12,20],"killed_by":"Slavers","ascension_level":1}}