{"host":"tr0r177cvmpvg89h","time":1614438337,"event":{"mods":["BaseMod","Colored Map","DeckTracker","Minty Spire (QoL Compilation)","StSLib","SuperFastMode"],"gold_per_floor":[117,117,117,129,54,54,79,96,96,116,116,135,147,164,164,262,262,273,293,309,59,59,59],"floor_reached":22,"language":"KOR","playtime":1105,"items_purged":["Strike_B","Strike_B"],"score":215,"play_id":"b911b1f2-db3f-4be8-97f1-4be3921df62f","local_time":"20210228000537","is_ascension_mode":false,"campfire_choices":[{"data":"FTL","floor":6,"key":"SMITH"},{"data":"Streamline","floor":11,"key":"SMITH"},{"data":"Tempest","floor":15,"key":"SMITH"}],"circlet_count":0,"master_deck":["Strike_B","Defend_B","Defend_B","Defend_B","Defend_B","Zap","Dualcast","FTL+1","Storm","Streamline+1","Barrage","Beam Cell","Hologram","Tempest+1","Echo Form","Compile Driver","Multi-Cast","Gash"],"relics":["Cracked Core","NeowsBlessing","Ginger","Oddly Smooth Stone","Sundial","Cursed Key","Lantern"],"acts_visited":["Exordium","TheCity"],"potions_floor_usage":[16,16,16],"damage_taken":[{"damage":0,"enemies":"Jaw Worm","floor":1,"turns":1},{"damage":0,"enemies":"2 Louse","floor":4,"turns":1},{"damage":0,"enemies":"Lagavulin","floor":7,"turns":1},{"damage":0,"enemies":"Cultist","floor":8,"turns":3},{"damage":0,"enemies":"2 Fungi Beasts","floor":10,"turns":2},{"damage":6,"enemies":"3 Louse","floor":12,"turns":3},{"damage":0,"enemies":"Large Slime","floor":13,"turns":4},{"damage":13,"enemies":"Lots of Slimes","floor":14,"turns":3},{"damage":21,"enemies":"Hexaghost","floor":16,"turns":8},{"damage":35,"enemies":"3 Byrds","floor":18,"turns":4},{"damage":10,"enemies":"Spheric Guardian","floor":19,"turns":3},{"damage":23,"enemies":"Cultist and Chosen","floor":20,"turns":5},{"damage":14,"enemies":"Chosen and Byrds","floor":22,"turns":4}],"seed_played":"-4828297238605589285","potions_obtained":[{"floor":4,"key":"Weak Potion"},{"floor":12,"key":"PowerPotion"},{"floor":13,"key":"Swift Potion"},{"floor":16,"key":"FearPotion"},{"floor":18,"key":"Weak Potion"},{"floor":19,"key":"FearPotion"}],"is_trial":false,"path_per_floor":["M","?","?","M","$","R","E","M","T","M","R","M","M","M","R","B",null,"M","M","M","$","M"],"character_chosen":"DEFECT","items_purchased":["Lantern"],"campfire_rested":0,"item_purchase_floors":[21],"current_hp_per_floor":[75,68,68,68,68,68,68,68,68,68,68,62,62,49,49,28,75,40,30,7,7,0,0],"gold":59,"neow_bonus":"THREE_ENEMY_KILL","is_daily":false,"chose_seed":false,"campfire_upgraded":3,"win_rate":0.0,"timestamp":1614438337,"path_taken":["M","?","?","M","$","R","E","?","T","M","R","M","M","M","R","BOSS","M","M","M","$","M"],"items_purchased_type":["Relic"],"build_version":"2020-12-22","purchased_purges":2,"victory":false,"max_hp_per_floor":[75,75,75,75,75,75,75,75,75,75,75,75,75,75,75,75,75,75,75,75,75,75,75],"card_choices":[{"not_picked":["Turbo","Rebound"],"picked":"Chill","floor":1},{"not_picked":["Double Energy","Coolheaded"],"picked":"FTL","floor":4},{"not_picked":["Loop","Darkness"],"picked":"Storm","floor":7},{"not_picked":["Hologram","Capacitor"],"picked":"Streamline","floor":8},{"not_picked":["Cold Snap","Darkness"],"picked":"Barrage","floor":10},{"not_picked":["Echo Form","Glacier"],"picked":"Beam Cell","floor":12},{"not_picked":["Cold Snap","Turbo"],"picked":"Hologram","floor":13},{"not_picked":["Gash","Scrape"],"picked":"Tempest","floor":14},{"not_picked":["Multi-Cast","Hyperbeam"],"picked":"Echo Form","floor":16},{"not_picked":["Beam Cell+1","Gash"],"picked":"Compile Driver","floor":18},{"not_picked":["Barrage+1","Gash"],"picked":"Multi-Cast","floor":19},{"not_picked":["Auto Shields","Glacier"],"picked":"Gash","floor":20}],"player_experience":150043,"relics_obtained":[{"floor":7,"key":"Oddly Smooth Stone"},{"floor":9,"key":"Sundial"}],"event_choices":[{"cards_removed":["Strike_B"],"damage_healed":0,"gold_gain":0,"player_choice":"Card Removal","damage_taken":7,"max_hp_gain":0,"max_hp_loss":0,"event_name":"Golden Wing","floor":2,"gold_loss":0},{"cards_removed":["Chill"],"damage_healed":0,"gold_gain":0,"player_choice":"Gave Card","damage_taken":0,"relics_obtained":["Ginger"],"max_hp_gain":0,"max_hp_loss":0,"event_name":"WeMeetAgain","floor":3,"gold_loss":0}],"is_beta":false,"boss_relics":[{"not_picked":["FrozenCore","Coffee Dripper"],"picked":"Cursed Key"}],"items_purged_floors":[5,21],"is_endless":false,"potions_floor_spawned":[4,12,13,16,18,19],"killed_by":"Chosen and Byrds","ascension_level":0}}