{"host":"htqwg582tjjtn9p7","time":1614456738,"event":{"mods":["2.2 Compatiblity","AchievementEnabler","Act Like it!","Aspiration","BaseMod","Better Third Choice","Colored Map","Conspire","Curses Come First","Displayed Cursed Tome","Energized Spire","Force Act Four","Fox Events","GifTheSpireLib","Hermit","Highlight Path","JesterMod","Mad Scientist","Minty Spire (QoL Compilation)","Pale of the Ancients","Permanent Neow","Random Character Button","Relic Stats","Reliquary","Replay The Spire","Robot Space Explorer","Ruina","Somnambulant","Spicy Shops","Spikes Relics","StSLib","Stuff the Spire","The Blue Laboratory","The Bug Knight","The Forsaken","The Gatherer","The Judge","The Jungle","The Marked","The Runesmith","The Servant 0.9.4","Uncapped"],"gold_per_floor":[113,130,130,4,4,4,32,43,67,112,146,164,164,6,6,84,84,103,103,83,94,104,104,138,138,165,165,181,181,181,131,131,131,131],"floor_reached":33,"language":"ENG","playtime":1457,"items_purged":[],"score":478,"play_id":"213ce58f-cc5d-4f40-8278-8f23167e8975","local_time":"20210227211218","is_ascension_mode":true,"campfire_choices":[{"floor":6,"key":"REST"},{"floor":13,"key":"REST"},{"floor":15,"key":"REST"},{"floor":23,"key":"REST"},{"floor":27,"key":"REST"},{"floor":30,"key":"REST"},{"floor":32,"key":"DIG"}],"circlet_count":0,"master_deck":["AscendersBane","Strike_G+1","Strike_G+1","Strike_G+1","Strike_G+1","Defend_G+1","Defend_G+1","Defend_G+1","Defend_G+1","Defend_G+1","Survivor+1","Neutralize+1","Caltrops","Dagger Throw","Predator+1","StuffTheSpire:DoubleShiv","Crippling Poison","Dodge and Roll","conspire:Banana","Well Laid Plans","Replay:Bag of Tricks","Clumsy","CloudedMind","Dagger Spray","After Image","Blade Dance","Dagger Throw+1","Backflip"],"relics":["Philosopher\u0027s Stone","StuffTheSpire:WitherSkull","reliquary:PorcupineQuills","StuffTheSpire:Gunfinga","reliquary:SharkskinSheath","Replay:Ancient Bell","Blood Vial","Pear","Vampiric Spirits","Replay:Multitool","aspiration:ChemicalBlood","Thread and Needle"],"acts_visited":["Exordium","TheCity"],"potions_floor_usage":[7,11,18,21,24,25,33,33],"damage_taken":[{"damage":7,"enemies":"2 Louse","floor":1,"turns":3},{"damage":3,"enemies":"Jaw Worm","floor":2,"turns":4},{"damage":20,"enemies":"3 Sentries","floor":7,"turns":7},{"damage":0,"enemies":"Cultist","floor":8,"turns":3},{"damage":17,"enemies":"Lagavulin","floor":11,"turns":4},{"damage":0,"enemies":"Large Slime","floor":12,"turns":4},{"damage":36,"enemies":"The Guardian","floor":16,"turns":12},{"damage":37,"enemies":"3 Byrds","floor":18,"turns":4},{"damage":0,"enemies":"conspire:FuzzyDice","floor":21,"turns":6},{"damage":27,"enemies":"Sentry and Sphere","floor":22,"turns":6},{"damage":17,"enemies":"conspire:Head Lice","floor":24,"turns":7},{"damage":0,"enemies":"Snake Plant","floor":25,"turns":1},{"damage":12,"enemies":"Cultist and Chosen","floor":28,"turns":8},{"damage":89,"enemies":"Champ","floor":33,"turns":13}],"seed_played":"-7144571674437713694","potions_obtained":[{"floor":1,"key":"blueLaboratory:FruitPunch"},{"floor":7,"key":"blueLaboratory:BottledHope"},{"floor":12,"key":"blueLaboratory:Virophage"},{"floor":18,"key":"blueLaboratory:EmptyBottle"},{"floor":20,"key":"SmokeBomb"},{"floor":22,"key":"Strength Potion"},{"floor":28,"key":"Ancient Potion"},{"floor":33,"key":"ColorlessPotion"}],"is_trial":false,"path_per_floor":["M","M","?","$","?","R","E","M","T","T","E","M","R","$","R","B",null,"M","?","?","M","M","R","E","M","T","R","M","?","R","?","R","B"],"character_chosen":"THE_SILENT","items_purchased":["Predator+1","StuffTheSpire:DoubleShiv","conspire:Banana","Well Laid Plans"],"campfire_rested":6,"item_purchase_floors":[4,4,14,14],"current_hp_per_floor":[52,49,29,29,29,48,30,30,30,30,13,13,33,33,53,18,66,32,32,32,38,17,41,30,32,32,56,52,52,76,76,76,0,0],"gold":131,"neow_bonus":"BOSS_RELIC","is_daily":false,"chose_seed":false,"campfire_upgraded":0,"win_rate":0.0,"timestamp":1614456738,"path_taken":["M","M","?","$","?","R","E","?","T","?","E","M","R","$","R","BOSS","M","?","?","M","M","R","E","?","T","R","M","?","R","?","R","BOSS"],"items_purchased_type":["Card","Card","Card","Card"],"build_version":"2020-12-22","purchased_purges":0,"victory":false,"max_hp_per_floor":[66,66,66,66,66,66,68,68,68,68,68,68,68,68,68,69,79,80,80,80,80,81,81,82,82,82,82,83,83,83,83,83,84,84],"relic_stats":{"Blood Vial":14,"counters":[14,82],"obtain_stats":[{"StuffTheSpire:WitherSkull":7,"Pear":17,"Vampiric Spirits":17,"Thread and Needle":32,"Replay:Ancient Bell":17,"Replay:Multitool":24,"Blood Vial":17,"StuffTheSpire:Gunfinga":10,"reliquary:PorcupineQuills":9,"Philosopher\u0027s Stone":0,"Ring of the Snake":0,"reliquary:SharkskinSheath":11,"aspiration:ChemicalBlood":26},{"StuffTheSpire:WitherSkull":3,"Pear":7,"Vampiric Spirits":7,"Thread and Needle":13,"Replay:Ancient Bell":7,"Replay:Multitool":11,"Blood Vial":7,"StuffTheSpire:Gunfinga":4,"reliquary:PorcupineQuills":4,"Philosopher\u0027s Stone":0,"Ring of the Snake":0,"reliquary:SharkskinSheath":5,"aspiration:ChemicalBlood":12},{"StuffTheSpire:WitherSkull":14,"Pear":37,"Vampiric Spirits":37,"Thread and Needle":69,"Replay:Ancient Bell":37,"Replay:Multitool":60,"Blood Vial":37,"StuffTheSpire:Gunfinga":17,"reliquary:PorcupineQuills":17,"Philosopher\u0027s Stone":0,"Ring of the Snake":0,"reliquary:SharkskinSheath":21,"aspiration:ChemicalBlood":61}]},"card_choices":[{"not_picked":["StuffTheSpire:Injection","Dagger Throw"],"picked":"Caltrops","floor":1},{"not_picked":["StuffTheSpire:Fury","Bane"],"picked":"Dagger Throw","floor":2},{"not_picked":["StuffTheSpire:BumpUp","Hidden Blade"],"picked":"Crippling Poison","floor":7},{"not_picked":["StuffTheSpire:Python","ShadowRift","Skewer"],"picked":"SKIP","floor":8},{"not_picked":["Flying Knee","Dagger Spray","Heel Hook"],"picked":"SKIP","floor":11},{"not_picked":["Acrobatics","Sucker Punch"],"picked":"Dodge and Roll","floor":12},{"not_picked":["Wraith Form v2","Atom Bomb"],"picked":"Replay:Bag of Tricks","floor":16},{"not_picked":["CloudedMind","TheSerpent"],"picked":"Clumsy","floor":17},{"not_picked":["theForsaken:PlagueCurse","Languid"],"picked":"CloudedMind","floor":17},{"not_picked":["Injury","Delirium"],"picked":"StuffTheSpire:WarCurse","floor":17},{"not_picked":["Sucker Punch","Bane"],"picked":"Dagger Spray","floor":18},{"not_picked":["Dagger Spray","Quick Slash"],"picked":"After Image","floor":21},{"not_picked":["Cloak And Dagger","Sucker Punch"],"picked":"Blade Dance","floor":22},{"not_picked":["Choke+1","PiercingWail"],"picked":"Dagger Throw","floor":24},{"not_picked":["Choke","Terror"],"picked":"Backflip","floor":28}],"player_experience":2088620,"relics_obtained":[{"floor":7,"key":"StuffTheSpire:WitherSkull"},{"floor":9,"key":"reliquary:PorcupineQuills"},{"floor":10,"key":"StuffTheSpire:Gunfinga"},{"floor":11,"key":"reliquary:SharkskinSheath"},{"floor":24,"key":"Replay:Multitool"},{"floor":26,"key":"aspiration:ChemicalBlood"},{"floor":32,"key":"Thread and Needle"}],"event_choices":[{"damage_healed":49,"gold_gain":0,"player_choice":"Upgrade","damage_taken":20,"max_hp_gain":0,"max_hp_loss":66,"event_name":"betterThird:BetterShining","floor":3,"gold_loss":0,"cards_upgraded":["Defend_G","Neutralize"]},{"damage_healed":0,"gold_gain":0,"player_choice":"Bought 1 Potion","damage_taken":0,"max_hp_gain":0,"max_hp_loss":0,"event_name":"The Woman in Blue","floor":20,"gold_loss":0},{"damage_healed":0,"gold_gain":0,"player_choice":"Simplicity","damage_taken":0,"max_hp_gain":0,"max_hp_loss":8,"event_name":"betterThird:BetterWriting","floor":29,"gold_loss":0},{"damage_healed":0,"gold_gain":0,"player_choice":"Upgraded Two","damage_taken":0,"max_hp_gain":0,"max_hp_loss":0,"event_name":"Designer","floor":31,"gold_loss":50,"cards_upgraded":["Survivor","Dagger Throw"]}],"is_beta":false,"boss_relics":[{"not_picked":["conspire:SlowCooker","reliquary:WritOfMandamus"],"picked":"Replay:Ancient Bell"},{"not_picked":["Art of War","reliquary:RoseTintedGlasses"],"picked":"Blood Vial"},{"not_picked":["reliquary:JackalopeAntler","conspire:DecoderRing"],"picked":"Pear"},{"not_picked":["Replay:Towering Pillar of Hats","Ice Cream"],"picked":"Vampiric Spirits"}],"items_purged_floors":[],"is_endless":false,"potions_floor_spawned":[1,7,12,18,22,28],"killed_by":"Champ","ascension_level":15}}