{"host":"d0btaf6p0msba79e","time":1614445290,"event":{"mods":["BaseMod","BetterRewards","Minty Spire (QoL Compilation)"],"gold_per_floor":[116,128,140,215,215,215,215,239,286,286,297,322,322,360,372,458,470,497,519,531,543,609,655,667,690,702,742,769,237,262,301,301,377,377,391,391,405,436,60,60,85,98,98,113,144,144,154,171,171,171,171],"floor_reached":50,"language":"ENG","playtime":2683,"items_purged":["Defend_P","Defend_P"],"score":1625,"play_id":"45a7c316-de2b-4fc2-b375-c1579334eed9","local_time":"20210228040130","is_ascension_mode":true,"campfire_choices":[{"floor":6.0,"key":"REST"},{"floor":10.0,"key":"DIG"},{"floor":13.0,"key":"DIG"},{"floor":15.0,"key":"REST"},{"floor":24,"key":"DIG"},{"floor":32,"key":"DIG"},{"floor":40,"key":"DIG"},{"floor":49,"key":"DIG"}],"circlet_count":0,"master_deck":["AscendersBane","Strike_P","Strike_P","Strike_P","Strike_P","Defend_P+1","Eruption+1","Vigilance","ThirdEye","BowlingBash","Protect","SandsOfTime","Tantrum","Vault+1","Ghostly+1","Ghostly","Ghostly","Ghostly","Ghostly","HandOfGreed","Perseverance","Establishment","Conclude+1","CarveReality+1","CutThroughFate+1"],"relics":["PureWater","Medical Kit","Tiny Chest","Meat on the Bone","Peace Pipe","ClockworkSouvenir","Shovel","FossilizedHelix","Regal Pillow","Akabeko","Mummified Hand","TeardropLocket","MawBank","White Beast Statue","Busted Crown","Strawberry","Ancient Tea Set","Bottled Flame","InkBottle","HornCleat","Molten Egg 2","PreservedInsect","Philosopher\u0027s Stone","War Paint","Sling","Letter Opener","Dream Catcher","Question Card","Mercury Hourglass","Darkstone Periapt","Bronze Scales"],"acts_visited":["Exordium","TheCity","TheBeyond"],"potions_floor_usage":[16,16,19,23,33,33,36,38,41,45],"damage_taken":[{"damage":0.0,"enemies":"Jaw Worm","floor":1.0,"turns":3.0},{"damage":0.0,"enemies":"2 Louse","floor":2.0,"turns":2.0},{"damage":0.0,"enemies":"Cultist","floor":3.0,"turns":2.0},{"damage":0.0,"enemies":"Exordium Wildlife","floor":11.0,"turns":2.0},{"damage":0.0,"enemies":"Gremlin Nob","floor":12.0,"turns":3.0},{"damage":0.0,"enemies":"3 Sentries","floor":14.0,"turns":3.0},{"damage":18,"enemies":"Hexaghost","floor":16,"turns":7},{"damage":3,"enemies":"2 Thieves","floor":18,"turns":4},{"damage":0,"enemies":"Chosen","floor":19,"turns":4},{"damage":0,"enemies":"Gremlin Leader","floor":23,"turns":6},{"damage":1,"enemies":"Centurion and Healer","floor":25,"turns":6},{"damage":0,"enemies":"Slavers","floor":27,"turns":5},{"damage":0,"enemies":"Snake Plant","floor":28,"turns":5},{"damage":0,"enemies":"Gremlin Leader","floor":30,"turns":5},{"damage":0,"enemies":"Snecko","floor":31,"turns":3},{"damage":35,"enemies":"Automaton","floor":33,"turns":8},{"damage":0,"enemies":"Orb Walker","floor":35,"turns":3},{"damage":0,"enemies":"3 Shapes","floor":37,"turns":3},{"damage":0,"enemies":"Jaw Worm Horde","floor":38,"turns":3},{"damage":0,"enemies":"Giant Head","floor":41,"turns":5},{"damage":0,"enemies":"3 Darklings","floor":42,"turns":5},{"damage":2,"enemies":"Maw","floor":44,"turns":6},{"damage":0,"enemies":"Nemesis","floor":45,"turns":3},{"damage":1,"enemies":"Transient","floor":47,"turns":6},{"damage":5,"enemies":"Writhing Mass","floor":48,"turns":4},{"damage":44,"enemies":"Time Eater","floor":50,"turns":7}],"seed_played":"-2287572509500317602","potions_obtained":[{"floor":1.0,"key":"EssenceOfSteel"},{"floor":11.0,"key":"CultistPotion"},{"floor":16,"key":"Weak Potion"},{"floor":18,"key":"ColorlessPotion"},{"floor":19,"key":"SkillPotion"},{"floor":23,"key":"Fire Potion"},{"floor":25,"key":"AttackPotion"},{"floor":31,"key":"SteroidPotion"},{"floor":33,"key":"Explosive Potion"},{"floor":35,"key":"GamblersBrew"},{"floor":36,"key":"Fruit Juice"},{"floor":36,"key":"SteroidPotion"},{"floor":38,"key":"AttackPotion"},{"floor":41,"key":"DuplicationPotion"},{"floor":45,"key":"Strength Potion"},{"floor":47,"key":"Ancient Potion"}],"is_trial":false,"path_per_floor":["M","M","M","?","?","R","?","T","T","R","M","E","R","E","R","B",null,"M","M","?","?","T","E","R","M","T","E","M","$","E","M","R","B",null,"M","?","M","M","$","R","E","M","T","M","E","T","M","M","R","B"],"character_chosen":"WATCHER","items_purchased":["Medical Kit","Tiny Chest","Meat on the Bone","ClockworkSouvenir","Shovel","ThirdEye","HornCleat","HandOfGreed","CarveReality+1","War Paint","Sling"],"campfire_rested":2,"item_purchase_floors":[0,0,0,0,0,0,29,29,39,39,39],"current_hp_per_floor":[31,43,43,32,18,38,38,38,38,38,38,38,38,38,68,50,64,61,61,34,34,34,41,41,40,40,40,40,40,40,40,40,17,35,35,40,40,40,40,40,40,40,40,38,38,38,37,32,32,0,0],"gold":171,"neow_bonus":"","is_daily":false,"chose_seed":false,"campfire_upgraded":0,"win_rate":0.0,"timestamp":1614445290,"path_taken":["M","M","M","?","?","R","?","?","T","R","M","E","R","E","R","BOSS","M","?","?","?","?","E","R","M","T","E","M","$","E","M","R","BOSS","M","?","M","M","?","R","E","M","T","?","E","?","M","?","R","BOSS"],"items_purchased_type":["Relic","Relic","Relic","Relic","Relic","Card","Relic","Card","Card","Relic","Relic"],"build_version":"2020-12-22","purchased_purges":2,"victory":false,"max_hp_per_floor":[68,68,68,68,68,68,68,68,68,68,68,68,68,68,68,68,68,68,68,34,34,34,41,41,41,41,41,41,41,41,41,41,41,41,41,46,46,46,46,46,46,46,46,46,46,46,46,46,46,46,46],"card_choices":[{"not_picked":["FlyingSleeves","Protect"],"picked":"BowlingBash","floor":1.0},{"not_picked":["EmptyFist","Conclude"],"picked":"Protect","floor":2.0},{"not_picked":["Weave","Protect","Indignation"],"picked":"SKIP","floor":3.0},{"not_picked":["Worship","Prostrate"],"picked":"SandsOfTime","floor":11.0},{"not_picked":["SignatureMove","Evaluate"],"picked":"Tantrum","floor":12.0},{"not_picked":["ClearTheMind","Protect","Evaluate"],"picked":"SKIP","floor":14.0},{"not_picked":["Establishment","Wish"],"picked":"Vault","floor":16},{"not_picked":["SandsOfTime"],"picked":"SKIP","floor":18},{"not_picked":["Nirvana"],"picked":"SKIP","floor":19},{"not_picked":["Protect"],"picked":"SKIP","floor":23},{"not_picked":["FlyingSleeves"],"picked":"SKIP","floor":25},{"not_picked":["Prostrate"],"picked":"SKIP","floor":27},{"not_picked":["ThirdEye"],"picked":"SKIP","floor":28},{"not_picked":["Halt"],"picked":"SKIP","floor":30},{"not_picked":[],"picked":"Perseverance","floor":31},{"not_picked":[],"picked":"Establishment","floor":33},{"not_picked":["ClearTheMind"],"picked":"SKIP","floor":35},{"not_picked":[],"picked":"Conclude+1","floor":37},{"not_picked":["CrushJoints+1"],"picked":"SKIP","floor":38},{"not_picked":["Indignation"],"picked":"SKIP","floor":41},{"not_picked":["JustLucky+1"],"picked":"SKIP","floor":42},{"not_picked":["Tantrum+1","DeceiveReality+1"],"picked":"SKIP","floor":44},{"not_picked":["Pray","JustLucky+1"],"picked":"SKIP","floor":45},{"not_picked":["FlyingSleeves+1"],"picked":"CutThroughFate+1","floor":47},{"not_picked":["Nirvana","Fasting2"],"picked":"SKIP","floor":48}],"player_experience":1125769,"relics_obtained":[{"floor":8.0,"key":"Regal Pillow"},{"floor":9.0,"key":"Akabeko"},{"floor":10.0,"key":"Mummified Hand"},{"floor":12.0,"key":"TeardropLocket"},{"floor":13.0,"key":"MawBank"},{"floor":14.0,"key":"White Beast Statue"},{"floor":23,"key":"Strawberry"},{"floor":24,"key":"Ancient Tea Set"},{"floor":26,"key":"Bottled Flame"},{"floor":27,"key":"InkBottle"},{"floor":30,"key":"Molten Egg 2"},{"floor":32,"key":"PreservedInsect"},{"floor":40,"key":"Letter Opener"},{"floor":41,"key":"Dream Catcher"},{"floor":43,"key":"Question Card"},{"floor":45,"key":"Mercury Hourglass"},{"floor":46,"key":"Darkstone Periapt"},{"floor":49,"key":"Bronze Scales"}],"event_choices":[{"damage_healed":0.0,"max_hp_gain":0.0,"max_hp_loss":0.0,"gold_gain":75.0,"event_name":"World of Goop","player_choice":"Gather Gold","floor":4.0,"gold_loss":0.0,"damage_taken":11.0},{"damage_healed":0.0,"max_hp_gain":0.0,"max_hp_loss":0.0,"gold_gain":0.0,"event_name":"Shining Light","player_choice":"Entered Light","floor":5.0,"gold_loss":0.0,"damage_taken":14.0,"cards_upgraded":["Defend_P","Eruption"]},{"damage_healed":0.0,"max_hp_gain":0.0,"max_hp_loss":0.0,"gold_gain":0.0,"event_name":"Liars Game","player_choice":"Ignored","floor":7.0,"gold_loss":0.0,"damage_taken":0.0},{"damage_healed":0,"gold_gain":0,"player_choice":"Became a Ghost","damage_taken":0,"max_hp_gain":0,"max_hp_loss":34,"event_name":"Ghosts","floor":20,"gold_loss":0,"cards_obtained":["Ghostly","Ghostly","Ghostly","Ghostly","Ghostly"]},{"cards_removed":["Defend_P"],"damage_healed":0,"gold_gain":0,"player_choice":"Offered Basic","damage_taken":0,"max_hp_gain":0,"max_hp_loss":0,"event_name":"Bonfire Elementals","floor":21,"gold_loss":0},{"damage_healed":0,"gold_gain":0,"player_choice":"Got Potions","damage_taken":0,"max_hp_gain":0,"max_hp_loss":0,"event_name":"Lab","floor":36,"gold_loss":0}],"is_beta":false,"boss_relics":[{"not_picked":["Velvet Choker","Coffee Dripper"],"picked":"Busted Crown"},{"not_picked":["Snecko Eye","Runic Pyramid"],"picked":"Philosopher\u0027s Stone"}],"items_purged_floors":[0,29],"is_endless":false,"potions_floor_spawned":[1,11,14,16,18,19,23,25,27,28,30,31,33,35,37,38,41,42,44,45,47,48],"killed_by":"Time Eater","ascension_level":14}}