{"host":"6nqy62k7v1jh46lb","time":1614460165,"event":{"mods":["AchievementEnabler","BaseMod","Bestiary","Block Reminder","Colored Powertips","Highlight Path","Minty Spire (QoL Compilation)","Relic Stats"],"gold_per_floor":[114,130,130,142,142,175,186,199,199,199,218,218,218,218,218,322,322,341,341,351,351,367,367,380,380,380,406,406,421,421,434,434,535,535,550,4,4,4,24,24,43,43,70,104,1,17,17,29,29,29],"floor_reached":51,"language":"ENG","playtime":5714,"items_purged":["Strike_G"],"score":766,"play_id":"56ee9587-d16d-41b9-ad78-0961d4b53deb","local_time":"20210227220925","is_ascension_mode":true,"campfire_choices":[{"floor":10.0,"key":"REST"},{"floor":12.0,"key":"REST"},{"floor":15.0,"key":"REST"},{"floor":23,"key":"REST"},{"floor":25,"key":"REST"},{"floor":28,"key":"REST"},{"data":"1","floor":30,"key":"LIFT"},{"floor":32,"key":"REST"},{"data":"2","floor":40,"key":"LIFT"},{"floor":42,"key":"REST"},{"data":"3","floor":47,"key":"LIFT"},{"floor":49,"key":"REST"}],"circlet_count":0,"master_deck":["Strike_G","Strike_G","Defend_G","Defend_G","Defend_G","Defend_G","Survivor","Neutralize","Noxious Fumes","Backflip","Expertise","Blade Dance","Poisoned Stab","Quick Slash","Doppelganger","Dagger Spray","Decay","Blade Dance","Eviscerate","Backflip+1","Prepared","Acrobatics","Unload","Skewer+1","Apotheosis","Escape Plan","Infinite Blades","Caltrops","Cloak And Dagger","Blade Dance"],"relics":["Busted Crown","Matryoshka","Gremlin Horn","The Courier","Girya","Blue Candle","Shuriken","HoveringKite","Sundial","Nunchaku","WristBlade","Membership Card","Bottled Lightning","Pantograph","Juzu Bracelet","Mango","Ornamental Fan"],"acts_visited":["Exordium","TheCity","TheBeyond"],"potions_floor_usage":[22,27,33,35,44,48],"damage_taken":[{"damage":5.0,"enemies":"Small Slimes","floor":1.0,"turns":6.0},{"damage":0.0,"enemies":"2 Louse","floor":2.0,"turns":3.0},{"damage":0.0,"enemies":"Jaw Worm","floor":4.0,"turns":5.0},{"damage":26.0,"enemies":"3 Sentries","floor":6.0,"turns":11.0},{"damage":10.0,"enemies":"Gremlin Gang","floor":7.0,"turns":5.0},{"damage":0.0,"enemies":"Blue Slaver","floor":8.0,"turns":6.0},{"damage":12.0,"enemies":"3 Louse","floor":11.0,"turns":3.0},{"damage":12.0,"enemies":"Slime Boss","floor":16.0,"turns":7.0},{"damage":22.0,"enemies":"Spheric Guardian","floor":18.0,"turns":7.0},{"damage":17.0,"enemies":"2 Thieves","floor":20.0,"turns":4.0},{"damage":23,"enemies":"Snake Plant","floor":22,"turns":4},{"damage":3,"enemies":"3 Cultists","floor":24,"turns":4},{"damage":5,"enemies":"Gremlin Leader","floor":27,"turns":5},{"damage":20,"enemies":"Cultist and Chosen","floor":29,"turns":8},{"damage":14,"enemies":"Snecko","floor":31,"turns":4},{"damage":34,"enemies":"Automaton","floor":33,"turns":8},{"damage":8,"enemies":"3 Darklings","floor":35,"turns":4},{"damage":5,"enemies":"Orb Walker","floor":39,"turns":3},{"damage":16,"enemies":"Maw","floor":41,"turns":6},{"damage":1,"enemies":"Reptomancer","floor":44,"turns":3},{"damage":25,"enemies":"Jaw Worm Horde","floor":46,"turns":3},{"damage":18,"enemies":"Transient","floor":48,"turns":5},{"damage":27,"enemies":"Donu and Deca","floor":50,"turns":4}],"seed_played":"7073935010080501919","potions_obtained":[{"floor":1.0,"key":"DuplicationPotion"},{"floor":7.0,"key":"Fruit Juice"},{"floor":18.0,"key":"LiquidBronze"},{"floor":22,"key":"Explosive Potion"},{"floor":24,"key":"SpeedPotion"},{"floor":29,"key":"Fire Potion"},{"floor":46,"key":"GamblersBrew"},{"floor":48,"key":"Dexterity Potion"}],"is_trial":false,"path_per_floor":["M","M","?","M","?","E","M","M","T","R","M","R","?","T","R","B",null,"M","?","M","?","M","R","M","R","T","E","R","M","R","M","R","B",null,"M","$","?","?","M","R","M","R","T","E","$","M","R","M","R","B",null],"character_chosen":"THE_SILENT","items_purchased":["Membership Card","Apotheosis","Bottled Lightning","Escape Plan","Pantograph","Infinite Blades","Caltrops","Cloak And Dagger","Ornamental Fan"],"campfire_rested":9,"item_purchase_floors":[36,36,36,36,36,36,36,36,45],"current_hp_per_floor":[65,65,58,58,58,32,27,27,27,49,37,59,41,41,63,51,75,53,53,36,36,13,35,32,54,54,49,71,51,51,37,59,25,75,67,67,67,67,62,62,46,68,68,81,81,56,56,38,64,62],"gold":29,"neow_bonus":"BOSS_RELIC","is_daily":false,"chose_seed":false,"campfire_upgraded":0,"win_rate":0.0,"timestamp":1614460165,"path_taken":["M","M","?","M","?","E","?","?","T","R","M","R","?","?","R","BOSS","M","?","M","?","M","R","M","R","T","E","R","M","R","M","R","BOSS","M","$","?","?","M","R","?","R","T","E","$","M","R","M","R","BOSS"],"items_purchased_type":["Relic","Card","Relic","Card","Relic","Card","Card","Card","Relic"],"build_version":"2020-12-22","purchased_purges":1,"victory":true,"max_hp_per_floor":[70,70,70,70,70,70,75,75,75,75,75,75,75,75,75,75,75,75,75,75,75,75,75,75,75,75,75,75,75,75,75,75,75,75,75,75,75,75,75,75,75,75,75,89,89,89,89,89,89,89],"relic_stats":{"Nunchaku":[18],"Busted Crown":44,"Gremlin Horn":[25,25],"counters":[23,118],"Shuriken":[67],"Sundial":[6],"Ornamental Fan":[60],"Blue Candle":[13],"Pantograph":25,"HoveringKite":[31],"Juzu Bracelet":0,"obtain_stats":[{"Girya":13,"Gremlin Horn":9,"Blue Candle":14,"HoveringKite":17,"Mango":44,"The Courier":9,"Juzu Bracelet":43,"Nunchaku":27,"Busted Crown":0,"Matryoshka":6,"WristBlade":34,"Shuriken":14,"Sundial":26,"Ornamental Fan":45,"Pantograph":36,"Membership Card":36,"Bottled Lightning":36,"Ring of the Snake":0},{"Girya":7,"Gremlin Horn":6,"Blue Candle":7,"HoveringKite":8,"Mango":20,"The Courier":6,"Juzu Bracelet":19,"Nunchaku":13,"Busted Crown":0,"Matryoshka":4,"WristBlade":16,"Shuriken":7,"Sundial":12,"Ornamental Fan":20,"Pantograph":17,"Membership Card":17,"Bottled Lightning":17,"Ring of the Snake":0},{"Girya":39,"Gremlin Horn":36,"Blue Candle":39,"HoveringKite":46,"Mango":106,"The Courier":36,"Juzu Bracelet":103,"Nunchaku":70,"Busted Crown":0,"Matryoshka":25,"WristBlade":90,"Shuriken":39,"Sundial":65,"Ornamental Fan":106,"Pantograph":94,"Membership Card":94,"Bottled Lightning":94,"Ring of the Snake":0}]},"card_choices":[{"not_picked":[],"picked":"Noxious Fumes","floor":1.0},{"not_picked":[],"picked":"Backflip","floor":2.0},{"not_picked":[],"picked":"Expertise","floor":4.0},{"not_picked":["Flying Knee"],"picked":"SKIP","floor":6.0},{"not_picked":[],"picked":"Blade Dance","floor":7.0},{"not_picked":[],"picked":"Poisoned Stab","floor":8.0},{"not_picked":[],"picked":"Quick Slash","floor":11.0},{"not_picked":[],"picked":"Doppelganger","floor":16.0},{"not_picked":[],"picked":"Dagger Spray","floor":18.0},{"not_picked":[],"picked":"Blade Dance","floor":20.0},{"not_picked":[],"picked":"Eviscerate","floor":22},{"not_picked":["Tactician"],"picked":"SKIP","floor":24},{"not_picked":[],"picked":"Backflip+1","floor":27},{"not_picked":[],"picked":"Prepared","floor":29},{"not_picked":[],"picked":"Acrobatics","floor":31},{"not_picked":[],"picked":"Unload","floor":33},{"not_picked":[],"picked":"Skewer+1","floor":35},{"not_picked":["Heel Hook"],"picked":"SKIP","floor":39},{"not_picked":["Dagger Spray"],"picked":"SKIP","floor":41},{"not_picked":["Eviscerate"],"picked":"SKIP","floor":44},{"not_picked":[],"picked":"Blade Dance","floor":46},{"not_picked":["Dash+1"],"picked":"SKIP","floor":48}],"player_experience":262646,"relics_obtained":[{"floor":6.0,"key":"Matryoshka"},{"floor":9.0,"key":"Gremlin Horn"},{"floor":9.0,"key":"The Courier"},{"floor":14.0,"key":"Blue Candle"},{"floor":14.0,"key":"Shuriken"},{"floor":26,"key":"Sundial"},{"floor":27,"key":"Nunchaku"},{"floor":43,"key":"Juzu Bracelet"},{"floor":44,"key":"Mango"}],"event_choices":[{"cards_removed":["Strike_G"],"damage_healed":0.0,"max_hp_gain":0.0,"max_hp_loss":0.0,"gold_gain":0.0,"event_name":"Golden Wing","player_choice":"Card Removal","floor":3.0,"gold_loss":0.0,"damage_taken":7.0},{"damage_healed":0.0,"max_hp_gain":0.0,"max_hp_loss":0.0,"gold_gain":0.0,"event_name":"Shining Light","player_choice":"Ignored","floor":5.0,"gold_loss":0.0,"damage_taken":0.0},{"damage_healed":0.0,"max_hp_gain":0.0,"max_hp_loss":0.0,"gold_gain":0.0,"event_name":"Scrap Ooze","player_choice":"Success","floor":13.0,"gold_loss":0.0,"damage_taken":18.0,"relics_obtained":["Girya"]},{"damage_healed":0.0,"max_hp_gain":0.0,"max_hp_loss":0.0,"gold_gain":0.0,"event_name":"Forgotten Altar","player_choice":"Smashed Altar","floor":19.0,"gold_loss":0.0,"damage_taken":0.0,"cards_obtained":["Decay"]},{"damage_healed":0.0,"max_hp_gain":0.0,"max_hp_loss":0.0,"gold_gain":0.0,"event_name":"Ghosts","player_choice":"Ignored","floor":21.0,"gold_loss":0.0,"damage_taken":0.0},{"cards_removed":["Strike_G"],"damage_healed":0,"gold_gain":0,"player_choice":"Removed Attack","damage_taken":0,"max_hp_gain":0,"max_hp_loss":0,"event_name":"Falling","floor":37,"gold_loss":0},{"cards_removed":["Defend_G"],"damage_healed":0,"gold_gain":0,"player_choice":"Purged","damage_taken":0,"max_hp_gain":0,"max_hp_loss":0,"event_name":"Purifier","floor":38,"gold_loss":0}],"is_beta":false,"boss_relics":[{"not_picked":["Philosopher\u0027s Stone","Snecko Eye"],"picked":"HoveringKite"},{"not_picked":["Coffee Dripper","Fusion Hammer"],"picked":"WristBlade"}],"items_purged_floors":[36],"is_endless":false,"potions_floor_spawned":[1,7,18,22,24,29,46,48],"ascension_level":2}}