{"host":"pfkd6wr1s0kscfwd","time":1614391321,"event":{"mods":["AchievementEnabler","BaseMod","Colored Map","Colored Powertips","Downfall","Hermit","Minty Spire (QoL Compilation)","StSLib","The Jungle"],"gold_per_floor":[111,111,129,146,321,321,356,356,429,27,27,43,75,75,75,171,171,191,191,191,209,209,209,234,245,245,14,14,14],"floor_reached":28,"language":"ENG","playtime":1396,"items_purged":["Doubt"],"score":281,"play_id":"99c54158-05df-4c03-b513-651ebbb16b4f","local_time":"20210227030201","is_ascension_mode":true,"campfire_choices":[{"floor":6.0,"key":"REST"},{"floor":8.0,"key":"REST"},{"floor":11.0,"key":"REST"},{"floor":15.0,"key":"REST"},{"floor":23.0,"key":"REST"}],"circlet_count":0,"master_deck":["Strike_B","Strike_B","Strike_B","Strike_B","Defend_B","Defend_B+1","Defend_B","Defend_B+1","Zap","Dualcast","Turbo","Conserve Battery","Ball Lightning","Buffer","Hello World","Ball Lightning","Electrodynamics","Defragment","Leap","Creative AI+1","Genetic Algorithm+1"],"relics":["Cracked Core","War Paint","Anchor","Torii","Letter Opener","Cables","HandDrill","Toy Ornithopter","Lantern","Inserter","Frozen Egg 2","Bottled Lightning","Nunchaku"],"acts_visited":["Exordium","TheCity"],"potions_floor_usage":[28],"damage_taken":[{"damage":0.0,"enemies":"Jaw Worm","floor":1.0,"turns":3.0},{"damage":11.0,"enemies":"Cultist","floor":3.0,"turns":4.0},{"damage":0.0,"enemies":"2 Louse","floor":4.0,"turns":2.0},{"damage":52.0,"enemies":"Lagavulin","floor":7.0,"turns":7.0},{"damage":8.0,"enemies":"Exordium Wildlife","floor":12.0,"turns":4.0},{"damage":31.0,"enemies":"3 Sentries","floor":13.0,"turns":6.0},{"damage":1.0,"enemies":"Slime Boss","floor":16.0,"turns":8.0},{"damage":31.0,"enemies":"Chosen","floor":18.0,"turns":5.0},{"damage":13.0,"enemies":"2 Thieves","floor":21.0,"turns":4.0},{"damage":39.0,"enemies":"Gremlin Leader","floor":24.0,"turns":6.0},{"damage":19.0,"enemies":"Shelled Parasite and Fungi","floor":25.0,"turns":6.0},{"damage":16,"enemies":"Snake Plant","floor":28,"turns":3}],"seed_played":"-3733233354293358364","potions_obtained":[{"floor":1.0,"key":"BlessingOfTheForge"},{"floor":7.0,"key":"GamblersBrew"},{"floor":16.0,"key":"Swift Potion"},{"floor":25.0,"key":"DuplicationPotion"}],"is_trial":false,"path_per_floor":["M","?","M","M","?","R","E","R","T","$","R","M","E","T","R","B",null,"M","?","?","M","$","R","E","M","T","$","M"],"character_chosen":"DEFECT","items_purchased":["Cables","HandDrill","Nunchaku"],"campfire_rested":5,"item_purchase_floors":[10,10,27],"current_hp_per_floor":[75,50,39,39,39,61,9,31,31,31,53,45,14,14,36,35,75,44,44,44,31,31,53,24,10,10,10,0,0],"gold":14,"neow_bonus":"RANDOM_COMMON_RELIC","is_daily":false,"chose_seed":false,"campfire_upgraded":0,"win_rate":0.0,"timestamp":1614391321,"path_taken":["M","?","M","M","?","R","E","R","T","?","R","M","E","?","R","BOSS","M","?","?","M","?","R","E","M","T","$","M"],"items_purchased_type":["Relic","Relic","Relic"],"build_version":"2020-12-22","purchased_purges":1,"victory":false,"max_hp_per_floor":[75,75,75,75,75,75,75,75,75,75,75,75,75,75,75,75,75,75,75,75,75,75,75,75,75,75,75,75,75],"card_choices":[{"not_picked":["Skim","Compile Driver"],"picked":"Turbo","floor":1.0},{"not_picked":["Go for the Eyes","Lockon"],"picked":"Conserve Battery","floor":3.0},{"not_picked":["Compile Driver","Conserve Battery"],"picked":"Ball Lightning","floor":4.0},{"not_picked":["Rebound","Barrage"],"picked":"Buffer","floor":7.0},{"not_picked":["Gash","Coolheaded"],"picked":"Hello World","floor":12.0},{"not_picked":["Barrage","FTL"],"picked":"Ball Lightning","floor":13.0},{"not_picked":["Meteor Strike","Seek"],"picked":"Electrodynamics","floor":16.0},{"not_picked":["Beam Cell","Conserve Battery"],"picked":"Defragment","floor":18.0},{"not_picked":["Glacier+1","Steam"],"picked":"Leap","floor":21.0},{"not_picked":["Rebound","Beam Cell"],"picked":"Creative AI+1","floor":24.0},{"not_picked":["Steam Power+1","Sunder+1"],"picked":"Genetic Algorithm+1","floor":25.0}],"player_experience":133179,"relics_obtained":[{"floor":7.0,"key":"Torii"},{"floor":9.0,"key":"Letter Opener"},{"floor":13.0,"key":"Toy Ornithopter"},{"floor":14.0,"key":"Lantern"},{"floor":24.0,"key":"Frozen Egg 2"},{"floor":26.0,"key":"Bottled Lightning"}],"event_choices":[{"damage_healed":0.0,"max_hp_gain":0.0,"max_hp_loss":0.0,"gold_gain":0.0,"event_name":"Scrap Ooze","player_choice":"Success","floor":2.0,"gold_loss":0.0,"damage_taken":25.0,"relics_obtained":["Anchor"]},{"damage_healed":0.0,"max_hp_gain":0.0,"max_hp_loss":0.0,"gold_gain":175.0,"event_name":"Liars Game","player_choice":"AGREE","floor":5.0,"gold_loss":0.0,"damage_taken":0.0,"cards_obtained":["Doubt"]},{"damage_healed":0.0,"max_hp_gain":0.0,"max_hp_loss":0.0,"gold_gain":0.0,"event_name":"Cursed Tome","player_choice":"Ignored","floor":20.0,"gold_loss":0.0,"damage_taken":0.0}],"is_beta":false,"boss_relics":[{"not_picked":["Empty Cage","Philosopher\u0027s Stone"],"picked":"Inserter"}],"items_purged_floors":[27],"is_endless":false,"potions_floor_spawned":[1,7,16,18,25],"killed_by":"Snake Plant","ascension_level":3}}