{"host":"eketvm4dld8igxnv","time":1614416190,"event":{"mods":["BaseMod","Better Skull","Better Third Choice","Downfall","Googly Eyes","Minty Spire (QoL Compilation)","Replay The Spire","StSLib"],"gold_per_floor":[109,121,196,47,47,77,91,116,141,141,155,32,60,74,74,174,174,188,188,45,45,45,98,98,143,143,143,143,189,51,101,15,55,55,176,226,264,297,597,27,92,92,132,181,227,290,323,323,375,375,375,389,389,389,4,49,59,59],"floor_reached":57,"language":"ENG","playtime":7169,"items_purged":["ReplayTheSpireMod:Doomed","Defend_G","Amnesia"],"score":872,"play_id":"6615545f-232b-4a98-963a-c80c68a5f7db","local_time":"20210227035630","is_ascension_mode":true,"campfire_choices":[{"data":"ReplayTheSpireMod:Scrap Shanks","floor":10.0,"key":"SMITH"},{"floor":15.0,"key":"REST"},{"data":"Crow Ritual","floor":24.0,"key":"SMITH"},{"data":"Prepared","floor":34.0,"key":"SMITH"},{"data":"After Image","floor":42,"key":"SMITH"},{"data":"Adrenaline","floor":42,"key":"SMITH"},{"floor":48,"key":"REST"},{"floor":51,"key":"RECALL"},{"data":"Prepared","floor":54,"key":"SMITH"},{"data":"Well Laid Plans","floor":54,"key":"SMITH"}],"circlet_count":0,"master_deck":["Defend_G","Defend_G","Defend_G","Defend_G","Survivor","Neutralize","Dagger Throw","Prepared+1","Dagger Throw","Flying Knee","ReplayTheSpireMod:Scrap Shanks+1","Blur","ReplayTheSpireMod:Necrogeddon+1","Crow Ritual+1","Flash of Steel","Blade Dance","Acrobatics","After Image+1","Cloak And Dagger","Deflect","Purity","Accuracy","CurseOfTheBell","CurseOfTheBell","Adrenaline+1","Cloak And Dagger","Prepared+1","Expertise","ReplayTheSpireMod:Scrap Shanks","Backstab","Acrobatics","Reflex","Dagger Throw","Replay:Bag of Tricks","Backflip","Backflip","Well Laid Plans+1","Infinite Blades","Master of Strategy","Underhanded Strike","Acrobatics","Escape Plan","Accuracy","Hidden Blade","Deflect+1","Quick Slash+1","Backflip+1","Writhe","ReplayTheSpireMod:The Works"],"relics":["Ring of the Snake","NeowsBlessing","Toolbox","Strawberry","Akabeko","Pen Nib","ReplayTheSpireMod:ShopPack","Thread and Needle","Kintsugi","downfall:ExtraCursedBell","Replay:Bandana","Replay:Bottled Snecko","Mango","Bag of Marbles","Happy Flower","InkBottle","Dream Catcher","Tiny House","Replay:Arrowhead","Strange Spoon","Replay:Accelerometer","Potion Belt","Calipers","FossilizedHelix","Bronze Scales"],"acts_visited":["Exordium","TheCity","TheBeyond","TheEnding"],"potions_floor_usage":[41,41,49,52,57],"damage_taken":[{"damage":0.0,"enemies":"Jaw Worm","floor":1.0,"turns":1.0},{"damage":0.0,"enemies":"Cultist","floor":2.0,"turns":1.0},{"damage":0.0,"enemies":"3 Sentries","floor":6.0,"turns":1.0},{"damage":7.0,"enemies":"Small Slimes","floor":7.0,"turns":4.0},{"damage":13.0,"enemies":"Lagavulin","floor":8.0,"turns":5.0},{"damage":9.0,"enemies":"Exordium Thugs","floor":11.0,"turns":3.0},{"damage":14.0,"enemies":"3 Sentries","floor":13.0,"turns":5.0},{"damage":0.0,"enemies":"3 Louse","floor":14.0,"turns":2.0},{"damage":23.0,"enemies":"Hexaghost","floor":16.0,"turns":6.0},{"damage":13.0,"enemies":"2 Thieves","floor":18.0,"turns":3.0},{"damage":14.0,"enemies":"Gremlin Leader","floor":23.0,"turns":7.0},{"damage":17.0,"enemies":"Slavers","floor":25.0,"turns":5.0},{"damage":11.0,"enemies":"Gremlin Leader","floor":29.0,"turns":8.0},{"damage":7.0,"enemies":"Slavers","floor":31.0,"turns":5.0},{"damage":1.0,"enemies":"Shell Parasite","floor":33.0,"turns":4.0},{"damage":23.0,"enemies":"Champ","floor":35.0,"turns":8.0},{"damage":0.0,"enemies":"Orb Walker","floor":37.0,"turns":2.0},{"damage":3,"enemies":"3 Darklings","floor":41,"turns":3},{"damage":10,"enemies":"Transient","floor":43,"turns":5},{"damage":18,"enemies":"Nemesis","floor":44,"turns":5},{"damage":9,"enemies":"Reptomancer","floor":46,"turns":4},{"damage":28,"enemies":"4 Shapes","floor":47,"turns":5},{"damage":0,"enemies":"3 Darklings","floor":49,"turns":5},{"damage":18,"enemies":"Replay:Hell Engine","floor":52,"turns":9},{"damage":19,"enemies":"Shield and Spear","floor":56,"turns":6},{"damage":80,"enemies":"The Heart","floor":57,"turns":3}],"seed_played":"4538562499191145714","potions_obtained":[{"floor":1.0,"key":"hexamod:SoulburnPotion"},{"floor":5.0,"key":"AttackPotion"},{"floor":5.0,"key":"PowerPotion"},{"floor":13.0,"key":"Dexterity Potion"},{"floor":14.0,"key":"GamblersBrew"},{"floor":18.0,"key":"Dexterity Potion"},{"floor":25.0,"key":"Swift Potion"},{"floor":35.0,"key":"FearPotion"},{"floor":36.0,"key":"AttackPotion"},{"floor":43,"key":"FairyPotion"},{"floor":47,"key":"Swift Potion"},{"floor":49,"key":"Strength Potion"}],"is_trial":false,"path_per_floor":["M","M","?","$","?","E","M","E","T","R","M","$","E","M","R","B",null,"M","?","$","?","?","E","R","E","PTL","PTL","T","E","$","E","$","M","R","B",null,"M","?","?","$","M","R","M","E","T","E","M","R","M","?","R","B",null,"R","$","E","B"],"character_chosen":"THE_SILENT","items_purchased":["Toolbox","ReplayTheSpireMod:ShopPack","Accuracy","ReplayTheSpireMod:Scrap Shanks","Acrobatics","Reflex","Strange Spoon","Infinite Blades","Master of Strategy","Underhanded Strike","FossilizedHelix","DuplicationPotion"],"campfire_rested":2,"item_purchase_floors":[4,12,20,30,32,32,40,40,40,40,55,55],"current_hp_per_floor":[70,70,59,59,59,66,59,46,46,46,37,37,23,23,46,23,77,64,64,64,78,78,64,64,47,47,47,47,36,36,29,29,28,28,5,96,96,58,58,58,55,55,45,27,27,18,23,51,51,75,75,57,96,96,96,77,0,0],"gold":59,"neow_bonus":"THREE_ENEMY_KILL","is_daily":false,"chose_seed":false,"campfire_upgraded":7,"win_rate":0.0,"timestamp":1614416190,"path_taken":["M","M","?","$","?","E","M","E","T","R","?","$","E","M","R","BOSS","M","?","?","?","?","E","R","E","PTL","PTL","T","E","$","E","?","M","R","BOSS","M","?","?","$","M","R","M","E","T","E","?","R","M","?","R","BOSS","R","$","E","BOSS"],"items_purchased_type":["Relic","Relic","Card","Card","Card","Card","Relic","Card","Card","Card","Relic","Potion"],"build_version":"2020-12-22","purchased_purges":3,"victory":false,"max_hp_per_floor":[70,70,70,70,70,77,77,77,77,77,77,77,77,77,77,77,77,77,77,77,91,91,91,91,91,91,91,91,91,91,91,91,91,91,91,96,96,96,96,96,96,96,96,96,96,96,96,96,96,96,96,96,96,96,96,96,96,96],"card_choices":[{"not_picked":["Tactician","Slice"],"picked":"Dagger Throw","floor":1.0},{"not_picked":["Sucker Punch","Bouncing Flask"],"picked":"Prepared","floor":2.0},{"not_picked":["Cloak And Dagger","Poisoned Stab"],"picked":"Dagger Throw","floor":6.0},{"not_picked":["Sucker Punch","Deflect"],"picked":"Flying Knee","floor":7.0},{"not_picked":["Malaise","Dagger Throw"],"picked":"ReplayTheSpireMod:Scrap Shanks","floor":8.0},{"not_picked":["Dagger Spray","Deadly Poison"],"picked":"Blur","floor":11.0},{"not_picked":["Violence","Chrysalis"],"picked":"ReplayTheSpireMod:Necrogeddon","floor":12.0},{"not_picked":["PanicButton","Swift Strike"],"picked":"Crow Ritual","floor":12.0},{"not_picked":["Panacea","ReplayTheSpireMod:Trickstab"],"picked":"Flash of Steel","floor":12.0},{"not_picked":["Escape Plan","Replay:Poison Smokescreen"],"picked":"Blade Dance","floor":13.0},{"not_picked":["Deadly Poison","Blade Dance"],"picked":"Acrobatics","floor":14.0},{"not_picked":["Envenom","Night Terror"],"picked":"After Image","floor":16.0},{"not_picked":["PiercingWail","ReplayTheSpireMod:Exploit Weakness+1"],"picked":"Cloak And Dagger","floor":18.0},{"not_picked":["Expertise","Catalyst"],"picked":"Cloak And Dagger","floor":23.0},{"not_picked":["Terror","Poisoned Stab+1"],"picked":"Prepared","floor":25.0},{"not_picked":["Poisoned Stab+1","Unload"],"picked":"Expertise","floor":29.0},{"not_picked":["Riddle With Holes","ReplayTheSpireMod:Speed Training+1"],"picked":"Backstab","floor":31.0},{"not_picked":["Poisoned Stab","PiercingWail"],"picked":"Dagger Throw","floor":33.0},{"not_picked":["Poison Darts","ReplayTheSpireMod:From All Sides"],"picked":"Replay:Bag of Tricks","floor":35.0},{"not_picked":["PiercingWail","Eviscerate"],"picked":"Backflip","floor":36.0},{"not_picked":["Bouncing Flask+1","Blade Dance"],"picked":"Backflip","floor":37.0},{"not_picked":["PiercingWail","Riddle With Holes+1"],"picked":"Well Laid Plans","floor":38},{"not_picked":["Cloak And Dagger+1","Sneak Up"],"picked":"Acrobatics","floor":41},{"not_picked":["Dodge and Roll+1","Prepared"],"picked":"Escape Plan","floor":43},{"not_picked":["Flying Knee","Burst"],"picked":"Accuracy","floor":44},{"not_picked":["Dagger Spray","Bouncing Flask"],"picked":"Hidden Blade","floor":46},{"not_picked":["Leg Sweep+1","Slice"],"picked":"Deflect+1","floor":47},{"not_picked":["Dagger Spray+1","Underhanded Strike"],"picked":"Quick Slash+1","floor":48},{"not_picked":["ReplayTheSpireMod:Tripwire+1","Underhanded Strike+1"],"picked":"Backflip+1","floor":49},{"not_picked":["Flying Knee","Dodge and Roll"],"picked":"ReplayTheSpireMod:The Works","floor":56}],"player_experience":339985,"relics_obtained":[{"floor":6.0,"key":"Strawberry"},{"floor":8.0,"key":"Akabeko"},{"floor":9.0,"key":"Pen Nib"},{"floor":13.0,"key":"Thread and Needle"},{"floor":21.0,"key":"Replay:Bandana"},{"floor":21.0,"key":"Replay:Bottled Snecko"},{"floor":21.0,"key":"Mango"},{"floor":23.0,"key":"Bag of Marbles"},{"floor":25.0,"key":"Happy Flower"},{"floor":29.0,"key":"InkBottle"},{"floor":31.0,"key":"Dream Catcher"},{"floor":38,"key":"Replay:Arrowhead"},{"floor":44,"key":"Replay:Accelerometer"},{"floor":45,"key":"Potion Belt"},{"floor":46,"key":"Calipers"},{"floor":56,"key":"Bronze Scales"}],"event_choices":[{"damage_healed":0.0,"max_hp_gain":0.0,"max_hp_loss":0.0,"gold_gain":75.0,"event_name":"betterThird:BetterGoop","player_choice":"Gold","floor":3.0,"gold_loss":0.0,"damage_taken":11.0},{"damage_healed":0.0,"max_hp_gain":0.0,"max_hp_loss":0.0,"gold_gain":0.0,"event_name":"Lab","player_choice":"Got Potions","floor":5.0,"gold_loss":0.0,"damage_taken":0.0},{"damage_healed":0.0,"max_hp_gain":0.0,"max_hp_loss":0.0,"gold_gain":0.0,"event_name":"Match and Keep!","player_choice":"2 cards matched","floor":19.0,"gold_loss":0.0,"damage_taken":0.0,"cards_obtained":["Deflect","Purity"]},{"cards_removed":["downfall:Bewildered"],"damage_healed":0.0,"max_hp_gain":0.0,"max_hp_loss":0.0,"gold_gain":0.0,"event_name":"betterThird:BetterWriting","player_choice":"Elegance","floor":22.0,"gold_loss":0.0,"damage_taken":0.0},{"damage_healed":0,"gold_gain":300,"player_choice":"Gold","damage_taken":0,"max_hp_gain":0,"max_hp_loss":0,"event_name":"Wheel of Change","floor":39,"gold_loss":0},{"damage_healed":24,"gold_gain":0,"player_choice":"Writhe","damage_taken":0,"max_hp_gain":0,"max_hp_loss":0,"event_name":"Winding Halls","floor":50,"gold_loss":0,"cards_obtained":["Writhe"]}],"is_beta":false,"boss_relics":[{"not_picked":["ReplayTheSpireMod:DimensionalGlitch","Pandora\u0027s Box"],"picked":"Kintsugi"},{"not_picked":["Cursed Key","Replay:Wanted Poster"],"picked":"Tiny House"}],"items_purged_floors":[20,30,40],"is_endless":false,"potions_floor_spawned":[1,7,13,14,18,25,35,43,47,49],"killed_by":"The Heart","ascension_level":2}}