{"host":"nwd160me4iqdtr8u","time":1614384296,"event":{"mods":["AchievementEnabler","Act Like it!","BaseMod","Colored Map","DeckTracker","Keyboard Shortcuts","Minty Spire (QoL Compilation)","Quick Restart","Rare Cards Sparkle","Smile Girya","StSLib","SuperFastMode","everything is the same but u backflip on backflip"],"gold_per_floor":[109,128,1,11,24,57,57,82,82,82,127,127,161,161,161,300,300,325,424,49,74,74,74,119,119,119,134,159,193,48,88,88,216,216,240,150,169,21,21,21,40,80,127,151,151,185,0,20,20,20],"floor_reached":51,"language":"KOR","playtime":2120,"items_purged":["Strike_B","Strike_B"],"score":862,"play_id":"0c7b544f-cfb8-4df7-9520-2583c88f4746","local_time":"20210227090455","is_ascension_mode":false,"campfire_choices":[{"data":"Dualcast","floor":7.0,"key":"SMITH"},{"data":"Go for the Eyes","floor":12.0,"key":"SMITH"},{"data":"Loop","floor":15.0,"key":"SMITH"},{"data":"Biased Cognition","floor":23.0,"key":"SMITH"},{"data":"Zap","floor":25.0,"key":"SMITH"},{"floor":32,"key":"REST"},{"data":"Undo","floor":40,"key":"SMITH"},{"data":"Defend_B","floor":49,"key":"SMITH"}],"circlet_count":0,"master_deck":["Strike_B","Defend_B","Defend_B+1","Defend_B","Defend_B+1","Zap+1","Dualcast+1","Coolheaded+1","Ball Lightning","Conserve Battery+1","Undo+1","Hologram+1","Chill+1","Go for the Eyes+1","Loop+1","Biased Cognition+1","Glacier+1","Skim+1","Doom and Gloom+1","Turbo+1","Genetic Algorithm+1","Cold Snap+1","Darkness+1","Reboot+1","Rainbow+1","Electrodynamics+1","Undo+1","Seek+1"],"relics":["Cracked Core","Oddly Smooth Stone","Toxic Egg 2","Symbiotic Virus","Cables","Golden Idol","CeramicFish","Molten Egg 2","Black Star","Medical Kit","Bronze Scales","War Paint","Darkstone Periapt","Frozen Egg 2","Bag of Preparation","Coffee Dripper","OrangePellets","The Courier","Mummified Hand","White Beast Statue","Akabeko","Red Mask"],"acts_visited":["Exordium","TheCity","TheBeyond"],"potions_floor_usage":[31,31,33,50],"damage_taken":[{"damage":0.0,"enemies":"Cultist","floor":1.0,"turns":3.0},{"damage":0.0,"enemies":"2 Louse","floor":2.0,"turns":1.0},{"damage":0.0,"enemies":"Small Slimes","floor":4.0,"turns":2.0},{"damage":0.0,"enemies":"Exordium Wildlife","floor":5.0,"turns":3.0},{"damage":20.0,"enemies":"Lagavulin","floor":6.0,"turns":7.0},{"damage":20.0,"enemies":"Gremlin Nob","floor":8.0,"turns":5.0},{"damage":0.0,"enemies":"Lagavulin","floor":11.0,"turns":6.0},{"damage":0.0,"enemies":"Exordium Thugs","floor":13.0,"turns":5.0},{"damage":0.0,"enemies":"Slime Boss","floor":16.0,"turns":3.0},{"damage":0.0,"enemies":"Spheric Guardian","floor":18.0,"turns":3.0},{"damage":0.0,"enemies":"Shell Parasite","floor":21.0,"turns":3.0},{"damage":17.0,"enemies":"Slavers","floor":24.0,"turns":10.0},{"damage":4.0,"enemies":"Chosen and Byrds","floor":27.0,"turns":5.0},{"damage":11.0,"enemies":"Snake Plant","floor":28.0,"turns":4.0},{"damage":0.0,"enemies":"Centurion and Healer","floor":29.0,"turns":5.0},{"damage":7,"enemies":"Gremlin Leader","floor":31,"turns":6},{"damage":10,"enemies":"Automaton","floor":33,"turns":7},{"damage":0,"enemies":"3 Shapes","floor":35,"turns":3},{"damage":0,"enemies":"Orb Walker","floor":37,"turns":3},{"damage":0,"enemies":"Maw","floor":41,"turns":7},{"damage":0,"enemies":"Nemesis","floor":42,"turns":9},{"damage":0,"enemies":"Jaw Worm Horde","floor":44,"turns":4},{"damage":0,"enemies":"4 Shapes","floor":46,"turns":4},{"damage":0,"enemies":"Writhing Mass","floor":48,"turns":4},{"damage":7,"enemies":"Awakened One","floor":50,"turns":10}],"seed_played":"-644376375241344367","potions_obtained":[{"floor":2.0,"key":"PowerPotion"},{"floor":11.0,"key":"GamblersBrew"},{"floor":13.0,"key":"PowerPotion"},{"floor":16.0,"key":"PotionOfCapacity"},{"floor":18.0,"key":"AttackPotion"},{"floor":24.0,"key":"SteroidPotion"},{"floor":28.0,"key":"Energy Potion"},{"floor":31,"key":"DistilledChaos"},{"floor":33,"key":"AttackPotion"},{"floor":35,"key":"Fire Potion"},{"floor":48,"key":"GamblersBrew"}],"is_trial":false,"path_per_floor":["M","M","$","M","M","E","R","E","T","?","E","R","M","?","R","B",null,"M","?","$","M","$","R","E","R","T","M","M","M","$","E","R","B",null,"M","?","M","$","T","R","M","E","T","M","?","M","?","M","R","B",null],"character_chosen":"DEFECT","items_purchased":["Ball Lightning","Skim+1","Medical Kit","Doom and Gloom+1","Reboot+1","OrangePellets"],"campfire_rested":1,"item_purchase_floors":[3,20,20,20,30,38],"current_hp_per_floor":[75,75,75,75,75,55,55,35,35,35,35,35,35,28,28,28,69,69,69,69,69,69,69,52,52,52,48,37,37,37,30,50,40,69,69,69,69,69,69,69,69,69,69,69,69,69,69,69,69,62],"gold":20,"neow_bonus":"RANDOM_COMMON_RELIC","is_daily":false,"chose_seed":false,"campfire_upgraded":7,"win_rate":0.0,"timestamp":1614384295,"path_taken":["M","M","?","M","M","E","R","E","T","?","E","R","M","?","R","BOSS","M","?","$","M","?","R","E","R","T","M","M","?","$","E","R","BOSS","M","?","M","?","?","R","?","E","T","M","?","M","?","M","R","BOSS"],"items_purchased_type":["Card","Card","Relic","Card","Card","Relic"],"build_version":"2020-12-22","purchased_purges":2,"victory":true,"max_hp_per_floor":[75,75,75,75,75,75,75,75,75,69,69,69,69,69,69,69,69,69,69,69,69,69,69,69,69,69,69,69,69,69,69,69,69,69,69,69,69,69,69,69,69,69,69,69,69,69,69,69,69,69],"card_choices":[{"not_picked":["Sweeping Beam","Force Field"],"picked":"Coolheaded","floor":1.0},{"not_picked":["Reinforced Body","Leap"],"picked":"Sweeping Beam","floor":2.0},{"not_picked":["Hologram","BootSequence"],"picked":"Conserve Battery","floor":4.0},{"not_picked":["BootSequence","Static Discharge"],"picked":"Undo","floor":5.0},{"not_picked":["Self Repair","Melter"],"picked":"Hologram+1","floor":6.0},{"not_picked":["Blizzard","Creative AI"],"picked":"Chill+1","floor":8.0},{"not_picked":["Reprogram+1","Rip and Tear"],"picked":"Go for the Eyes","floor":11.0},{"not_picked":["Coolheaded+1","Self Repair"],"picked":"Loop","floor":13.0},{"not_picked":["Fission+1","Thunder Strike+1"],"picked":"Biased Cognition","floor":16.0},{"not_picked":["Sweeping Beam+1","Lockon+1"],"picked":"Glacier+1","floor":18.0},{"not_picked":["Storm","Skim+1"],"picked":"Turbo+1","floor":21.0},{"not_picked":["Glacier+1","Aggregate+1"],"picked":"Genetic Algorithm+1","floor":24.0},{"not_picked":["Stack+1","Sweeping Beam+1","BootSequence+1"],"picked":"SKIP","floor":27.0},{"not_picked":["Beam Cell+1","Compile Driver+1"],"picked":"Cold Snap+1","floor":28.0},{"not_picked":["Steam Power+1","Steam+1"],"picked":"Darkness+1","floor":29.0},{"not_picked":["Chill+1","Force Field+1"],"picked":"Rainbow+1","floor":31},{"not_picked":["Reboot+1","Rainbow+1"],"picked":"Electrodynamics+1","floor":33},{"not_picked":["Skim+1","Hologram+1"],"picked":"Undo+1","floor":35},{"not_picked":["Beam Cell+1","Stack+1","Rebound+1"],"picked":"SKIP","floor":37},{"not_picked":["Conserve Battery+1","Doom and Gloom+1","Gash+1"],"picked":"SKIP","floor":41},{"not_picked":["Turbo+1","Coolheaded+1","Gash+1"],"picked":"SKIP","floor":42},{"not_picked":["Melter+1","Steam+1","Sweeping Beam+1"],"picked":"SKIP","floor":44},{"not_picked":["Capacitor+1","Skim+1"],"picked":"Seek+1","floor":46},{"not_picked":["Ball Lightning+1","Consume+1","Sweeping Beam+1"],"picked":"SKIP","floor":48}],"player_experience":443233,"relics_obtained":[{"floor":6.0,"key":"Toxic Egg 2"},{"floor":8.0,"key":"Symbiotic Virus"},{"floor":9.0,"key":"Cables"},{"floor":11.0,"key":"CeramicFish"},{"floor":24.0,"key":"Bronze Scales"},{"floor":24.0,"key":"War Paint"},{"floor":26.0,"key":"Darkstone Periapt"},{"floor":31,"key":"Frozen Egg 2"},{"floor":31,"key":"Bag of Preparation"},{"floor":39,"key":"The Courier"},{"floor":42,"key":"Mummified Hand"},{"floor":42,"key":"White Beast Statue"},{"floor":43,"key":"Akabeko"}],"event_choices":[{"damage_healed":0.0,"max_hp_gain":0.0,"max_hp_loss":6.0,"gold_gain":0.0,"event_name":"Golden Idol","player_choice":"Lose Max HP","floor":10.0,"gold_loss":0.0,"damage_taken":0.0,"relics_obtained":["Golden Idol"]},{"damage_healed":0.0,"max_hp_gain":0.0,"max_hp_loss":0.0,"gold_gain":0.0,"event_name":"Scrap Ooze","player_choice":"Success","floor":14.0,"gold_loss":0.0,"damage_taken":7.0,"relics_obtained":["Molten Egg 2"]},{"damage_healed":0.0,"max_hp_gain":0.0,"max_hp_loss":0.0,"gold_gain":99.0,"event_name":"Nest","player_choice":"Stole From Cult","floor":19.0,"gold_loss":0.0,"damage_taken":0.0},{"cards_removed":["Strike_B"],"damage_healed":0,"gold_gain":0,"player_choice":"Upgrade and Remove","damage_taken":0,"max_hp_gain":0,"max_hp_loss":0,"event_name":"Designer","floor":36,"gold_loss":90,"cards_upgraded":["Defend_B"]},{"cards_removed":["Sweeping Beam"],"damage_healed":0,"gold_gain":0,"player_choice":"Removed Attack","damage_taken":0,"max_hp_gain":0,"max_hp_loss":0,"event_name":"Falling","floor":45,"gold_loss":0},{"damage_healed":0,"gold_gain":0,"player_choice":"Paid","damage_taken":0,"relics_obtained":["Red Mask"],"max_hp_gain":0,"max_hp_loss":0,"event_name":"Tomb of Lord Red Mask","floor":47,"gold_loss":185}],"is_beta":false,"boss_relics":[{"not_picked":["FrozenCore","Velvet Choker"],"picked":"Black Star"},{"not_picked":["Calling Bell","Tiny House"],"picked":"Coffee Dripper"}],"items_purged_floors":[3,20],"is_endless":false,"potions_floor_spawned":[2,11,13,16,18,24,28,31,33,35,44,46,48],"ascension_level":0}}