{"host":"iyj530209nkhhjuz","time":1614448397,"event":{"mods":["AchievementEnabler","BaseMod","Better Match","Better Note","Better Third Choice","BetterRewards","Colored Map","Colored Powertips","Dark Map","Fox Events","Highlight Path","Minty Spire (QoL Compilation)","Permanent Neow","Random Character Button","Rare Cards Sparkle","Relic Stats","StSLib","Waifu the Spire"],"gold_per_floor":[112,128,93,93,104,104,168,168,192,192,192,201,201,240,240,317,371,389,408,163,175,188,188,213,213,240,273,301,317,26,46,46,122,122,145,165,47,47,47,77,0,10,63,99,23,53,53,81,81,81],"floor_reached":51,"language":"ENG","playtime":3865,"items_purged":["Strike_B","Dualcast","Coolheaded"],"score":1840,"play_id":"39f1f768-5dc7-4268-b2fc-c3d51fad0746","local_time":"20210227185317","is_ascension_mode":true,"campfire_choices":[{"data":"Electrodynamics","floor":6,"key":"SMITH"},{"data":"Coolheaded","floor":11,"key":"SMITH"},{"data":"Zap","floor":13,"key":"SMITH"},{"floor":15,"key":"REST"},{"data":"Defragment","floor":23,"key":"SMITH"},{"data":"White Noise","floor":25,"key":"SMITH"},{"floor":32,"key":"REST"},{"data":"Defragment","floor":47,"key":"SMITH"},{"data":"White Noise","floor":49,"key":"SMITH"}],"circlet_count":0,"master_deck":["AscendersBane","Zap+1","Electrodynamics+1","Coolheaded+1","Seek+1","Cold Snap","Turbo","Genetic Algorithm","Echo Form","White Noise+1","Defragment+1","Cold Snap","White Noise+1","Machine Learning","Defragment+1","Blizzard","Thunder Strike","White Noise"],"relics":["Cracked Core","Calipers","Gremlin Horn","Regal Pillow","Potion Belt","Runic Capacitor","Singing Bowl","CeramicFish","Smiling Mask","Orichalcum","Pandora\u0027s Box","Lee\u0027s Waffle","Matryoshka","Eternal Feather","Lantern","Ornamental Fan","Bronze Scales","SacredBark","Shuriken","Red Mask","Bag of Marbles","Centennial Puzzle","Pocketwatch"],"acts_visited":["Exordium","TheCity","TheBeyond"],"potions_floor_usage":[14,31,44,46],"damage_taken":[{"damage":2,"enemies":"Jaw Worm","floor":1,"turns":3},{"damage":3,"enemies":"2 Louse","floor":2,"turns":3},{"damage":0,"enemies":"Small Slimes","floor":5,"turns":2},{"damage":16,"enemies":"3 Sentries","floor":7,"turns":4},{"damage":14,"enemies":"Lagavulin","floor":14,"turns":6},{"damage":47,"enemies":"Hexaghost","floor":16,"turns":13},{"damage":24,"enemies":"3 Byrds","floor":18,"turns":3},{"damage":18,"enemies":"2 Thieves","floor":19,"turns":3},{"damage":12,"enemies":"Chosen and Byrds","floor":21,"turns":4},{"damage":11,"enemies":"Centurion and Healer","floor":22,"turns":3},{"damage":39,"enemies":"Slavers","floor":24,"turns":3},{"damage":0,"enemies":"Gremlin Leader","floor":27,"turns":4},{"damage":0,"enemies":"Sentry and Sphere","floor":28,"turns":4},{"damage":4,"enemies":"Cultist and Chosen","floor":29,"turns":4},{"damage":12,"enemies":"Shelled Parasite and Fungi","floor":31,"turns":3},{"damage":18,"enemies":"Automaton","floor":33,"turns":7},{"damage":3,"enemies":"3 Darklings","floor":35,"turns":3},{"damage":2,"enemies":"Orb Walker","floor":36,"turns":3},{"damage":0,"enemies":"Reptomancer","floor":40,"turns":5},{"damage":0,"enemies":"3 Darklings","floor":42,"turns":2},{"damage":6,"enemies":"Giant Head","floor":44,"turns":8},{"damage":0,"enemies":"Reptomancer","floor":46,"turns":5},{"damage":9,"enemies":"Transient","floor":48,"turns":5},{"damage":48,"enemies":"Time Eater","floor":50,"turns":12}],"seed_played":"-7348116336648814675","potions_obtained":[{"floor":1,"key":"FearPotion"},{"floor":5,"key":"DuplicationPotion"},{"floor":16,"key":"Regen Potion"},{"floor":46,"key":"LiquidMemories"}],"is_trial":false,"path_per_floor":["M","M","?","T","M","R","?","?","T","?","R","?","R","E","R","B",null,"M","M","$","M","M","R","E","R","T","E","M","M","$","M","R","B",null,"M","M","$","?","?","E","?","M","T","E","$","E","R","M","R","B",null],"character_chosen":"DEFECT","items_purchased":["Calipers","Gremlin Horn","Electrodynamics","Regal Pillow","Potion Belt","Runic Capacitor","Regen Potion","Explosive Potion","Lee\u0027s Waffle","Cold Snap","Bronze Scales","Fruit Juice","Blizzard","AttackPotion","PotionOfCapacity"],"campfire_rested":2,"item_purchase_floors":[0,0,0,0,0,0,0,0,20,20,30,30,37,37,45],"current_hp_per_floor":[34,31,48,48,50,50,36,41,41,41,41,41,41,27,66,21,67,45,27,91,81,72,72,35,35,35,37,37,35,35,28,83,67,98,95,95,95,95,91,93,93,95,95,89,89,91,100,91,100,52],"gold":81,"neow_bonus":"","is_daily":false,"chose_seed":false,"campfire_upgraded":7,"win_rate":0.0,"timestamp":1614448397,"path_taken":["M","M","?","?","M","R","?","?","T","?","R","?","R","E","R","BOSS","M","M","$","M","M","R","E","R","T","E","M","?","$","M","R","BOSS","M","M","$","?","?","E","?","M","T","E","$","E","R","M","R","BOSS"],"items_purchased_type":["Relic","Relic","Card","Relic","Relic","Relic","Potion","Potion","Relic","Card","Relic","Potion","Card","Potion","Potion"],"build_version":"2020-12-22","purchased_purges":3,"victory":true,"max_hp_per_floor":[71,71,71,71,73,73,75,80,80,80,80,80,80,80,80,82,82,84,84,91,93,95,95,97,97,97,99,99,101,101,106,106,108,108,108,110,110,110,116,118,118,120,120,120,120,122,122,122,122,122],"relic_stats":{"Regal Pillow":30,"Lee\u0027s Waffle":64,"Gremlin Horn":[24,24],"Singing Bowl":34,"counters":[245,1029],"CeramicFish":144,"Eternal Feather":27,"Orichalcum":[216],"Smiling Mask":125,"Centennial Puzzle":[21],"Ornamental Fan":[260],"Shuriken":[8],"Bronze Scales":[145],"Pandora\u0027s Box":["Core Surge","Turbo","Genetic Algorithm","Echo Form","White Noise","Coolheaded"],"obtain_stats":[{"Ginger":17,"Whetstone":54,"Bottled Tornado":45,"Boot":2,"Blood Vial":0,"Sundial":46,"MealTicket":37,"HandDrill":0,"Kunai":26,"Pear":53,"Blue Candle":26,"Eternal Feather":42,"Pen Nib":8,"Akabeko":0,"Cables":30,"SlaversCollar":17,"Bird Faced Urn":23,"MutagenicStrength":29,"Pandora\u0027s Box":17,"StrikeDummy":43,"Unceasing Top":48,"Regal Pillow":23,"Lantern":0,"Torii":27,"Singing Bowl":34,"StoneCalendar":38,"Bag of Preparation":0,"Ancient Tea Set":29,"Smiling Mask":9,"Matryoshka":24,"WingedGreaves":0,"Chemical X":37,"InkBottle":9,"Potion Belt":14,"Lee\u0027s Waffle":0,"Inserter":34,"Golden Idol":11,"Thread and Needle":21,"The Courier":9,"PreservedInsect":47,"Omamori":27,"Frozen Egg 2":0,"Nuclear Battery":34,"Ornamental Fan":31,"betterThird:SlimedRelic":4,"Orrery":0,"Turnip":6,"Art of War":2,"Bottled Lightning":26,"Toy Ornithopter":0,"Tiny House":34,"Calipers":36,"Gremlin Horn":48,"CeramicFish":40,"Vajra":43,"Runic Capacitor":36,"Sozu":34,"Lizard Tail":40,"Centennial Puzzle":41,"HornCleat":12,"DollysMirror":45,"Strawberry":0,"Prayer Wheel":46,"Toxic Egg 2":43,"Happy Flower":42,"Astrolabe":34,"Oddly Smooth Stone":38,"Letter Opener":41,"War Paint":23,"Question Card":6,"Du-Vu Doll":46,"OrangePellets":14,"Bottled Flame":40,"Shuriken":40,"Bronze Scales":7,"Molten Egg 2":17,"foxEvents:LuckyCharm":2,"Black Star":17,"Symbiotic Virus":54,"Pocketwatch":28,"Darkstone Periapt":25,"SacredBark":34,"Mango":29,"Juzu Bracelet":6,"Incense Burner":54,"Nunchaku":41,"Mummified Hand":31,"Pantograph":24,"Gambling Chip":3,"Tiny Chest":17,"Red Mask":41,"Cracked Core":0,"Orichalcum":9,"Medical Kit":48,"White Beast Statue":6,"Mercury Hourglass":48,"Calling Bell":17,"Peace Pipe":0,"DataDisk":26,"Anchor":54,"Coffee Dripper":17,"Bag of Marbles":0,"Membership Card":0,"FossilizedHelix":0},{"Ginger":14,"Whetstone":113,"Bottled Tornado":216,"Boot":144,"Blood Vial":88,"Sundial":83,"MealTicket":162,"HandDrill":196,"Kunai":44,"Pear":58,"Blue Candle":19,"Eternal Feather":28,"Pen Nib":36,"Akabeko":5,"Cables":103,"SlaversCollar":179,"Bird Faced Urn":18,"MutagenicStrength":209,"Pandora\u0027s Box":227,"StrikeDummy":214,"Unceasing Top":218,"Regal Pillow":73,"Lantern":114,"Torii":74,"Singing Bowl":132,"StoneCalendar":135,"Bag of Preparation":168,"Ancient Tea Set":45,"Smiling Mask":225,"Matryoshka":232,"WingedGreaves":60,"Chemical X":106,"InkBottle":119,"Potion Belt":13,"Lee\u0027s Waffle":143,"Inserter":104,"Golden Idol":37,"Thread and Needle":16,"The Courier":10,"PreservedInsect":31,"Omamori":74,"Frozen Egg 2":32,"Nuclear Battery":211,"Ornamental Fan":210,"betterThird:SlimedRelic":1,"Orrery":114,"Turnip":3,"Art of War":1,"Bottled Lightning":128,"Toy Ornithopter":32,"Tiny House":48,"Calipers":134,"Gremlin Horn":140,"CeramicFish":80,"Vajra":28,"Runic Capacitor":24,"Sozu":76,"Lizard Tail":80,"Centennial Puzzle":81,"HornCleat":11,"DollysMirror":110,"Strawberry":60,"Prayer Wheel":30,"Toxic Egg 2":81,"Happy Flower":109,"Astrolabe":23,"Oddly Smooth Stone":135,"Letter Opener":81,"War Paint":73,"Question Card":35,"Du-Vu Doll":55,"OrangePellets":68,"Bottled Flame":27,"Shuriken":240,"Bronze Scales":10,"Molten Egg 2":14,"foxEvents:LuckyCharm":7,"Black Star":69,"Symbiotic Virus":59,"Pocketwatch":101,"Darkstone Periapt":19,"SacredBark":237,"Mango":75,"Juzu Bracelet":147,"Incense Burner":195,"Nunchaku":136,"Mummified Hand":159,"Pantograph":44,"Gambling Chip":115,"Tiny Chest":14,"Red Mask":240,"Cracked Core":0,"Orichalcum":93,"Medical Kit":31,"White Beast Statue":172,"Mercury Hourglass":85,"Calling Bell":14,"Peace Pipe":196,"DataDisk":73,"Anchor":87,"Coffee Dripper":96,"Bag of Marbles":196,"Membership Card":60,"FossilizedHelix":114},{"Ginger":41,"Whetstone":535,"Bottled Tornado":904,"Boot":600,"Blood Vial":428,"Sundial":399,"MealTicket":679,"HandDrill":848,"Kunai":168,"Pear":276,"Blue Candle":61,"Eternal Feather":100,"Pen Nib":133,"Akabeko":16,"Cables":489,"SlaversCollar":756,"Bird Faced Urn":56,"MutagenicStrength":888,"Pandora\u0027s Box":949,"StrikeDummy":902,"Unceasing Top":909,"Regal Pillow":347,"Lantern":544,"Torii":352,"Singing Bowl":580,"StoneCalendar":585,"Bag of Preparation":708,"Ancient Tea Set":173,"Smiling Mask":930,"Matryoshka":965,"WingedGreaves":288,"Chemical X":502,"InkBottle":555,"Potion Belt":35,"Lee\u0027s Waffle":598,"Inserter":496,"Golden Idol":136,"Thread and Needle":49,"The Courier":26,"PreservedInsect":109,"Omamori":352,"Frozen Egg 2":120,"Nuclear Battery":896,"Ornamental Fan":892,"betterThird:SlimedRelic":2,"Orrery":544,"Turnip":10,"Art of War":2,"Bottled Lightning":574,"Toy Ornithopter":120,"Tiny House":197,"Calipers":584,"Gremlin Horn":592,"CeramicFish":382,"Vajra":100,"Runic Capacitor":85,"Sozu":367,"Lizard Tail":382,"Centennial Puzzle":389,"HornCleat":28,"DollysMirror":521,"Strawberry":288,"Prayer Wheel":105,"Toxic Egg 2":389,"Happy Flower":516,"Astrolabe":83,"Oddly Smooth Stone":585,"Letter Opener":389,"War Paint":347,"Question Card":130,"Du-Vu Doll":249,"OrangePellets":320,"Bottled Flame":97,"Shuriken":997,"Bronze Scales":26,"Molten Egg 2":41,"foxEvents:LuckyCharm":21,"Black Star":331,"Symbiotic Virus":283,"Pocketwatch":481,"Darkstone Periapt":61,"SacredBark":987,"Mango":357,"Juzu Bracelet":609,"Incense Burner":842,"Nunchaku":587,"Mummified Hand":669,"Pantograph":168,"Gambling Chip":546,"Tiny Chest":41,"Red Mask":997,"Cracked Core":0,"Orichalcum":450,"Medical Kit":109,"White Beast Statue":722,"Mercury Hourglass":411,"Calling Bell":41,"Peace Pipe":848,"DataDisk":347,"Anchor":420,"Coffee Dripper":465,"Bag of Marbles":848,"Membership Card":288,"FossilizedHelix":544}],"Pocketwatch":[16]},"card_choices":[{"not_picked":["Redo","Turbo","Beam Cell"],"picked":"SKIP","floor":1},{"not_picked":["Sweeping Beam","Hologram"],"picked":"Coolheaded","floor":2},{"not_picked":["Steam","Machine Learning","Streamline"],"picked":"Singing Bowl","floor":5},{"not_picked":["Compile Driver","Steam Power","Aggregate"],"picked":"Singing Bowl","floor":7},{"not_picked":["Undo","Loop"],"picked":"Cold Snap","floor":14},{"not_picked":["Amplify","Hyperbeam","All For One"],"picked":"Singing Bowl","floor":16},{"not_picked":["Conserve Battery+1","Redo","Reinforced Body"],"picked":"Singing Bowl","floor":18},{"not_picked":["Conserve Battery","Lockon"],"picked":"Defragment","floor":19},{"not_picked":["Turbo+1","Static Discharge","Compile Driver"],"picked":"Singing Bowl","floor":21},{"not_picked":["Compile Driver","Stack","Beam Cell"],"picked":"Singing Bowl","floor":22},{"not_picked":["Ball Lightning+1","Barrage","Reinforced Body"],"picked":"Singing Bowl","floor":24},{"not_picked":["Rebound","FTL","Cold Snap"],"picked":"Singing Bowl","floor":27},{"not_picked":["Skim","Redo"],"picked":"White Noise","floor":28},{"not_picked":["Barrage","Hologram","Compile Driver"],"picked":"Singing Bowl","floor":29},{"not_picked":["Stack+1","Chaos"],"picked":"Machine Learning","floor":31},{"not_picked":["Meteor Strike","Electrodynamics","Multi-Cast"],"picked":"Singing Bowl","floor":33},{"not_picked":["Hologram","Undo"],"picked":"Defragment","floor":35},{"not_picked":["Consume+1","Steam Power+1","Turbo"],"picked":"Singing Bowl","floor":36},{"not_picked":["Forethought","Enlightenment","Metamorphosis"],"picked":"Singing Bowl","floor":39},{"not_picked":["Finesse","HandOfGreed","Madness"],"picked":"Singing Bowl","floor":39},{"not_picked":["Trip","Magnetism","Deep Breath"],"picked":"Singing Bowl","floor":39},{"not_picked":["Gash","Sweeping Beam","Lockon"],"picked":"Singing Bowl","floor":40},{"not_picked":["Scrape","Leap+1","Barrage"],"picked":"Singing Bowl","floor":42},{"not_picked":["Leap","Sunder"],"picked":"Thunder Strike","floor":44},{"not_picked":["Stack+1","Ball Lightning","Barrage"],"picked":"Singing Bowl","floor":46},{"not_picked":["Sweeping Beam","Recycle+1"],"picked":"White Noise","floor":48}],"player_experience":558708,"relics_obtained":[{"floor":4,"key":"Singing Bowl"},{"floor":9,"key":"Smiling Mask"},{"floor":14,"key":"Orichalcum"},{"floor":24,"key":"Matryoshka"},{"floor":26,"key":"Eternal Feather"},{"floor":26,"key":"Lantern"},{"floor":27,"key":"Ornamental Fan"},{"floor":40,"key":"Shuriken"},{"floor":43,"key":"Bag of Marbles"},{"floor":44,"key":"Centennial Puzzle"},{"floor":46,"key":"Pocketwatch"}],"event_choices":[{"damage_healed":17,"gold_gain":0,"player_choice":"Healed","damage_taken":0,"max_hp_gain":0,"max_hp_loss":0,"event_name":"The Cleric","floor":3,"gold_loss":35},{"damage_healed":0,"gold_gain":0,"player_choice":"Searched \u00272\u0027 times","damage_taken":0,"relics_obtained":["CeramicFish"],"max_hp_gain":0,"max_hp_loss":0,"event_name":"Dead Adventurer","floor":7,"gold_loss":0},{"damage_healed":0,"gold_gain":0,"player_choice":"Donut","damage_taken":0,"max_hp_gain":5,"max_hp_loss":0,"event_name":"Big Fish","floor":8,"gold_loss":0},{"cards_removed":["Strike_B"],"damage_healed":0,"gold_gain":0,"player_choice":"Forget","damage_taken":0,"max_hp_gain":0,"max_hp_loss":0,"event_name":"Living Wall","floor":10,"gold_loss":0},{"cards_removed":["Seek"],"damage_healed":0,"gold_gain":0,"player_choice":"Take \u0026 Give","damage_taken":0,"max_hp_gain":0,"max_hp_loss":0,"event_name":"betterNote:BetterNote","floor":12,"gold_loss":0,"cards_obtained":["Seek"]},{"cards_removed":["Core Surge"],"damage_healed":0,"gold_gain":0,"player_choice":"Removed Attack","damage_taken":0,"max_hp_gain":0,"max_hp_loss":0,"event_name":"Falling","floor":38,"gold_loss":0},{"damage_healed":0,"gold_gain":0,"player_choice":"Memory 3","damage_taken":10,"max_hp_gain":0,"max_hp_loss":0,"event_name":"SensoryStone","floor":39,"gold_loss":0},{"damage_healed":0,"gold_gain":0,"player_choice":"Paid","damage_taken":0,"relics_obtained":["Red Mask"],"max_hp_gain":0,"max_hp_loss":0,"event_name":"Tomb of Lord Red Mask","floor":41,"gold_loss":77}],"is_beta":false,"boss_relics":[{"not_picked":["Inserter","Snecko Eye"],"picked":"Pandora\u0027s Box"},{"not_picked":["Empty Cage","Tiny House"],"picked":"SacredBark"}],"items_purged_floors":[0,20,30],"is_endless":false,"potions_floor_spawned":[1,5,16,18,19,24,28,42,46],"ascension_level":15}}