{"host":"q1ww9goctev8e12g","time":1614460088,"event":{"mods":["2.2 Compatiblity","Aspiration","BaseMod","BetterRewards","Colored Powertips","Conspire","Downfall","Hubris","Minty Spire (QoL Compilation)","Quick Restart","Reliquary","Replay The Spire","StSLib"],"gold_per_floor":[117,117,117,117,117,117,147,147,201,226,251,251,251,271,271,342,342,342],"floor_reached":17,"language":"FRA","playtime":436,"items_purged":[],"score":340,"play_id":"76db0f85-c414-4f3c-a261-9e2968a4b151","local_time":"20210227220808","is_ascension_mode":true,"campfire_choices":[{"data":"Neutralize","floor":6,"key":"SMITH"},{"data":"Survivor","floor":8,"key":"SMITH"},{"data":"Glass Knife","floor":12,"key":"SMITH"},{"data":"Bane","floor":15,"key":"SMITH"}],"circlet_count":0,"master_deck":["AscendersBane","Strike_G","Strike_G","Strike_G","Strike_G","Defend_G","Defend_G","Defend_G","Defend_G","Defend_G","Survivor+1","Neutralize+1","Slice","Bane+1","Deadly Poison","Glass Knife+1","Blade Dance","Adrenaline"],"relics":["NeowsBlessing","Sizzling Blood","reliquary:RoseTintedGlasses","Ancient Tea Set","Snake Skull","hubris:DisguiseKit","hubris:Backtick","champ:ChampionCrown"],"acts_visited":["Exordium","TheCity"],"potions_floor_usage":[11,11],"damage_taken":[{"damage":0,"enemies":"2 Louse","floor":1,"turns":1},{"damage":0,"enemies":"3 Sentries","floor":7,"turns":2},{"damage":0,"enemies":"conspire:MimicChest","floor":10,"turns":1},{"damage":9,"enemies":"Lagavulin","floor":11,"turns":6},{"damage":2,"enemies":"Jaw Worm","floor":14,"turns":2},{"damage":50,"enemies":"Slime Boss","floor":16,"turns":13}],"seed_played":"-914324490174764693","potions_obtained":[{"floor":7,"key":"SkillPotion"},{"floor":10,"key":"hexamod:SoulburnPotion"},{"floor":16,"key":"LifebloodPotion"}],"is_trial":false,"path_per_floor":["M","$","?","$","?","R","E","R","T","?","E","R","?","M","R","B",null],"character_chosen":"THE_SILENT","items_purchased":[],"campfire_rested":0,"item_purchase_floors":[],"current_hp_per_floor":[59,59,63,63,63,63,67,67,67,70,65,65,65,67,67,21,58,58],"gold":342,"neow_bonus":"THREE_ENEMY_KILL","is_daily":false,"chose_seed":false,"campfire_upgraded":4,"win_rate":0.0,"timestamp":1614460088,"path_taken":["M","$","?","$","?","R","E","R","T","?","E","R","?","M","R","BOSS"],"items_purchased_type":[],"build_version":"2020-12-22","purchased_purges":0,"victory":false,"max_hp_per_floor":[66,66,70,70,70,70,70,70,70,70,70,70,70,70,70,70,70,70],"card_choices":[{"not_picked":["hubris:SlightOfHand","Tactician"],"picked":"Slice","floor":1},{"not_picked":["hubris:Sniper","PiercingWail"],"picked":"Bane","floor":7},{"not_picked":["Dagger Throw","Outmaneuver"],"picked":"Deadly Poison","floor":10},{"not_picked":["Dagger Spray","Hidden Blade"],"picked":"Glass Knife","floor":11},{"not_picked":["PiercingWail","hubris:SlightOfHand","Collect"],"picked":"Blade Dance","floor":14},{"not_picked":["Bullet Time","Phantasmal Killer","Wish"],"picked":"Adrenaline","floor":16}],"player_experience":566793,"relics_obtained":[{"floor":7,"key":"reliquary:RoseTintedGlasses"},{"floor":9,"key":"Ancient Tea Set"},{"floor":10,"key":"Snake Skull"},{"floor":11,"key":"hubris:DisguiseKit"}],"event_choices":[{"damage_healed":0,"gold_gain":0,"player_choice":"Leave","damage_taken":0,"max_hp_gain":0,"max_hp_loss":0,"event_name":"The Cleric","floor":5,"gold_loss":0},{"cards_removed":["Strike_G"],"damage_healed":0,"gold_gain":0,"player_choice":"Purged","damage_taken":0,"max_hp_gain":0,"max_hp_loss":0,"event_name":"Purifier","floor":13,"gold_loss":0}],"is_beta":false,"boss_relics":[{"not_picked":["Runic Dome","Snecko Eye"],"picked":"hubris:Backtick"}],"items_purged_floors":[],"is_endless":false,"potions_floor_spawned":[7,10,16],"ascension_level":17}}