{"host":"kjgzfbg2u01m7isv","time":1614459462,"event":{"mods":["BaseMod","Minty Spire (QoL Compilation)"],"gold_per_floor":[118,118,193,203,203,203,226,226,250,269,293,41,41,60,60,181,181,202,216,216,216],"floor_reached":20,"language":"RUS","playtime":1172,"items_purged":[],"score":224,"play_id":"e44bc4be-751e-48ad-92a7-c4cdb6010aa1","local_time":"20210227235742","is_ascension_mode":true,"campfire_choices":[{"data":"Hologram","floor":6.0,"key":"SMITH"},{"data":"Hologram","floor":8.0,"key":"SMITH"},{"data":"Go for the Eyes","floor":13.0,"key":"SMITH"},{"data":"Leap","floor":15.0,"key":"SMITH"}],"circlet_count":0,"master_deck":["Strike_B","Strike_B","Strike_B","Defend_B","Defend_B","Defend_B","Zap","Dualcast","Hologram+1","Turbo","Hologram+1","Cold Snap","Go for the Eyes+1","Chill","Capacitor","Leap+1","Buffer","Barrage"],"relics":["Cracked Core","Darkstone Periapt","Golden Idol","Anchor","Lee\u0027s Waffle","Nuclear Battery"],"acts_visited":["Exordium","TheCity"],"potions_floor_usage":[20,20],"damage_taken":[{"damage":1.0,"enemies":"Cultist","floor":1.0,"turns":3.0},{"damage":0.0,"enemies":"Small Slimes","floor":4.0,"turns":3.0},{"damage":7.0,"enemies":"Jaw Worm","floor":7.0,"turns":2.0},{"damage":1.0,"enemies":"Exordium Thugs","floor":10.0,"turns":4.0},{"damage":17.0,"enemies":"Gremlin Gang","floor":11.0,"turns":6.0},{"damage":3.0,"enemies":"Exordium Wildlife","floor":14.0,"turns":3.0},{"damage":11.0,"enemies":"Slime Boss","floor":16.0,"turns":16.0},{"damage":60,"enemies":"3 Byrds","floor":18,"turns":10},{"damage":11,"enemies":"Spheric Guardian","floor":19,"turns":10},{"damage":9,"enemies":"Snecko","floor":20,"turns":4}],"seed_played":"1046878254772623622","potions_obtained":[{"floor":7.0,"key":"Weak Potion"},{"floor":10.0,"key":"SteroidPotion"},{"floor":11.0,"key":"Fire Potion"},{"floor":18,"key":"Weak Potion"},{"floor":19,"key":"Explosive Potion"}],"is_trial":false,"path_per_floor":["M","T","?","M","?","R","M","R","T","M","M","$","R","M","R","B",null,"M","M","M"],"character_chosen":"DEFECT","items_purchased":["Lee\u0027s Waffle","Chill","Capacitor"],"campfire_rested":0,"item_purchase_floors":[12,12,12],"current_hp_per_floor":[67,67,56,56,39,39,32,32,32,31,14,75,75,72,72,61,72,12,1,0,0],"gold":216,"neow_bonus":"REMOVE_TWO","is_daily":false,"chose_seed":false,"campfire_upgraded":4,"win_rate":0.0,"timestamp":1614459462,"path_taken":["M","?","?","M","?","R","M","R","T","M","?","$","R","M","R","BOSS","M","M","?"],"items_purchased_type":["Relic","Card","Card"],"build_version":"2020-12-22","purchased_purges":0,"victory":false,"max_hp_per_floor":[68,68,68,68,68,68,68,68,68,68,68,75,75,75,75,75,75,75,75,75,75],"card_choices":[{"not_picked":["Stack","FTL"],"picked":"Hologram","floor":1.0},{"not_picked":["Ball Lightning","Blizzard"],"picked":"Turbo","floor":4.0},{"not_picked":["Chill","Aggregate"],"picked":"Hologram","floor":7.0},{"not_picked":["Rebound","Auto Shields"],"picked":"Cold Snap","floor":10.0},{"not_picked":["Stack","Darkness"],"picked":"Go for the Eyes","floor":11.0},{"not_picked":["Skim","Static Discharge"],"picked":"Leap","floor":14.0},{"not_picked":["Fission","Reboot"],"picked":"Buffer","floor":16.0},{"not_picked":["Rip and Tear","Go for the Eyes","BootSequence"],"picked":"SKIP","floor":18},{"not_picked":["Compile Driver","Gash"],"picked":"Barrage","floor":19}],"player_experience":399870,"relics_obtained":[{"floor":2.0,"key":"Darkstone Periapt"},{"floor":9.0,"key":"Anchor"}],"event_choices":[{"damage_healed":0.0,"max_hp_gain":0.0,"max_hp_loss":0.0,"gold_gain":75.0,"event_name":"World of Goop","player_choice":"Gather Gold","floor":3.0,"gold_loss":0.0,"damage_taken":11.0},{"damage_healed":0.0,"max_hp_gain":0.0,"max_hp_loss":0.0,"gold_gain":0.0,"event_name":"Golden Idol","player_choice":"Take Damage","floor":5.0,"gold_loss":0.0,"damage_taken":17.0,"relics_obtained":["Golden Idol"]}],"is_beta":false,"boss_relics":[{"not_picked":["Pandora\u0027s Box","Coffee Dripper"],"picked":"Nuclear Battery"}],"items_purged_floors":[],"is_endless":false,"potions_floor_spawned":[7,10,11,18,19],"killed_by":"Snecko","ascension_level":7}}