{"host":"nolo0osttpwefhwj","time":1614453653,"event":{"mods":["AchievementEnabler","BaseMod","Bestiary","Colored Powertips","Minty Spire (QoL Compilation)","Permanent Neow","Quick Restart","Relic Stats"],"gold_per_floor":[118,118,118,133,133,133,146,180,206,228,240,286,298,385,397,486,498,525,550,578,515,114,114,144,144,194,207,207,222,257,257,257,328,328,348,105,115,19,36,65,75,109,109,109,140,152,152,180,180,180,180,180,19,47,47,47],"floor_reached":55,"language":"ENG","playtime":5548,"items_purged":[],"score":1748,"play_id":"54eaa468-936a-497a-8986-61bc2a725360","local_time":"20210227202053","is_ascension_mode":true,"campfire_choices":[{"data":"Carnage","floor":6.0,"key":"SMITH"},{"data":"Corruption","floor":11.0,"key":"SMITH"},{"data":"Pommel Strike","floor":13.0,"key":"SMITH"},{"floor":15.0,"key":"REST"},{"data":"Barricade","floor":23.0,"key":"SMITH"},{"floor":32.0,"key":"REST"},{"floor":47.0,"key":"REST"},{"floor":49.0,"key":"RECALL"},{"floor":52.0,"key":"REST"}],"circlet_count":0,"master_deck":["AscendersBane","Defend_R","Defend_R","Defend_R","Defend_R","Bash","Corruption+1","Carnage+1","Intimidate","Disarm","Shockwave","Pommel Strike+1","Barricade+1","Body Slam","Havoc+1","Battle Trance","Feed","Shrug It Off","Dropkick","Offering","Dark Embrace","Evolve","Panacea","Seeing Red","Dual Wield","Burning Pact","Power Through+1","Flame Barrier","Bloodletting","Inflame"],"relics":["Burning Blood","Blood Vial","Ice Cream","MawBank","Lantern","Empty Cage","PreservedInsect","Lee\u0027s Waffle","Pear","Charon\u0027s Ashes","Strawberry","Dream Catcher","Fusion Hammer","Bag of Preparation","Potion Belt","Torii","Mummified Hand","Art of War","OrangePellets","CaptainsWheel"],"acts_visited":["Exordium","TheCity","TheBeyond","TheEnding"],"potions_floor_usage":[54,54,55,55],"damage_taken":[{"damage":6.0,"enemies":"2 Louse","floor":1.0,"turns":4.0},{"damage":7.0,"enemies":"Jaw Worm","floor":4.0,"turns":3.0},{"damage":3.0,"enemies":"Small Slimes","floor":7.0,"turns":3.0},{"damage":19.0,"enemies":"3 Sentries","floor":8.0,"turns":8.0},{"damage":18.0,"enemies":"Exordium Thugs","floor":10.0,"turns":4.0},{"damage":8.0,"enemies":"Lagavulin","floor":12.0,"turns":5.0},{"damage":27.0,"enemies":"Slime Boss","floor":16.0,"turns":9.0},{"damage":20.0,"enemies":"2 Thieves","floor":18.0,"turns":4.0},{"damage":28.0,"enemies":"Chosen","floor":19.0,"turns":4.0},{"damage":17.0,"enemies":"Centurion and Healer","floor":20.0,"turns":7.0},{"damage":5.0,"enemies":"Gremlin Leader","floor":24.0,"turns":4.0},{"damage":14.0,"enemies":"Snake Plant","floor":27.0,"turns":4.0},{"damage":9.0,"enemies":"Cultist and Chosen","floor":29.0,"turns":5.0},{"damage":13.0,"enemies":"Book of Stabbing","floor":30.0,"turns":5.0},{"damage":126.0,"enemies":"Automaton","floor":33.0,"turns":11.0},{"damage":13.0,"enemies":"Orb Walker","floor":35.0,"turns":3.0},{"damage":7.0,"enemies":"3 Shapes","floor":37.0,"turns":4.0},{"damage":17.0,"enemies":"Transient","floor":39.0,"turns":6.0},{"damage":6.0,"enemies":"Reptomancer","floor":40.0,"turns":2.0},{"damage":6.0,"enemies":"4 Shapes","floor":41.0,"turns":4.0},{"damage":36.0,"enemies":"Nemesis","floor":42.0,"turns":5.0},{"damage":58.0,"enemies":"Reptomancer","floor":45.0,"turns":5.0},{"damage":6.0,"enemies":"Sphere and 2 Shapes","floor":46.0,"turns":2.0},{"damage":6.0,"enemies":"Nemesis","floor":48.0,"turns":3.0},{"damage":50.0,"enemies":"Donu and Deca","floor":50.0,"turns":5.0},{"damage":20,"enemies":"Shield and Spear","floor":54,"turns":3},{"damage":123,"enemies":"The Heart","floor":55,"turns":7}],"seed_played":"6100226819506915663","potions_obtained":[{"floor":1.0,"key":"SkillPotion"},{"floor":4.0,"key":"SmokeBomb"},{"floor":10.0,"key":"EntropicBrew"},{"floor":24.0,"key":"ColorlessPotion"},{"floor":29.0,"key":"CultistPotion"},{"floor":33.0,"key":"SkillPotion"},{"floor":35.0,"key":"AttackPotion"},{"floor":39.0,"key":"ElixirPotion"},{"floor":41.0,"key":"AttackPotion"},{"floor":42.0,"key":"DistilledChaos"},{"floor":54,"key":"SteroidPotion"}],"is_trial":false,"path_per_floor":["M","?","?","M","?","R","M","E","T","M","R","E","R","?","R","B",null,"M","M","M","?","$","R","E","?","T","M","?","M","E","?","R","B",null,"M","$","M","$","M","E","M","E","T","?","E","M","R","E","R","B",null,"R","$","E","B"],"character_chosen":"IRONCLAD","items_purchased":["PreservedInsect","Lee\u0027s Waffle","Battle Trance","Bag of Preparation","Evolve","Panacea","OrangePellets"],"campfire_rested":4,"item_purchase_floors":[22,22,22,36,36,38,53],"current_hp_per_floor":[68,50,43,44,44,44,49,38,38,28,28,28,28,17,39,20,61,49,29,20,20,82,82,92,92,99,91,61,63,58,58,90,15,86,84,84,88,88,79,81,86,61,61,61,11,19,57,62,62,23,106,134,134,120,0,0],"gold":47,"neow_bonus":"ONE_RANDOM_RARE_CARD","is_daily":false,"chose_seed":false,"campfire_upgraded":4,"win_rate":0.0,"timestamp":1614453653,"path_taken":["M","?","?","M","?","R","?","E","T","M","R","E","R","?","R","BOSS","M","M","M","?","$","R","E","?","T","M","?","M","E","?","R","BOSS","M","?","M","$","M","E","?","E","T","?","E","M","R","E","R","BOSS","R","$","E","BOSS"],"items_purchased_type":["Relic","Relic","Card","Relic","Card","Card","Relic"],"build_version":"2020-12-22","purchased_purges":0,"victory":false,"max_hp_per_floor":[75,75,75,75,75,75,75,75,75,75,75,75,75,75,75,75,75,75,75,75,75,82,82,92,92,99,99,104,107,107,107,107,110,110,113,113,116,116,116,116,119,122,122,122,122,128,128,131,131,134,134,134,134,134,134,134],"relic_stats":{"Lee\u0027s Waffle":62,"Torii":52,"counters":[27,129],"PreservedInsect":390,"Charon\u0027s Ashes":[840],"Bag of Preparation":[22],"MawBank":156,"Burning Blood":155,"Blood Vial":46,"OrangePellets":[3],"Dream Catcher":3,"Mummified Hand":[20],"Art of War":[3],"obtain_stats":[{"Ice Cream":8,"Potion Belt":40,"Lantern":12,"Lee\u0027s Waffle":22,"Pear":24,"Torii":42,"PreservedInsect":22,"Charon\u0027s Ashes":25,"Bag of Preparation":36,"MawBank":9,"Empty Cage":17,"Burning Blood":0,"Blood Vial":2,"OrangePellets":53,"Dream Catcher":30,"CaptainsWheel":54,"Mummified Hand":45,"Strawberry":26,"Fusion Hammer":34,"Art of War":48},{"Ice Cream":4,"Potion Belt":19,"Lantern":6,"Lee\u0027s Waffle":10,"Pear":11,"Torii":21,"PreservedInsect":10,"Charon\u0027s Ashes":11,"Bag of Preparation":16,"MawBank":4,"Empty Cage":7,"Burning Blood":0,"Blood Vial":1,"OrangePellets":25,"Dream Catcher":14,"CaptainsWheel":26,"Mummified Hand":22,"Strawberry":11,"Fusion Hammer":15,"Art of War":24},{"Ice Cream":18,"Potion Belt":95,"Lantern":27,"Lee\u0027s Waffle":51,"Pear":55,"Torii":104,"PreservedInsect":51,"Charon\u0027s Ashes":55,"Bag of Preparation":83,"MawBank":18,"Empty Cage":36,"Burning Blood":0,"Blood Vial":4,"OrangePellets":119,"Dream Catcher":69,"CaptainsWheel":122,"Mummified Hand":109,"Strawberry":55,"Fusion Hammer":80,"Art of War":114}]},"card_choices":[{"not_picked":["Battle Trance","Seeing Red"],"picked":"Carnage","floor":1.0},{"not_picked":["Clothesline","Warcry"],"picked":"Intimidate","floor":4.0},{"not_picked":["Havoc","Cleave"],"picked":"Shockwave","floor":7.0},{"not_picked":["True Grit","Havoc","Flex"],"picked":"SKIP","floor":8.0},{"not_picked":["Blood for Blood","Anger","Rage"],"picked":"SKIP","floor":10.0},{"not_picked":["Power Through","True Grit"],"picked":"Pommel Strike","floor":12.0},{"not_picked":["Offering","Exhume"],"picked":"Barricade","floor":16.0},{"not_picked":["Hemokinesis","Spot Weakness","Flex"],"picked":"SKIP","floor":18.0},{"not_picked":["Rampage","Iron Wave"],"picked":"Body Slam","floor":19.0},{"not_picked":["Warcry","Metallicize"],"picked":"Havoc+1","floor":20.0},{"not_picked":["Havoc","Warcry","True Grit"],"picked":"SKIP","floor":24.0},{"not_picked":["Infernal Blade","Clothesline"],"picked":"Feed","floor":27.0},{"not_picked":["Clash","Sever Soul"],"picked":"Shrug It Off","floor":29.0},{"not_picked":["Uppercut","Anger"],"picked":"Dropkick","floor":30.0},{"not_picked":["Fiend Fire","Immolate"],"picked":"Offering","floor":33.0},{"not_picked":["Pommel Strike","Body Slam"],"picked":"Dark Embrace","floor":35.0},{"not_picked":["Intimidate","Clash","Heavy Blade"],"picked":"SKIP","floor":37.0},{"not_picked":["Perfected Strike","Havoc","Thunderclap"],"picked":"SKIP","floor":39.0},{"not_picked":["Anger+1","Carnage","Flex"],"picked":"SKIP","floor":40.0},{"not_picked":["Twin Strike","Immolate","Flex"],"picked":"SKIP","floor":41.0},{"not_picked":["Evolve","Cleave"],"picked":"Seeing Red","floor":42.0},{"not_picked":["Evolve+1","Flex+1"],"picked":"Dual Wield","floor":45.0},{"not_picked":["Pommel Strike","Disarm"],"picked":"Burning Pact","floor":46.0},{"not_picked":["Rupture","Fire Breathing"],"picked":"Power Through+1","floor":47.0},{"not_picked":["Warcry+1","Whirlwind"],"picked":"Flame Barrier","floor":48.0},{"not_picked":["Intimidate","Perfected Strike"],"picked":"Bloodletting","floor":52.0},{"not_picked":["Battle Trance+1","Thunderclap+1"],"picked":"Inflame","floor":54}],"player_experience":327489,"relics_obtained":[{"floor":8.0,"key":"Ice Cream"},{"floor":9.0,"key":"MawBank"},{"floor":12.0,"key":"Lantern"},{"floor":24.0,"key":"Pear"},{"floor":26.0,"key":"Strawberry"},{"floor":30.0,"key":"Dream Catcher"},{"floor":40.0,"key":"Potion Belt"},{"floor":42.0,"key":"Torii"},{"floor":45.0,"key":"Mummified Hand"},{"floor":48.0,"key":"Art of War"},{"floor":54,"key":"CaptainsWheel"}],"event_choices":[{"damage_healed":0.0,"max_hp_gain":0.0,"max_hp_loss":0.0,"gold_gain":0.0,"event_name":"Scrap Ooze","player_choice":"Success","floor":2.0,"gold_loss":0.0,"damage_taken":18.0,"relics_obtained":["Blood Vial"]},{"cards_removed":["Strike_R"],"damage_healed":0.0,"max_hp_gain":0.0,"max_hp_loss":0.0,"gold_gain":0.0,"event_name":"Golden Wing","player_choice":"Card Removal","floor":3.0,"gold_loss":0.0,"damage_taken":7.0},{"damage_healed":0.0,"max_hp_gain":0.0,"max_hp_loss":0.0,"gold_gain":0.0,"cards_transformed":["Strike_R"],"event_name":"Living Wall","player_choice":"Change","floor":5.0,"gold_loss":0.0,"damage_taken":0.0,"cards_obtained":["Disarm"]},{"damage_healed":0.0,"max_hp_gain":0.0,"max_hp_loss":0.0,"gold_gain":75.0,"event_name":"World of Goop","player_choice":"Gather Gold","floor":14.0,"gold_loss":0.0,"damage_taken":11.0},{"cards_removed":["Strike_R"],"damage_healed":0.0,"max_hp_gain":0.0,"max_hp_loss":0.0,"gold_gain":0.0,"event_name":"Beggar","player_choice":"Gave Gold","floor":21.0,"gold_loss":75.0,"damage_taken":0.0},{"damage_healed":0.0,"max_hp_gain":0.0,"max_hp_loss":0.0,"gold_gain":0.0,"event_name":"The Mausoleum","player_choice":"Opened","floor":25.0,"gold_loss":0.0,"damage_taken":0.0,"relics_obtained":["Charon\u0027s Ashes"],"cards_obtained":["Writhe"]},{"damage_healed":0.0,"max_hp_gain":5.0,"max_hp_loss":0.0,"gold_gain":0.0,"event_name":"Forgotten Altar","player_choice":"Shed Blood","floor":28.0,"gold_loss":0.0,"damage_taken":35.0},{"cards_removed":["Writhe"],"damage_healed":0.0,"max_hp_gain":0.0,"max_hp_loss":0.0,"gold_gain":0.0,"event_name":"Purifier","player_choice":"Purged","floor":31.0,"gold_loss":0.0,"damage_taken":0.0},{"damage_healed":0.0,"max_hp_gain":0.0,"max_hp_loss":0.0,"gold_gain":0.0,"event_name":"The Moai Head","player_choice":"Ignored","floor":44.0,"gold_loss":0.0,"damage_taken":0.0}],"is_beta":false,"boss_relics":[{"not_picked":["Runic Pyramid","SlaversCollar"],"picked":"Empty Cage"},{"not_picked":["Sozu","Runic Dome"],"picked":"Fusion Hammer"}],"items_purged_floors":[],"is_endless":false,"potions_floor_spawned":[1,4,10,24,27,29,33,35,39,41,42,54],"killed_by":"The Heart","ascension_level":19}}