{"host":"xumidyqji6pg2yy3","time":1614428862,"event":{"mods":["ATMod(°¢èªMod)","BaseMod","Colored Map","Downfall","Minty Spire (QoL Compilation)","MostiFishMod","Quick Restart","StSLib","TestMod"],"gold_per_floor":[99,112,112,123,123,142,169,188,205,235,135,135,164,202,267,395,395,395,520,472,563,631,739,792,692,759,809,967,1068,1068,1161,1229,1350,1350,1350,1444,1480,1530,1031,1120,1146,1285,615,659,761,936,836,895,985,1035,1035,1092,640,640,765,790],"floor_reached":57,"language":"ZHS","playtime":2701,"items_purged":["hexamod:Defend","hexamod:Sear+1","hexamod:Defend+1","hexamod:Defend+1"],"score":1836,"play_id":"201c4963-8459-4bb5-a0db-a98e234bb6fd","local_time":"20210227202742","is_ascension_mode":false,"campfire_choices":[{"data":"AT_KingSlayer","floor":1.0,"key":"SMITH"},{"data":"hexamod:Float","floor":11.0,"key":"SMITH"},{"floor":18.0,"key":"RECALL"},{"data":"hexamod:Rewind","floor":25,"key":"SMITH"},{"data":"hexamod:ForkedFlame","floor":30,"key":"SMITH"},{"data":"hexamod:TimeOfNeed","floor":35,"key":"SMITH"},{"floor":47,"key":"REST"},{"floor":54,"key":"REST"}],"circlet_count":0,"master_deck":["hexamod:Strike+1","hexamod:Strike+1","hexamod:Strike+1","hexamod:Strike+1","hexamod:Defend+1","hexamod:Float+1","AT_KingSlayer+1","Regret","downfall:Icky","Clumsy","Writhe","hexamod:StepThrough+1","hexamod:FourthSeal","hexamod:FirstSeal","Decay","hexamod:Rewind+1","hexamod:SixthSeal","hexamod:TimeWarp+1","hexamod:ForkedFlame+1","hexamod:EtherealExpedition+1","hexamod:TimeOfNeed+1","MostiFishMod:SupremeArchaeology+1","Deep Breath+1","hexamod:Rewind+1","hexamod:GhostOfSpirePast+1"],"relics":["hexamod:SpiritBrand","AT_ATBox","DaveBox","testmod-TestBox","EGODaCapo","testmod-Fanaticism","testmod-Laevatain","Blood Vial","testmod-Antiphasic","downfall:HeartBlessingGreen","AT_MibuBalloonWealth","testmod-Prudence","downfall:CloakOfManyFaces","CultistMask","FaceOfCleric","NlothsMask","GremlinMask","SsserpentHead","TheAbacus","White Beast Statue","downfall:HeartBlessingRed","Happy Flower","Red Mask","AT_BellowingDragoncrestRing","ExusiaiGun","testmod-IndustrialRevolution","Civilization","Incense Burner","Toy Ornithopter","Pen Nib","Potion Belt","downfall:HeartBlessingBlue","Regal Pillow","testmod-BlackFramedGlasses","Anchor","Centennial Puzzle"],"acts_visited":["Exordium","TheCity","TheBeyond","TheEnding"],"potions_floor_usage":[26,46,56,56,56,56,56],"damage_taken":[{"damage":0.0,"enemies":"2 Louse","floor":2.0,"turns":2.0},{"damage":11.0,"enemies":"Small Slimes","floor":4.0,"turns":3.0},{"damage":11.0,"enemies":"Jaw Worm","floor":6.0,"turns":3.0},{"damage":11.0,"enemies":"3 Louse","floor":8.0,"turns":3.0},{"damage":3.0,"enemies":"Red Slaver","floor":9.0,"turns":2.0},{"damage":22.0,"enemies":"Lagavulin","floor":10.0,"turns":4.0},{"damage":4.0,"enemies":"3 Sentries","floor":13.0,"turns":4.0},{"damage":10.0,"enemies":"downfall:LooterAlt","floor":14.0,"turns":3.0},{"damage":0.0,"enemies":"2 Fungi Beasts","floor":15.0,"turns":2.0},{"damage":0.0,"enemies":"WA_ARCHETYPE_RETAIN","floor":16.0,"turns":1.0},{"damage":18,"enemies":"downfall:FaceTrader","floor":19,"turns":5},{"damage":3,"enemies":"downfall:FleeingMerchant","floor":20,"turns":4},{"damage":14,"enemies":"Chosen","floor":21,"turns":2},{"damage":31,"enemies":"downfall:LooterAlt2","floor":22,"turns":3},{"damage":57,"enemies":"Slavers","floor":23,"turns":4},{"damage":0,"enemies":"Centurion and Healer","floor":26,"turns":3},{"damage":0,"enemies":"Book of Stabbing","floor":27,"turns":1},{"damage":9,"enemies":"Masked Bandits","floor":28,"turns":3},{"damage":33,"enemies":"Slavers","floor":29,"turns":4},{"damage":0,"enemies":"3 Cultists","floor":31,"turns":3},{"damage":2,"enemies":"Chosen and Byrds","floor":32,"turns":2},{"damage":19,"enemies":"SI_MIRROR_ARCHETYPE","floor":33,"turns":3},{"damage":0,"enemies":"3 Shapes","floor":36,"turns":2},{"damage":0,"enemies":"Orb Walker","floor":37,"turns":2},{"damage":0,"enemies":"Jaw Worm Horde","floor":40,"turns":1},{"damage":0,"enemies":"3 Darklings","floor":42,"turns":1},{"damage":0,"enemies":"Writhing Mass","floor":44,"turns":1},{"damage":0,"enemies":"Reptomancer","floor":45,"turns":1},{"damage":2,"enemies":"downfall:LadyInBlue","floor":46,"turns":2},{"damage":0,"enemies":"Giant Head","floor":48,"turns":1},{"damage":0,"enemies":"Jaw Worm Horde","floor":49,"turns":2},{"damage":0,"enemies":"IC_BLOCK_ARCHETYPE","floor":50,"turns":2},{"damage":0,"enemies":"downfall:CharBossMerchant","floor":52,"turns":2},{"damage":17,"enemies":"downfall:NeowBoss","floor":55,"turns":6},{"damage":0,"enemies":"downfall:NeowBossFinal","floor":56,"turns":3}],"seed_played":"-4297203926766594808","potions_obtained":[{"floor":4.0,"key":"Energy Potion"},{"floor":6.0,"key":"SpeedPotion"},{"floor":6.0,"key":"LiquidMemories"},{"floor":9.0,"key":"Block Potion"},{"floor":10.0,"key":"Block Potion"},{"floor":10.0,"key":"hexamod:EctoCoolerPotion"},{"floor":13.0,"key":"Fruit Juice"},{"floor":14.0,"key":"hexamod:EctoCoolerPotion"},{"floor":15.0,"key":"testmod-TestPotion"},{"floor":26,"key":"testmod-TimePotion"},{"floor":31,"key":"PowerPotion"},{"floor":32,"key":"PowerPotion"},{"floor":33,"key":"DuplicationPotion"},{"floor":46,"key":"PowerPotion"},{"floor":46,"key":"GamblersBrew"},{"floor":46,"key":"testmod-SpacePotion"},{"floor":46,"key":"champ:CounterPotion"},{"floor":48,"key":"SpeedPotion"},{"floor":48,"key":"Ancient Potion"},{"floor":52,"key":"Swift Potion"}],"is_trial":false,"path_per_floor":["R","M","?","M","?","M","T","M","M","E","R","?","E","M","M","B",null,"R","?","$","M","M","E","T","R","M","E","?","E","R","M","M","B",null,"R","M","M","?","$","M","T","M","$","M","E","?","R","E","M","B",null,"E","$","R","B","B",null],"character_chosen":"THE_SPIRIT","items_purchased":["hexamod:ForkedFlame","TheAbacus","testmod-IndustrialRevolution","Civilization","MostiFishMod:SupremeArchaeology","Deep Breath","Incense Burner","Toy Ornithopter","Anchor","Centennial Puzzle"],"campfire_rested":2,"item_purchase_floors":[20,20,39,39,39,43,43,43,53,53],"current_hp_per_floor":[77,77,77,69,69,62,62,56,56,69,69,69,76,82,82,82,82,82,82,83,84,85,91,91,91,92,93,94,95,95,96,97,98,98,98,99,100,100,100,104,104,109,109,115,121,127,137,143,149,155,155,161,161,161,167,173],"gold":790,"neow_bonus":"TEN_PERCENT_HP_BONUS","is_daily":false,"chose_seed":false,"campfire_upgraded":5,"win_rate":0.0,"timestamp":1614428862,"path_taken":["R","M","?","M","?","M","T","?","M","E","R","?","E","?","M","BOSS","R","?","$","?","M","E","T","R","M","E","?","E","R","M","M","BOSS","R","M","M","?","$","M","T","M","$","M","E","?","R","E","M","BOSS","E","$","R","BOSS","BOSS"],"items_purchased_type":["Card","Relic","Relic","Relic","Card","Card","Relic","Relic","Relic","Relic"],"build_version":"2020-12-22","purchased_purges":4,"victory":true,"max_hp_per_floor":[77,77,77,77,77,77,77,77,77,77,77,77,77,82,82,82,82,82,82,83,84,85,91,91,91,92,93,94,95,95,96,97,98,98,98,99,100,100,100,104,104,109,109,115,121,127,137,143,149,155,155,161,161,161,167,173],"card_choices":[{"not_picked":["hexamod:HeatMetal","hexamod:GhostShield","hexamod:HeatShield"],"picked":"SKIP","floor":2.0},{"not_picked":["hexamod:HeatShield","hexamod:ShieldOfDarkness"],"picked":"hexamod:StepThrough","floor":4.0},{"not_picked":["hexamod:StepThrough","hexamod:InspiringFlames","hexamod:AdvancingGuard"],"picked":"SKIP","floor":6.0},{"not_picked":["hexamod:NightmareGuise","hexamod:GhostLash"],"picked":"hexamod:FirstSeal","floor":8.0},{"not_picked":["hexamod:AdvancingGuard","hexamod:PhantomCloak","hexamod:BurningTouch"],"picked":"SKIP","floor":9.0},{"not_picked":["hexamod:GhostflameBarrier","hexamod:ChargedBarrage","hexamod:HexaLevel"],"picked":"SKIP","floor":10.0},{"not_picked":["hexamod:NightmareStrike","hexamod:Haunt"],"picked":"hexamod:Rewind","floor":13.0},{"not_picked":["hexamod:GhostOfSpireFuture","hexamod:FastForward","hexamod:Rewind"],"picked":"SKIP","floor":14.0},{"not_picked":["hexamod:NightmareStrike","hexamod:RetreatToShadows","hexamod:FastForward"],"picked":"SKIP","floor":15.0},{"not_picked":["hexamod:HexaLevel","hexamod:VolcanoVisage"],"picked":"hexamod:SixthSeal","floor":16.0},{"not_picked":["hexamod:HeatMetal","hexamod:PhantomCloak"],"picked":"hexamod:TimeWarp","floor":20},{"not_picked":["hexamod:DynamicBlow","hexamod:Hexaguard+1","hexamod:SpectersWail"],"picked":"SKIP","floor":21},{"not_picked":["hexamod:BacktrackSmack","hexamod:NightmareGuise+1","hexamod:FirstSeal"],"picked":"SKIP","floor":22},{"not_picked":["hexamod:GhostLash","hexamod:SoulSteal","hexamod:SkipABeat"],"picked":"SKIP","floor":23},{"not_picked":["hexamod:GhostLash","hexamod:AdvancingGuard","hexamod:RetreatToShadows"],"picked":"SKIP","floor":26},{"not_picked":["hexamod:GhostLash","hexamod:ExtraCrispy+1","hexamod:SpectersWail+1"],"picked":"SKIP","floor":27},{"not_picked":["hexamod:GhostShield","hexamod:SwordOfDarkness"],"picked":"hexamod:EtherealExpedition","floor":28},{"not_picked":["hexamod:ThermalTransfer","hexamod:RadiantFlame+1","hexamod:StepThrough"],"picked":"SKIP","floor":29},{"not_picked":["hexamod:VolcanoVisage","hexamod:Again","hexamod:NightmareGuise+1"],"picked":"SKIP","floor":31},{"not_picked":["hexamod:VolcanoVisage","hexamod:Again","hexamod:NightmareGuise+1"],"picked":"SKIP","floor":31},{"not_picked":["hexamod:NightmareStrike+1","hexamod:GhostOfSpirePast+1","hexamod:GhostOfSpireFuture"],"picked":"SKIP","floor":32},{"not_picked":["hexamod:HexaLevel","hexamod:ForkedFlame"],"picked":"hexamod:TimeOfNeed","floor":33},{"not_picked":["hexamod:InspiringFlames","hexamod:HeatCrush","hexamod:GhostShield+1"],"picked":"SKIP","floor":36},{"not_picked":["hexamod:HeatMetal+1","hexamod:FourthSeal","hexamod:NightmareGuise"],"picked":"SKIP","floor":37},{"not_picked":["hexamod:HauntingEcho+1","hexamod:GhostLash","hexamod:BurningTouch"],"picked":"SKIP","floor":40},{"not_picked":["hexamod:DynamicBlow","hexamod:HexaLevel","hexamod:Hexaguard+1"],"picked":"SKIP","floor":42},{"not_picked":["hexamod:GhostShield","hexamod:ChargedBarrage+1","hexamod:Hexaguard+1"],"picked":"SKIP","floor":44},{"not_picked":["hexamod:ShieldOfDarkness+1","hexamod:StepThrough+1","hexamod:VolcanoVisage"],"picked":"SKIP","floor":45},{"not_picked":["hexamod:GhostflameBarrier","hexamod:Rewind","hexamod:ExtraCrispy+1"],"picked":"SKIP","floor":48},{"not_picked":["hexamod:GhostflameBarrier","hexamod:ExtraCrispy+1"],"picked":"hexamod:Rewind","floor":48},{"not_picked":["hexamod:RainOfEmbers+1","hexamod:StepThrough"],"picked":"hexamod:GhostOfSpirePast+1","floor":49},{"not_picked":["hexamod:RetreatToShadows+1","hexamod:GhostOfSpireFuture","hexamod:RecurringNightmare"],"picked":"SKIP","floor":52},{"not_picked":["hexamod:RetreatToShadows+1","hexamod:GhostOfSpireFuture","hexamod:RecurringNightmare"],"picked":"SKIP","floor":52}],"player_experience":115587,"relics_obtained":[{"floor":7.0,"key":"Blood Vial"},{"floor":10.0,"key":"testmod-Antiphasic"},{"floor":13.0,"key":"AT_MibuBalloonWealth"},{"floor":19,"key":"downfall:CloakOfManyFaces"},{"floor":23,"key":"White Beast Statue"},{"floor":27,"key":"Happy Flower"},{"floor":28,"key":"Red Mask"},{"floor":29,"key":"AT_BellowingDragoncrestRing"},{"floor":45,"key":"Pen Nib"},{"floor":46,"key":"Potion Belt"},{"floor":48,"key":"Regal Pillow"},{"floor":52,"key":"testmod-BlackFramedGlasses"}],"event_choices":[{"damage_healed":0.0,"max_hp_gain":0.0,"max_hp_loss":0.0,"gold_gain":0.0,"event_name":"Big Fish","player_choice":"Box","floor":3.0,"gold_loss":0.0,"damage_taken":0.0,"relics_obtained":["testmod-Laevatain"],"cards_obtained":["Regret"]},{"damage_healed":0.0,"max_hp_gain":0.0,"max_hp_loss":0.0,"gold_gain":0.0,"event_name":"Wheel of Change","player_choice":"Cursed","floor":12.0,"gold_loss":0.0,"damage_taken":0.0,"cards_obtained":["Decay"]},{"damage_healed":0,"gold_gain":0,"player_choice":"Fought Bandits","damage_taken":0,"max_hp_gain":0,"max_hp_loss":0,"event_name":"Masked Bandits","floor":28,"gold_loss":0}],"is_beta":false,"boss_relics":[{"not_picked":["Cursed Key","testmod-Temperance"],"picked":"testmod-Prudence"},{"not_picked":["SlaversCollar","xbg"],"picked":"ExusiaiGun"}],"items_purged_floors":[20,39,43,53],"is_endless":false,"potions_floor_spawned":[4,6,9,10,16,19,21,26,27,28,29,31,32,33,36,37,40,42,44,45,46,48,49,52],"ascension_level":0}}