{"host":"1y3caoxlf2txzqg0","time":1614449788,"event":{"mods":["Alarm Clock","BaseMod","Colored Map","DeckTracker","Downfall","GifTheSpireLib","Minty Spire (QoL Compilation)","Rare Cards Sparkle","Relic Stats","Spire Birthday Party","StSLib"],"gold_per_floor":[99,114,114,114,128,142,142,42,61,46,72,85,108,135,147,253,253,253,280,306,414,434,434,457,457,477,477,514,540,308,308,321,432,432,232,252,276,376,75,93,93,93,135,135,135,175,188,208,235,235,235,235],"floor_reached":50,"language":"DEU","playtime":9436,"items_purged":[],"score":666,"play_id":"3a1dd5ea-aa24-4e39-8535-8db486675a98","local_time":"20210227191628","is_ascension_mode":true,"campfire_choices":[{"floor":1.0,"key":"RECALL"},{"floor":8.0,"key":"REST"},{"data":"hexamod:GiftsFromTheDead","floor":18.0,"key":"SMITH"},{"floor":25.0,"key":"REST"},{"data":"hexamod:HexaLevel","floor":35.0,"key":"SMITH"},{"data":"hexamod:GiftsFromTheDead","floor":42.0,"key":"SMITH"},{"data":"hexamod:TimeOfNeed","floor":44.0,"key":"SMITH"}],"circlet_count":0,"master_deck":["hexamod:Strike","hexamod:Strike","hexamod:Strike","hexamod:Defend","hexamod:Defend+1","hexamod:Defend","hexamod:Defend","hexamod:Sear","hexamod:Float","hexamod:HauntingEcho","hexamod:EmpoweredFlame","hexamod:ExtraCrispy","hexamod:HauntingEcho","hexamod:ForkedFlame+1","hexamod:HeatCrush","hexamod:SecondSeal","hexamod:SpectersWail","hexamod:InspiringFlames","hexamod:RadiantFlame","hexamod:GiftsFromTheDead+1","hexamod:BurningTouch+1","hexamod:GhostShield+1","hexamod:ThirdSeal","hexamod:GhostflameBarrier+1","hexamod:SoulSteal+1","hexamod:HexaLevel+1","hexamod:FastForward+1","hexamod:NightmareGuise","hexamod:FourthSeal","hexamod:TimeOfNeed+1","hexamod:FourthSeal","hexamod:FifthSeal","hexamod:GiftsFromTheDead+1","hexamod:FirstSeal","hexamod:FirstSeal","hexamod:Incineration+1","CurseOfTheBell","CurseOfTheBell","Pain","hexamod:HeatCrush","hexamod:FourthSeal","hexamod:Firestarter","hexamod:AdvancingGuard+1","hexamod:FifthSeal","hexamod:ThermalTransfer+1","hexamod:SecondSeal","hexamod:InspiringFlames+1","hexamod:FirstSeal","hexamod:Hexaguard+1","hexamod:GhostOfSpirePresent+1","hexamod:GhostOfSpireFuture+1","hexamod:FlamesFromBeyond"],"relics":["hexamod:SpiritBrand","Akabeko","Regal Pillow","Pantograph","downfall:HeartBlessingRed","Shuriken","HornCleat","Philosopher\u0027s Stone","hexamod:SoulConsumer","Bottled Lightning","MealTicket","Pen Nib","Lee\u0027s Waffle","SacredBark","downfall:HeartBlessingBlue","downfall:HeartBlessingGreen","downfall:ExtraCursedBell","War Paint","Frozen Egg 2","StoneCalendar","Bird Faced Urn","Blood Vial","Slimebound:StickyStick","Bottled Flame"],"acts_visited":["Exordium","TheCity","TheBeyond"],"potions_floor_usage":[50,50],"damage_taken":[{"damage":0.0,"enemies":"Cultist","floor":2.0,"turns":4.0},{"damage":0.0,"enemies":"2 Louse","floor":5.0,"turns":2.0},{"damage":0.0,"enemies":"Jaw Worm","floor":6.0,"turns":4.0},{"damage":0.0,"enemies":"Large Slime","floor":9.0,"turns":5.0},{"damage":0.0,"enemies":"downfall:FleeingMerchant","floor":10.0,"turns":4.0},{"damage":16.0,"enemies":"Lagavulin","floor":11.0,"turns":4.0},{"damage":0.0,"enemies":"3 Louse","floor":12.0,"turns":2.0},{"damage":0.0,"enemies":"Gremlin Gang","floor":13.0,"turns":4.0},{"damage":12.0,"enemies":"Gremlin Nob","floor":14.0,"turns":3.0},{"damage":0.0,"enemies":"Large Slime","floor":15.0,"turns":3.0},{"damage":20.0,"enemies":"IC_STATUS_ARCHETYPE","floor":16.0,"turns":6.0},{"damage":17.0,"enemies":"3 Byrds","floor":19.0,"turns":4.0},{"damage":6.0,"enemies":"Shell Parasite","floor":20.0,"turns":3.0},{"damage":12.0,"enemies":"Colosseum Nobs","floor":21.0,"turns":4.0},{"damage":19.0,"enemies":"Sentry and Sphere","floor":22.0,"turns":5.0},{"damage":19.0,"enemies":"Snake Plant","floor":26.0,"turns":3.0},{"damage":3.0,"enemies":"Gremlin Leader","floor":28.0,"turns":6.0},{"damage":3.0,"enemies":"3 Cultists","floor":29.0,"turns":5.0},{"damage":0.0,"enemies":"downfall:FleeingMerchant","floor":30.0,"turns":4.0},{"damage":7.0,"enemies":"Centurion and Healer","floor":32.0,"turns":5.0},{"damage":45.0,"enemies":"WA_ARCHETYPE_CALM","floor":33.0,"turns":9.0},{"damage":16.0,"enemies":"Orb Walker","floor":36.0,"turns":4.0},{"damage":13.0,"enemies":"3 Shapes","floor":37.0,"turns":6.0},{"damage":0.0,"enemies":"downfall:FleeingMerchant","floor":39.0,"turns":4.0},{"damage":11.0,"enemies":"Transient","floor":40.0,"turns":5.0},{"damage":57.0,"enemies":"Giant Head","floor":43.0,"turns":10.0},{"damage":76.0,"enemies":"Reptomancer","floor":46.0,"turns":7.0},{"damage":5.0,"enemies":"Sphere and 2 Shapes","floor":47.0,"turns":5.0},{"damage":26.0,"enemies":"Jaw Worm Horde","floor":48.0,"turns":3.0},{"damage":19.0,"enemies":"Maw","floor":49.0,"turns":6.0},{"damage":175,"enemies":"DF_ARCHETYPE_ORBS","floor":50,"turns":10}],"seed_played":"-1438802774794201621","potions_obtained":[{"floor":2.0,"key":"hexamod:SoulburnPotion"},{"floor":5.0,"key":"EssenceOfSteel"},{"floor":13.0,"key":"GamblersBrew"},{"floor":14.0,"key":"hexamod:EctoCoolerPotion"},{"floor":16.0,"key":"ColorlessPotion"},{"floor":21.0,"key":"Strength Potion"},{"floor":22.0,"key":"LiquidMemories"},{"floor":29.0,"key":"sneckomod:MuddlingPotion"},{"floor":30.0,"key":"Ancient Potion"},{"floor":32.0,"key":"bronze:BurnAndBuffPotion"},{"floor":32.0,"key":"Block Potion"},{"floor":33.0,"key":"Strength Potion"},{"floor":33.0,"key":"Swift Potion"},{"floor":36.0,"key":"Guardian:BlockOnCardUsePotion"},{"floor":37.0,"key":"FairyPotion"},{"floor":39.0,"key":"EntropicBrew"},{"floor":40.0,"key":"Weak Potion"},{"floor":43.0,"key":"Weak Potion"},{"floor":46.0,"key":"hexamod:SoulburnPotion"},{"floor":46.0,"key":"FearPotion"},{"floor":47.0,"key":"LiquidMemories"},{"floor":47.0,"key":"SteroidPotion"},{"floor":48.0,"key":"Strength Potion"},{"floor":49.0,"key":"SkillPotion"}],"is_trial":false,"path_per_floor":["R","M","?","?","M","M","T","R","M","$","E","M","M","E","M","B",null,"R","M","M","?","M","?","T","R","M","?","E","M","$","T","M","B",null,"R","M","M","?","$","M","T","R","E","R","?","E","M","M","M","B"],"character_chosen":"THE_SPIRIT","items_purchased":["Lee\u0027s Waffle","hexamod:FourthSeal","Bird Faced Urn"],"campfire_rested":2,"item_purchase_floors":[30,30,39],"current_hp_per_floor":[70,70,70,52,52,52,52,70,70,70,54,54,54,42,42,47,70,70,53,47,35,16,16,16,52,37,37,38,39,77,77,74,36,77,87,75,80,80,87,87,87,87,64,64,64,32,54,40,52,0,0,0],"gold":235,"neow_bonus":"RANDOM_COMMON_RELIC","is_daily":false,"chose_seed":false,"campfire_upgraded":4,"win_rate":0.0,"timestamp":1614449788,"path_taken":["R","M","?","?","M","M","T","R","M","$","E","M","?","E","M","BOSS","R","M","M","?","M","?","T","R","?","?","E","M","$","?","M","BOSS","R","M","M","?","$","M","T","R","E","R","?","E","M","?","M","BOSS"],"items_purchased_type":["Relic","Card","Relic"],"build_version":"2020-12-22","purchased_purges":0,"victory":false,"max_hp_per_floor":[70,70,70,70,70,70,70,70,70,70,70,70,70,70,70,70,70,70,70,70,70,70,70,70,70,70,70,70,70,77,77,77,77,77,87,87,87,87,87,87,87,87,87,87,87,87,87,87,87,87,87,87],"relic_stats":{"Blood Vial":10,"Regal Pillow":15,"Lee\u0027s Waffle":23,"counters":[31,149],"Shuriken":[8],"Pantograph":53,"Bird Faced Urn":[120],"MealTicket":22,"StoneCalendar":[111],"Pen Nib":[8],"War Paint":["hexamod:SoulSteal","hexamod:Defend"],"obtain_stats":[{"Regal Pillow":4,"Lee\u0027s Waffle":30,"downfall:HeartBlessingRed":8,"SacredBark":34,"downfall:HeartBlessingGreen":35,"StoneCalendar":38,"Pen Nib":28,"War Paint":38,"Frozen Egg 2":38,"Akabeko":0,"Blood Vial":41,"Bottled Flame":46,"HornCleat":14,"Shuriken":11,"downfall:HeartBlessingBlue":35,"Slimebound:StickyStick":43,"Pantograph":7,"Bird Faced Urn":39,"Philosopher\u0027s Stone":17,"MealTicket":24,"hexamod:SoulConsumer":21,"Bottled Lightning":21,"downfall:ExtraCursedBell":38,"hexamod:SpiritBrand":0},{"Regal Pillow":1,"Lee\u0027s Waffle":19,"downfall:HeartBlessingRed":3,"SacredBark":21,"downfall:HeartBlessingGreen":21,"StoneCalendar":23,"Pen Nib":17,"War Paint":23,"Frozen Egg 2":23,"Akabeko":0,"Blood Vial":25,"Bottled Flame":27,"HornCleat":9,"Shuriken":6,"downfall:HeartBlessingBlue":21,"Slimebound:StickyStick":26,"Pantograph":3,"Bird Faced Urn":24,"Philosopher\u0027s Stone":11,"MealTicket":15,"hexamod:SoulConsumer":14,"Bottled Lightning":14,"downfall:ExtraCursedBell":23,"hexamod:SpiritBrand":0},{"Regal Pillow":4,"Lee\u0027s Waffle":75,"downfall:HeartBlessingRed":10,"SacredBark":89,"downfall:HeartBlessingGreen":89,"StoneCalendar":99,"Pen Nib":66,"War Paint":99,"Frozen Egg 2":99,"Akabeko":0,"Blood Vial":108,"Bottled Flame":125,"HornCleat":32,"Shuriken":23,"downfall:HeartBlessingBlue":89,"Slimebound:StickyStick":118,"Pantograph":10,"Bird Faced Urn":103,"Philosopher\u0027s Stone":41,"MealTicket":57,"hexamod:SoulConsumer":52,"Bottled Lightning":52,"downfall:ExtraCursedBell":99,"hexamod:SpiritBrand":0}]},"card_choices":[{"not_picked":["hexamod:RetreatToShadows","hexamod:NightmareStrike"],"picked":"hexamod:HauntingEcho","floor":2.0},{"not_picked":["hexamod:ThermalTransfer","hexamod:SpectersWail"],"picked":"hexamod:EmpoweredFlame","floor":5.0},{"not_picked":["hexamod:PhantomCloak","hexamod:ShieldOfDarkness"],"picked":"hexamod:ExtraCrispy","floor":6.0},{"not_picked":["hexamod:BacktrackSmack","hexamod:GhostOfSpireFuture"],"picked":"hexamod:HauntingEcho","floor":9.0},{"not_picked":["hexamod:ThermalTransfer","hexamod:Firestarter"],"picked":"hexamod:ForkedFlame","floor":10.0},{"not_picked":["hexamod:BacktrackSmack","hexamod:Firestarter"],"picked":"hexamod:HeatCrush","floor":11.0},{"not_picked":["hexamod:FastForward","hexamod:RadiantFlame"],"picked":"hexamod:SecondSeal","floor":12.0},{"not_picked":["hexamod:SixthSeal","hexamod:CatchUp"],"picked":"hexamod:SpectersWail","floor":13.0},{"not_picked":["hexamod:ShieldOfDarkness","hexamod:SwordOfDarkness"],"picked":"hexamod:InspiringFlames","floor":14.0},{"not_picked":["hexamod:SpectersWail","hexamod:EtherealExpedition"],"picked":"hexamod:RadiantFlame","floor":15.0},{"not_picked":["hexamod:FlameSwitch","hexamod:ParanormalForm"],"picked":"hexamod:GiftsFromTheDead","floor":16.0},{"not_picked":["hexamod:ShieldOfDarkness","hexamod:SpectersWail"],"picked":"hexamod:BurningTouch+1","floor":19.0},{"not_picked":["hexamod:PhantomFireball","hexamod:RetreatToShadows","hexamod:DynamicBlow"],"picked":"SKIP","floor":20.0},{"not_picked":["hexamod:AdvancingGuard","hexamod:SpectersWail+1"],"picked":"hexamod:GhostShield+1","floor":21.0},{"not_picked":["hexamod:NightmareStrike","hexamod:SpectralSpark"],"picked":"hexamod:ThirdSeal","floor":22.0},{"not_picked":["hexamod:ThermalTransfer+1","hexamod:NightmareGuise+1"],"picked":"hexamod:GhostflameBarrier+1","floor":26.0},{"not_picked":["hexamod:GhostShield","hexamod:ThirdSeal"],"picked":"hexamod:SoulSteal","floor":26.0},{"not_picked":["hexamod:PhantomCloak","hexamod:NightmareStrike"],"picked":"hexamod:HexaLevel","floor":28.0},{"not_picked":["hexamod:BurningTouch+1","hexamod:ExtraCrispy"],"picked":"hexamod:FastForward+1","floor":28.0},{"not_picked":["hexamod:NightmareStrike","hexamod:RadiantFlame"],"picked":"hexamod:NightmareGuise","floor":29.0},{"not_picked":["hexamod:DynamicBlow","hexamod:RadiantFlame+1"],"picked":"hexamod:FourthSeal","floor":29.0},{"not_picked":["hexamod:AdvancingGuard","hexamod:NightmareStrike"],"picked":"hexamod:TimeOfNeed","floor":30.0},{"not_picked":["hexamod:RainOfEmbers","hexamod:SpectersWail","hexamod:GhostShield"],"picked":"SKIP","floor":32.0},{"not_picked":["hexamod:FastForward","hexamod:ShieldOfDarkness","hexamod:RetreatToShadows"],"picked":"SKIP","floor":32.0},{"not_picked":["hexamod:TimeWarp","hexamod:ForkedFlame"],"picked":"hexamod:FifthSeal","floor":33.0},{"not_picked":["hexamod:HexaLevel","hexamod:GhostflameInferno"],"picked":"hexamod:GiftsFromTheDead","floor":33.0},{"not_picked":["hexamod:ThirdSeal","hexamod:SecondSeal"],"picked":"hexamod:FirstSeal","floor":36.0},{"not_picked":["hexamod:ShieldOfDarkness","hexamod:BacktrackSmack"],"picked":"hexamod:FirstSeal","floor":36.0},{"not_picked":["hexamod:HeatMetal","hexamod:Toasty"],"picked":"hexamod:Incineration","floor":36.0},{"not_picked":["hexamod:ShieldOfDarkness+1","hexamod:SecondSeal","hexamod:Firestarter+1"],"picked":"SKIP","floor":37.0},{"not_picked":["hexamod:ShieldOfDarkness+1","hexamod:EtherealExpedition","hexamod:Rewind"],"picked":"SKIP","floor":37.0},{"not_picked":["hexamod:ShieldOfDarkness","hexamod:Haunt+1"],"picked":"hexamod:HeatCrush","floor":39.0},{"not_picked":["hexamod:SecondSeal","hexamod:SixthSeal"],"picked":"hexamod:FourthSeal","floor":39.0},{"not_picked":["hexamod:AdvancingGuard","hexamod:GhostShield"],"picked":"hexamod:Firestarter","floor":39.0},{"not_picked":["hexamod:Rewind","hexamod:BacktrackSmack+1"],"picked":"hexamod:AdvancingGuard+1","floor":40.0},{"not_picked":["hexamod:SwordOfDarkness+1","hexamod:Rewind+1","hexamod:ForkedFlame"],"picked":"SKIP","floor":40.0},{"not_picked":["hexamod:SwordOfDarkness","hexamod:RetreatToShadows+1"],"picked":"hexamod:FifthSeal","floor":43.0},{"not_picked":["hexamod:Incineration+1","hexamod:NightmareGuise+1"],"picked":"hexamod:ThermalTransfer+1","floor":43.0},{"not_picked":["hexamod:ThirdSeal","hexamod:FourthSeal"],"picked":"hexamod:SecondSeal","floor":46.0},{"not_picked":["hexamod:GhostLash","hexamod:HauntingEcho"],"picked":"hexamod:InspiringFlames+1","floor":46.0},{"not_picked":["hexamod:SixthSeal","hexamod:FourthSeal"],"picked":"hexamod:FirstSeal","floor":47.0},{"not_picked":["hexamod:GhostLash","hexamod:SwordOfDarkness+1"],"picked":"hexamod:Hexaguard+1","floor":47.0},{"not_picked":["hexamod:NightmareGuise","hexamod:SuperheatedStrike"],"picked":"hexamod:GhostOfSpirePresent+1","floor":47.0},{"not_picked":["hexamod:BacktrackSmack","hexamod:Hexaguard+1"],"picked":"hexamod:GhostOfSpireFuture+1","floor":48.0},{"not_picked":["hexamod:HeatShield","hexamod:FastForward"],"picked":"hexamod:FlamesFromBeyond","floor":49.0},{"not_picked":["hexamod:FirstSeal","hexamod:Again","hexamod:RainOfEmbers+1"],"picked":"SKIP","floor":49.0}],"player_experience":1072177,"relics_obtained":[{"floor":7.0,"key":"Pantograph"},{"floor":11.0,"key":"Shuriken"},{"floor":14.0,"key":"HornCleat"},{"floor":21.0,"key":"hexamod:SoulConsumer"},{"floor":21.0,"key":"Bottled Lightning"},{"floor":24.0,"key":"MealTicket"},{"floor":28.0,"key":"Pen Nib"},{"floor":38.0,"key":"War Paint"},{"floor":38.0,"key":"Frozen Egg 2"},{"floor":38.0,"key":"StoneCalendar"},{"floor":41.0,"key":"Blood Vial"},{"floor":43.0,"key":"Slimebound:StickyStick"},{"floor":46.0,"key":"Bottled Flame"}],"event_choices":[{"damage_healed":0.0,"max_hp_gain":0.0,"max_hp_loss":0.0,"gold_gain":0.0,"event_name":"Scrap Ooze","player_choice":"Success","floor":4.0,"gold_loss":0.0,"damage_taken":18.0,"relics_obtained":["Regal Pillow"]}],"is_beta":false,"boss_relics":[{"not_picked":["Calling Bell","Black Star"],"picked":"Philosopher\u0027s Stone"},{"not_picked":["Snecko Eye","Pandora\u0027s Box"],"picked":"SacredBark"}],"items_purged_floors":[],"is_endless":false,"potions_floor_spawned":[2,5,13,14,16,21,22,29,32,33,37,43,48],"killed_by":"DF_ARCHETYPE_ORBS","ascension_level":1}}