{"host":"g2dipcf2fg7v2dle","time":1614415140,"event":{"mods":["AchievementEnabler","Aspiration","BaseMod","Bestiary","Better Third Choice","BetterRewards","Challenge The Spire","Colored Map","Colored Powertips","Conspire","Curses Come First","DeckTracker","GifTheSpireLib","Googly Eyes","Halation","Hubris","Infinite Spire","Minty Spire (QoL Compilation)","Relic Sorter","Relic Stats","Replay The Spire","Spicy Shops","Spire Arcade","StSLib","Stuff the Spire","SuperFastMode","The Jungle","The Servant 0.9.4","Trackpad","Waifu the Spire"],"gold_per_floor":[117,117,72,72,160,194,205,240,313,313,336,336,34,45,45,149,149,165,193,203,213,213,213,246,258,306,317,15,15,48,61,61,159,159,176,186,186,536,106,106,155,155,206,206,206,206,218,218,218,218],"floor_reached":51,"language":"ENG","playtime":2464,"items_purged":["Regret"],"score":939,"play_id":"11b739fc-a1f3-4b5d-b44c-5ce2c37bda14","local_time":"20210227033900","is_ascension_mode":false,"campfire_choices":[{"floor":12,"key":"REST"},{"floor":15,"key":"REST"},{"floor":23,"key":"REST"},{"floor":29,"key":"REST"},{"floor":32,"key":"REST"},{"data":"Sneak Up","floor":40,"key":"SMITH"},{"floor":44,"key":"REST"},{"floor":46,"key":"REST"},{"data":"Finisher","floor":49,"key":"SMITH"}],"circlet_count":0,"master_deck":["Strike_G","Strike_G","Strike_G","Strike_G","Strike_G","Defend_G","Defend_G","Defend_G","Defend_G","Defend_G","Survivor","Neutralize","Accuracy","Hidden Blade","Underhanded Strike","Acrobatics","Quick Slash","Unload","Caltrops","Slice","Finisher+1","Venomology","Endless Agony","Outmaneuver","Quick Slash+1","Blade Dance+1","Slice+1","Pot Of Greed","Pot Of Greed","Pot Of Greed","Prepared+1","Sneak Up+1","Corpse Explosion","Dodge and Roll+1","Deflect+1","Calculated Gamble","Well Laid Plans","Backflip","Flash of Steel","Pot Of Greed"],"relics":["Strawberry","halation:EternalFortune","trackpad:AdjectivePendant","conspire:BottledYoYo","StuffTheSpire:Tea","Sizzling Blood","Bronze Scales","trackpad:PocketGalaxy","Pen Nib","Black Star","aspiration:Lifesprig","hubris:Towel","hubris:CuriousFeather","StuffTheSpire:GrapeVine","Blue Doll","TungstenRod","ClockworkSouvenir","infinitespire:PuzzleCube","Grinning Jar","trackpad:Coffee","Old Coin","trackpad:ChainingVapors","Nunchaku","BargainBundle","trackpad:ToughGloves","Art of War","CaptainsWheel"],"acts_visited":["Exordium","TheCity","TheBeyond"],"potions_floor_usage":[8,16,16,24,24,24,25,27,36],"damage_taken":[{"damage":0,"enemies":"2 Louse","floor":1,"turns":4},{"damage":39,"enemies":"Lagavulin","floor":6,"turns":10},{"damage":0,"enemies":"Small Slimes","floor":7,"turns":2},{"damage":22,"enemies":"Gremlin Nob","floor":8,"turns":4},{"damage":3,"enemies":"Jaw Worm","floor":14,"turns":2},{"damage":33,"enemies":"Hexaghost","floor":16,"turns":4},{"damage":6,"enemies":"3 Byrds","floor":18,"turns":2},{"damage":32,"enemies":"conspire:MimicChest","floor":19,"turns":4},{"damage":15,"enemies":"Shell Parasite","floor":20,"turns":3},{"damage":0,"enemies":"Sentry and Sphere","floor":21,"turns":3},{"damage":47,"enemies":"Slavers","floor":24,"turns":4},{"damage":24,"enemies":"Shelled Parasite and Fungi","floor":25,"turns":4},{"damage":12,"enemies":"Centurion and Healer","floor":27,"turns":3},{"damage":24,"enemies":"Gremlin Leader","floor":30,"turns":3},{"damage":13,"enemies":"Snake Plant","floor":31,"turns":2},{"damage":5,"enemies":"conspire:MysteriousRune","floor":33,"turns":5},{"damage":10,"enemies":"3 Shapes","floor":35,"turns":4},{"damage":12,"enemies":"3 Darklings","floor":36,"turns":3},{"damage":13,"enemies":"Mind Bloom Boss Battle","floor":38,"turns":6},{"damage":60,"enemies":"2 Orb Walkers","floor":41,"turns":5},{"damage":5,"enemies":"Sphere and 2 Shapes","floor":47,"turns":4},{"damage":0,"enemies":"hubris:GrandSnecko","floor":50,"turns":13}],"seed_played":"-1573463137352981692","potions_obtained":[{"floor":6,"key":"FairyPotion"},{"floor":7,"key":"PowerPotion"},{"floor":8,"key":"GamblersBrew"},{"floor":14,"key":"Poison Potion"},{"floor":20,"key":"GamblersBrew"},{"floor":21,"key":"Explosive Potion"},{"floor":24,"key":"GhostInAJar"},{"floor":31,"key":"Weak Potion"},{"floor":35,"key":"Doom Potion"},{"floor":36,"key":"FairyPotion"}],"is_trial":false,"path_per_floor":["M","?","$","?","?","E","M","E","T","?","T","R","$","M","R","B",null,"M","?","M","M","?","R","E","M","T","M","$","R","E","M","R","B",null,"M","M","?","?","$","R","?","?","T","R","T","R","M","?","R","B",null],"character_chosen":"THE_SILENT","items_purchased":["Hidden Blade","trackpad:PocketGalaxy","Pen Nib","TungstenRod","ClockworkSouvenir","trackpad:ChainingVapors","Nunchaku","BargainBundle","Well Laid Plans"],"campfire_rested":7,"item_purchase_floors":[3,13,13,28,28,39,39,39,39],"current_hp_per_floor":[77,80,80,80,80,41,41,19,19,23,23,48,48,49,74,45,84,82,54,43,47,47,72,29,9,9,29,29,54,34,25,50,49,84,78,70,70,61,61,61,8,11,11,38,38,65,64,64,64,68],"gold":218,"neow_bonus":"RANDOM_EVENT","is_daily":false,"chose_seed":false,"campfire_upgraded":2,"win_rate":0.0,"timestamp":1614415140,"path_taken":["M","?","$","?","?","E","?","E","T","?","?","R","$","M","R","BOSS","M","?","?","M","?","R","E","M","T","M","?","R","E","M","R","BOSS","M","M","?","?","$","R","?","?","T","R","?","R","?","?","R","BOSS"],"items_purchased_type":["Card","Relic","Relic","Relic","Relic","Relic","Relic","Relic","Card"],"build_version":"2020-12-22","purchased_purges":1,"victory":true,"max_hp_per_floor":[77,80,80,80,80,80,80,80,80,84,84,84,84,84,84,84,84,84,84,84,84,84,84,84,84,84,84,84,84,84,84,84,84,84,84,84,84,84,84,84,87,90,90,90,90,90,90,90,90,90],"relic_stats":{"Nunchaku":[6],"counters":[22,94],"Bronze Scales":[179],"Pen Nib":[22],"Black Star":2,"Art of War":[0],"obtain_stats":[{"aspiration:Lifesprig":19,"Blue Doll":26,"Sizzling Blood":10,"StuffTheSpire:GrapeVine":24,"ClockworkSouvenir":28,"Old Coin":38,"trackpad:Coffee":34,"trackpad:PocketGalaxy":13,"trackpad:ToughGloves":41,"Nunchaku":39,"Strawberry":0,"hubris:CuriousFeather":24,"trackpad:AdjectivePendant":6,"Ring of the Snake":0,"StuffTheSpire:Tea":9,"trackpad:ChainingVapors":39,"BargainBundle":39,"Pen Nib":13,"hubris:Towel":22,"CaptainsWheel":45,"Bronze Scales":11,"halation:EternalFortune":2,"conspire:BottledYoYo":8,"Black Star":17,"Art of War":43,"Grinning Jar":30,"TungstenRod":28,"infinitespire:PuzzleCube":30},{"aspiration:Lifesprig":8,"Blue Doll":12,"Sizzling Blood":4,"StuffTheSpire:GrapeVine":11,"ClockworkSouvenir":13,"Old Coin":19,"trackpad:Coffee":16,"trackpad:PocketGalaxy":4,"trackpad:ToughGloves":20,"Nunchaku":19,"Strawberry":0,"hubris:CuriousFeather":11,"trackpad:AdjectivePendant":2,"Ring of the Snake":0,"StuffTheSpire:Tea":4,"trackpad:ChainingVapors":19,"BargainBundle":19,"Pen Nib":4,"hubris:Towel":10,"CaptainsWheel":20,"Bronze Scales":4,"halation:EternalFortune":1,"conspire:BottledYoYo":4,"Black Star":6,"Art of War":20,"Grinning Jar":14,"TungstenRod":13,"infinitespire:PuzzleCube":14},{"aspiration:Lifesprig":32,"Blue Doll":46,"Sizzling Blood":20,"StuffTheSpire:GrapeVine":42,"ClockworkSouvenir":49,"Old Coin":72,"trackpad:Coffee":59,"trackpad:PocketGalaxy":20,"trackpad:ToughGloves":77,"Nunchaku":72,"Strawberry":0,"hubris:CuriousFeather":42,"trackpad:AdjectivePendant":14,"Ring of the Snake":0,"StuffTheSpire:Tea":20,"trackpad:ChainingVapors":72,"BargainBundle":72,"Pen Nib":20,"hubris:Towel":38,"CaptainsWheel":77,"Bronze Scales":20,"halation:EternalFortune":4,"conspire:BottledYoYo":20,"Black Star":26,"Art of War":77,"Grinning Jar":52,"TungstenRod":49,"infinitespire:PuzzleCube":52}],"TungstenRod":30},"card_choices":[{"not_picked":["Dagger Spray","StuffTheSpire:BrimstoneBlast"],"picked":"Accuracy","floor":1},{"not_picked":["PiercingWail","Replay:Poison Smokescreen"],"picked":"Underhanded Strike","floor":5},{"not_picked":["Sucker Punch","Slice"],"picked":"Acrobatics","floor":5},{"not_picked":["Deadly Poison","hubris:SlightOfHand"],"picked":"Quick Slash","floor":5},{"not_picked":["StuffTheSpire:ClusterCrunch","Atom Bomb"],"picked":"Unload","floor":6},{"not_picked":["hubris:SlightOfHand","Reflex"],"picked":"Caltrops","floor":7},{"not_picked":["StuffTheSpire:MirrorStance","Replay:Poison Smokescreen"],"picked":"Slice","floor":8},{"not_picked":["StuffTheSpire:Python","Slice"],"picked":"Finisher","floor":14},{"not_picked":["Corpse Explosion","Bullet Time"],"picked":"Venomology","floor":16},{"not_picked":["Hidden Blade","Cloak And Dagger"],"picked":"Endless Agony","floor":18},{"not_picked":["Sucker Punch","Heel Hook"],"picked":"Outmaneuver","floor":19},{"not_picked":["ReplayTheSpireMod:Exploit Weakness","Deadly Poison","Crippling Poison+1"],"picked":"SKIP","floor":20},{"not_picked":["StuffTheSpire:ClusterCrunch","Blur+1","Bane"],"picked":"SKIP","floor":21},{"not_picked":["Poisoned Stab","Tools of the Trade"],"picked":"Quick Slash+1","floor":24},{"not_picked":["Dodge and Roll","PiercingWail"],"picked":"Blade Dance+1","floor":25},{"not_picked":["Backflip","Concentrate"],"picked":"Slice+1","floor":27},{"not_picked":["ReplayTheSpireMod:The Works+1","Sneak Up"],"picked":"Prepared+1","floor":30},{"not_picked":["Dagger Spray","StuffTheSpire:BumpUp"],"picked":"Sneak Up","floor":31},{"not_picked":["Tools of the Trade","Atom Bomb"],"picked":"Corpse Explosion","floor":33},{"not_picked":["Quick Slash","Bane"],"picked":"Dodge and Roll+1","floor":35},{"not_picked":["StuffTheSpire:Injection+1","Underhanded Strike+1"],"picked":"Deflect+1","floor":36},{"not_picked":["Eviscerate+1","Flying Knee+1"],"picked":"Calculated Gamble","floor":38},{"not_picked":["StuffTheSpire:Python","Sucker Punch"],"picked":"Backflip","floor":41},{"not_picked":["Quick Slash","ReplayTheSpireMod:Tripwire","StuffTheSpire:Injection"],"picked":"SKIP","floor":47}],"player_experience":194056,"relics_obtained":[{"floor":6,"key":"trackpad:AdjectivePendant"},{"floor":8,"key":"conspire:BottledYoYo"},{"floor":9,"key":"StuffTheSpire:Tea"},{"floor":11,"key":"Bronze Scales"},{"floor":19,"key":"aspiration:Lifesprig"},{"floor":24,"key":"hubris:CuriousFeather"},{"floor":24,"key":"StuffTheSpire:GrapeVine"},{"floor":26,"key":"Blue Doll"},{"floor":30,"key":"infinitespire:PuzzleCube"},{"floor":30,"key":"Grinning Jar"},{"floor":38,"key":"Old Coin"},{"floor":41,"key":"trackpad:ToughGloves"},{"floor":41,"key":"halation:EternalFortune"},{"floor":43,"key":"Art of War"},{"floor":45,"key":"CaptainsWheel"}],"event_choices":[{"damage_healed":0,"gold_gain":0,"player_choice":"Box","damage_taken":0,"relics_obtained":["Strawberry"],"max_hp_gain":0,"max_hp_loss":0,"event_name":"Big Fish","floor":0,"gold_loss":0,"cards_obtained":["Regret"]},{"damage_healed":0,"gold_gain":0,"player_choice":"Leave","damage_taken":0,"max_hp_gain":0,"max_hp_loss":0,"event_name":"conspire:Investor","floor":4,"gold_loss":0},{"damage_healed":0,"gold_gain":0,"player_choice":"Fight","damage_taken":0,"max_hp_gain":0,"max_hp_loss":0,"event_name":"MindBloom","floor":38,"gold_loss":0},{"damage_healed":0,"gold_gain":0,"player_choice":"Fight","damage_taken":0,"max_hp_gain":0,"max_hp_loss":0,"event_name":"Mysterious Sphere","floor":41,"gold_loss":0},{"damage_healed":0,"gold_gain":0,"player_choice":"1 cards matched","damage_taken":0,"max_hp_gain":0,"max_hp_loss":0,"event_name":"Match and Keep!","floor":48,"gold_loss":0,"cards_obtained":["Flash of Steel"]}],"is_beta":false,"boss_relics":[{"not_picked":["halation:CatFaceCupcake","halation:Risk"],"picked":"Black Star"},{"not_picked":["aspiration:FutureDiary","aspiration:WatcherSkillbook"],"picked":"trackpad:Coffee"}],"items_purged_floors":[28],"is_endless":false,"potions_floor_spawned":[6,7,8,14,20,21,24,31,35,36],"ascension_level":0}}