{"host":"3fq4qkq16k5wd7va","time":1614447666,"event":{"mods":["BaseMod","Better Match","Googly Eyes","Minty Spire (QoL Compilation)","StSLib"],"gold_per_floor":[112,112,129,147,161,161,186,186,212,223,236,270,270,289,289,394,394,412,426,297,309,408,442,357,372,372,372,372,382,382,410,410,506,506,521,534,553,553,553,553,585,585,585,333,366,414,414,30,30,30,30,30,30,58,58,58],"floor_reached":55,"language":"ENG","playtime":3085,"items_purged":["Strike_R","Defend_R","Strike_R"],"score":853,"play_id":"ac269810-fbf0-45b4-931b-d0dcbac119ba","local_time":"20210228044106","is_ascension_mode":true,"campfire_choices":[{"data":"Twin Strike","floor":6,"key":"SMITH"},{"data":"Bash","floor":8,"key":"SMITH"},{"data":"Whirlwind","floor":13,"key":"SMITH"},{"data":"Shrug It Off","floor":15,"key":"SMITH"},{"data":"Body Slam","floor":27,"key":"SMITH"},{"data":"Body Slam","floor":30,"key":"SMITH"},{"data":"Shrug It Off","floor":32,"key":"SMITH"},{"floor":40,"key":"REST"},{"data":"True Grit","floor":42,"key":"SMITH"},{"floor":49,"key":"RECALL"},{"data":"Metallicize","floor":52,"key":"SMITH"}],"circlet_count":0,"master_deck":["Strike_R","Strike_R+1","Defend_R+1","Defend_R+1","Defend_R","Bash+1","Twin Strike+1","Ghostly Armor+1","Shrug It Off+1","Whirlwind+1","Ghostly Armor","Juggernaut","True Grit+1","Shrug It Off+1","Body Slam+1","Body Slam+1","Metallicize+1","Impervious","Finesse","Metallicize+1"],"relics":["Burning Blood","MealTicket","Bag of Preparation","PreservedInsect","Sozu","Torii","Bag of Marbles","TungstenRod","Velvet Choker","Ancient Tea Set","Dead Branch","War Paint","Frozen Egg 2","StoneCalendar","Mercury Hourglass","Paper Frog"],"acts_visited":["Exordium","TheCity","TheBeyond","TheEnding"],"potions_floor_usage":[7,16,16,33,33],"damage_taken":[{"damage":19,"enemies":"Jaw Worm","floor":1,"turns":5},{"damage":3,"enemies":"Small Slimes","floor":3,"turns":3},{"damage":7,"enemies":"2 Louse","floor":4,"turns":3},{"damage":0,"enemies":"2 Fungi Beasts","floor":5,"turns":4},{"damage":0,"enemies":"Gremlin Nob","floor":7,"turns":2},{"damage":10,"enemies":"3 Louse","floor":10,"turns":5},{"damage":0,"enemies":"Blue Slaver","floor":11,"turns":3},{"damage":28,"enemies":"Lagavulin","floor":12,"turns":8},{"damage":1,"enemies":"Looter","floor":14,"turns":3},{"damage":47,"enemies":"Hexaghost","floor":16,"turns":12},{"damage":23,"enemies":"2 Thieves","floor":18,"turns":3},{"damage":0,"enemies":"3 Byrds","floor":19,"turns":4},{"damage":9,"enemies":"Shelled Parasite and Fungi","floor":21,"turns":9},{"damage":8,"enemies":"Book of Stabbing","floor":23,"turns":5},{"damage":7,"enemies":"Centurion and Healer","floor":25,"turns":8},{"damage":0,"enemies":"Chosen and Byrds","floor":29,"turns":5},{"damage":0,"enemies":"Slavers","floor":31,"turns":3},{"damage":39,"enemies":"Champ","floor":33,"turns":14},{"damage":0,"enemies":"Orb Walker","floor":35,"turns":2},{"damage":24,"enemies":"3 Darklings","floor":36,"turns":3},{"damage":30,"enemies":"Maw","floor":37,"turns":6},{"damage":22,"enemies":"Giant Head","floor":41,"turns":9},{"damage":13,"enemies":"Reptomancer","floor":45,"turns":3},{"damage":5,"enemies":"2 Orb Walkers","floor":46,"turns":4},{"damage":57,"enemies":"Time Eater","floor":50,"turns":10},{"damage":27,"enemies":"Shield and Spear","floor":54,"turns":7},{"damage":57,"enemies":"The Heart","floor":55,"turns":8}],"seed_played":"-104002174985305102","potions_obtained":[{"floor":1,"key":"Strength Potion"},{"floor":4,"key":"AttackPotion"},{"floor":7,"key":"Ancient Potion"},{"floor":14,"key":"Swift Potion"},{"floor":16,"key":"Regen Potion"}],"is_trial":false,"path_per_floor":["M","?","M","M","M","R","E","R","T","M","M","E","R","M","R","B",null,"M","M","$","M","?","E","?","M","T","R","?","M","R","E","R","B",null,"M","M","M","?","?","R","E","R","T","$","E","?","?","$","R","B",null,"R","$","E","B"],"character_chosen":"IRONCLAD","items_purchased":["Shrug It Off","War Paint","Mercury Hourglass"],"campfire_rested":1,"item_purchase_floors":[20,44,48],"current_hp_per_floor":[67,51,54,53,59,59,65,65,65,61,67,45,45,50,50,9,80,63,69,80,77,77,75,75,74,74,74,74,80,80,80,80,61,80,80,62,38,38,38,60,44,44,44,59,52,53,53,68,68,17,76,76,76,55,0,0],"gold":58,"neow_bonus":"REMOVE_CARD","is_daily":false,"chose_seed":false,"campfire_upgraded":9,"win_rate":0.0,"timestamp":1614447666,"path_taken":["M","?","M","M","M","R","E","R","T","M","M","E","R","M","R","BOSS","M","M","$","M","?","E","?","M","T","R","?","M","R","E","R","BOSS","M","M","M","?","?","R","E","R","T","$","E","?","?","$","R","BOSS","R","$","E","BOSS"],"items_purchased_type":["Card","Relic","Relic"],"build_version":"2020-12-22","purchased_purges":3,"victory":false,"max_hp_per_floor":[80,80,80,80,80,80,80,80,80,80,80,80,80,80,80,80,80,80,80,80,80,80,80,80,80,80,80,80,80,80,80,80,80,80,80,80,80,76,76,76,76,76,76,76,76,76,76,76,76,76,76,76,76,76,76,76],"card_choices":[{"not_picked":["Feel No Pain","Anger","Sentinel"],"picked":"SKIP","floor":1},{"not_picked":["Iron Wave","Clothesline"],"picked":"Twin Strike","floor":3},{"not_picked":["Flex","Wild Strike","Spot Weakness"],"picked":"SKIP","floor":4},{"not_picked":["Iron Wave","Heavy Blade","Twin Strike"],"picked":"SKIP","floor":5},{"not_picked":["Armaments","Disarm"],"picked":"Ghostly Armor","floor":7},{"not_picked":["Thunderclap","Clothesline"],"picked":"Shrug It Off","floor":10},{"not_picked":["Dual Wield","Rage"],"picked":"Whirlwind","floor":11},{"not_picked":["Feel No Pain","Dark Embrace","Warcry"],"picked":"SKIP","floor":12},{"not_picked":["Combust","Headbutt"],"picked":"Ghostly Armor","floor":14},{"not_picked":["Exhume","Bludgeon"],"picked":"Juggernaut","floor":16},{"not_picked":["Bloodletting","Clash"],"picked":"True Grit","floor":18},{"not_picked":["Wild Strike+1","Sentinel","Twin Strike"],"picked":"SKIP","floor":19},{"not_picked":["Shrug It Off","Exhume"],"picked":"Body Slam","floor":21},{"not_picked":["Flex","Clash"],"picked":"Body Slam","floor":23},{"not_picked":["Body Slam","Anger","Rage"],"picked":"SKIP","floor":25},{"not_picked":["Clash","Headbutt","Thunderclap+1"],"picked":"SKIP","floor":29},{"not_picked":["True Grit","Spot Weakness","Exhume"],"picked":"SKIP","floor":31},{"not_picked":["Limit Break","Immolate"],"picked":"Impervious","floor":33},{"not_picked":["Body Slam","Pummel+1","Inflame"],"picked":"SKIP","floor":35},{"not_picked":["Anger","Disarm","Flex"],"picked":"SKIP","floor":36},{"not_picked":["Wild Strike+1","Havoc+1","Sentinel+1"],"picked":"SKIP","floor":37},{"not_picked":["Flame Barrier","Body Slam+1","Evolve+1"],"picked":"SKIP","floor":41},{"not_picked":["Feel No Pain+1","Clothesline+1","Rage"],"picked":"SKIP","floor":45},{"not_picked":["Trip","Dramatic Entrance"],"picked":"Finesse","floor":47},{"not_picked":["Headbutt+1","Havoc+1"],"picked":"Metallicize+1","floor":54}],"player_experience":166699,"relics_obtained":[{"floor":7,"key":"MealTicket"},{"floor":9,"key":"Bag of Preparation"},{"floor":12,"key":"PreservedInsect"},{"floor":23,"key":"Torii"},{"floor":31,"key":"TungstenRod"},{"floor":41,"key":"Ancient Tea Set"},{"floor":43,"key":"Dead Branch"},{"floor":45,"key":"Frozen Egg 2"},{"floor":46,"key":"StoneCalendar"},{"floor":54,"key":"Paper Frog"}],"event_choices":[{"damage_healed":0,"gold_gain":0,"player_choice":"Entered Light","damage_taken":16,"max_hp_gain":0,"max_hp_loss":0,"event_name":"Shining Light","floor":2,"gold_loss":0,"cards_upgraded":["Defend_R","Strike_R"]},{"damage_healed":0,"gold_gain":99,"player_choice":"Stole From Cult","damage_taken":0,"max_hp_gain":0,"max_hp_loss":0,"event_name":"Nest","floor":22,"gold_loss":0},{"damage_healed":0,"gold_gain":0,"player_choice":"Obtained Relic","damage_taken":0,"relics_obtained":["Bag of Marbles"],"max_hp_gain":0,"max_hp_loss":0,"event_name":"Addict","floor":24,"gold_loss":85},{"damage_healed":0,"gold_gain":0,"player_choice":"Read","damage_taken":0,"max_hp_gain":0,"max_hp_loss":0,"event_name":"The Library","floor":28,"gold_loss":0,"cards_obtained":["Metallicize"]},{"damage_healed":0,"gold_gain":0,"player_choice":"Max HP","damage_taken":0,"max_hp_gain":0,"max_hp_loss":4,"event_name":"Winding Halls","floor":38,"gold_loss":0},{"damage_healed":0,"gold_gain":0,"player_choice":"Ignored","damage_taken":0,"max_hp_gain":0,"max_hp_loss":0,"event_name":"Tomb of Lord Red Mask","floor":39,"gold_loss":0},{"damage_healed":0,"gold_gain":0,"player_choice":"Fight","damage_taken":0,"max_hp_gain":0,"max_hp_loss":0,"event_name":"Mysterious Sphere","floor":46,"gold_loss":0},{"damage_healed":0,"gold_gain":0,"player_choice":"Memory 1","damage_taken":0,"max_hp_gain":0,"max_hp_loss":0,"event_name":"SensoryStone","floor":47,"gold_loss":0}],"is_beta":false,"boss_relics":[{"not_picked":["Runic Cube","Busted Crown"],"picked":"Sozu"},{"not_picked":["Calling Bell","Black Blood"],"picked":"Velvet Choker"}],"items_purged_floors":[20,44,48],"is_endless":false,"potions_floor_spawned":[1,4,7,14,16,18,19,29,31,33,37,45,54],"killed_by":"The Heart","ascension_level":2}}