{"host":"yrbbd32mtuqddxkv","time":1614424658,"event":{"mods":["Act Like it!","Astrologer","BaseMod","Gensokyo","GungeonMod","Marisa£®ÏF”Í°°ƒß¿Ì…≥£©","Minty Spire (QoL Compilation)","Quick Restart","Reimu£®≤©¿ˆ¡È√Œ£©","Reliquary","Remilia£®¿Ÿ√◊¿Ú—«£©","Replay The Spire","StSLib","The Runesmith","The Servant 0.9.4"],"gold_per_floor":[109,28,46,46,97,124,124,155,155,155,166,200,200,216,216,319,319,336,336,657,51,63,94,94,125,125,150,110,126,141,157,157,253,253,269,269,282,292,106,106,138,138,217,251,251,13,24,56,56,56],"floor_reached":51,"language":"ZHS","playtime":2979,"items_purged":["astrologer:Strike"],"score":1047,"play_id":"08490390-2201-4524-b308-1da4f12e14e6","local_time":"20210227191738","is_ascension_mode":true,"campfire_choices":[{"data":"astrologer:CosmicExpanse","floor":7.0,"key":"SMITH"},{"data":"astrologer:StarOfChange","floor":10.0,"key":"SMITH"},{"data":"astrologer:TheHierophant","floor":15.0,"key":"SMITH"},{"data":"astrologer:TheStar","floor":24.0,"key":"SMITH"},{"data":"astrologer:CosmicExpanse","floor":40.0,"key":"SMITH"},{"floor":42.0,"key":"REST"},{"floor":49.0,"key":"REST"}],"circlet_count":0,"master_deck":["astrologer:Strike","astrologer:Strike","astrologer:Strike","astrologer:Defend+1","astrologer:Defend+1","astrologer:Defend+1","astrologer:Defend+1","astrologer:NorthStar","astrologer:TheFool","astrologer:StarOfChange+1","astrologer:CosmicExpanse+1","astrologer:Wish","astrologer:StarOfMisfortune+1","astrologer:Stardust+1","astrologer:TheTower","astrologer:TheHierophant+1","astrologer:TheSun","Gensokyo:MonkeysPaw","astrologer:TheHangedMan+1","astrologer:Sunrise","astrologer:TheStar+1","astrologer:TheMagician","astrologer:Justice"],"relics":["Philosopher\u0027s Stone","reliquary:ExpiredCoupon","Replay:Wax Seal","Simple Rune","Replay:Accelerometer","Replay:Bottled Eggs","reliquary:RedCape","Blood Vial","Lizard Tail","Gremlin Food","Nunchaku","Replay:Bottled Snecko","Art of War","RedLine:ReiMu","reliquary:PartyBalloon","Kunai","Mirror","Pondfish Scales","Mercury Hourglass","Runesmith:AutoHammer"],"acts_visited":["Gensokyo:Gensokyo","Gensokyo:Gensokyoer","Gensokyo:Gensokyoest"],"potions_floor_usage":[50,50,50],"damage_taken":[{"damage":0.0,"enemies":"Gensokyo:3_Fairies","floor":1.0,"turns":3.0},{"damage":0.0,"enemies":"Gensokyo:Python","floor":3.0,"turns":4.0},{"damage":6.0,"enemies":"Gensokyo:Mamizou","floor":6.0,"turns":8.0},{"damage":18.0,"enemies":"Gensokyo:Cirno","floor":8.0,"turns":6.0},{"damage":0.0,"enemies":"Gensokyo:2_Kodama","floor":11.0,"turns":4.0},{"damage":10.0,"enemies":"Gensokyo:Aya","floor":12.0,"turns":6.0},{"damage":0.0,"enemies":"Gensokyo:VengefulSpirit","floor":14.0,"turns":3.0},{"damage":16.0,"enemies":"Gensokyo:Yukari","floor":16.0,"turns":9.0},{"damage":0.0,"enemies":"Gensokyo:AngelMirror","floor":18.0,"turns":3.0},{"damage":31.0,"enemies":"Gensokyo:Chomper","floor":20.0,"turns":4.0},{"damage":36.0,"enemies":"Gensokyo:3_Gloops","floor":22.0,"turns":4.0},{"damage":0.0,"enemies":"Gensokyo:Tenshi","floor":23.0,"turns":6.0},{"damage":0.0,"enemies":"Gensokyo:Koishi","floor":25.0,"turns":6.0},{"damage":0.0,"enemies":"Gensokyo:Reisen","floor":27.0,"turns":5.0},{"damage":0.0,"enemies":"Gensokyo:Wraith","floor":29.0,"turns":4.0},{"damage":0.0,"enemies":"Gensokyo:Monolith_and_Dog","floor":30.0,"turns":4.0},{"damage":2.0,"enemies":"Gensokyo:Slime_Group","floor":31.0,"turns":4.0},{"damage":11.0,"enemies":"Gensokyo:Kaguya","floor":33.0,"turns":9.0},{"damage":15.0,"enemies":"Gensokyo:3_Boulders","floor":35.0,"turns":4.0},{"damage":13.0,"enemies":"Gensokyo:AncientGuardian","floor":37.0,"turns":6.0},{"damage":12.0,"enemies":"Gensokyo:4_Bats","floor":38.0,"turns":3.0},{"damage":6.0,"enemies":"Gensokyo:Marisa","floor":41.0,"turns":5.0},{"damage":0.0,"enemies":"Gensokyo:Doremy","floor":44.0,"turns":4.0},{"damage":8.0,"enemies":"Gensokyo:Sharpion","floor":47.0,"turns":5.0},{"damage":12.0,"enemies":"Gensokyo:Marisa","floor":48.0,"turns":6.0},{"damage":16,"enemies":"Gensokyo:Shinki","floor":50,"turns":8}],"seed_played":"1672977523542506636","potions_obtained":[{"floor":1.0,"key":"Adrenaline Potion"},{"floor":6.0,"key":"Toxic Potion"},{"floor":8.0,"key":"EssenceOfSteel"},{"floor":16.0,"key":"Dexterity Potion"},{"floor":20.0,"key":"DemoMod:LeadSkinPotion"},{"floor":23.0,"key":"AttackPotion"},{"floor":30.0,"key":"Energy Potion"},{"floor":31.0,"key":"Adrenaline Potion"},{"floor":37.0,"key":"Block Potion"},{"floor":47.0,"key":"PowerPotion"},{"floor":48.0,"key":"Ancient Potion"}],"is_trial":false,"path_per_floor":["M","$","M","?","T","E","R","E","T","R","M","E","?","M","R","B",null,"M","?","M","$","M","E","R","E","T","E","?","M","M","M","R","B",null,"M","?","M","M","$","R","E","R","T","E","?","$","M","E","R","B",null],"character_chosen":"ASTROLOGER","items_purchased":["astrologer:CosmicExpanse","Blood Vial","Lizard Tail","astrologer:TheHangedMan","astrologer:CosmicExpanse","reliquary:PartyBalloon","Mercury Hourglass"],"campfire_rested":2,"item_purchase_floors":[2,21,21,21,39,39,46],"current_hp_per_floor":[70,70,70,70,70,64,64,46,46,46,46,36,36,36,36,20,70,70,63,32,32,31,33,33,35,35,37,37,39,41,41,41,32,63,48,48,37,27,27,27,23,41,41,43,43,43,37,27,45,31],"gold":56,"neow_bonus":"BOSS_RELIC","is_daily":false,"chose_seed":false,"campfire_upgraded":5,"win_rate":0.0,"timestamp":1614424658,"path_taken":["M","?","M","?","?","E","R","E","T","R","?","E","?","M","R","BOSS","M","?","M","$","M","E","R","E","T","E","?","M","M","M","R","BOSS","M","?","?","M","$","R","E","R","T","E","?","?","M","E","R","BOSS"],"items_purchased_type":["Card","Relic","Relic","Card","Card","Relic","Relic"],"build_version":"2020-12-22","purchased_purges":1,"victory":true,"max_hp_per_floor":[70,70,70,70,70,70,70,70,70,70,70,70,70,70,70,70,70,70,63,63,63,63,63,63,63,63,63,63,63,63,63,63,63,63,63,63,63,63,63,63,63,63,63,63,63,63,63,63,63,63],"card_choices":[{"not_picked":["astrologer:ReadTheStars","astrologer:TheStar"],"picked":"astrologer:StarOfChange","floor":1.0},{"not_picked":["astrologer:Moonlight","astrologer:Observe"],"picked":"astrologer:Wish","floor":3.0},{"not_picked":["astrologer:Still","astrologer:ReadTheStars"],"picked":"astrologer:Stardust","floor":6.0},{"not_picked":["astrologer:MeteorShower","astrologer:NeutronStar"],"picked":"astrologer:TheTower","floor":8.0},{"not_picked":["astrologer:Stardust","astrologer:ReadTheStars"],"picked":"astrologer:TheHierophant","floor":11.0},{"not_picked":["astrologer:SpaceDust","astrologer:CometStrike","astrologer:StarOfChange"],"picked":"SKIP","floor":12.0},{"not_picked":["astrologer:Still","astrologer:SolarFlare","astrologer:GlassStar"],"picked":"SKIP","floor":14.0},{"not_picked":["astrologer:Nova","astrologer:Fate"],"picked":"astrologer:TheSun","floor":16.0},{"not_picked":["astrologer:SolarFlare","astrologer:Radiance","astrologer:ReadTheStars+1"],"picked":"SKIP","floor":18.0},{"not_picked":["Gensokyo:MissMary","Gensokyo:TurboGranny"],"picked":"Gensokyo:MonkeysPaw","floor":19.0},{"not_picked":["astrologer:Still+1","astrologer:SolarFlare","astrologer:Conjunction"],"picked":"SKIP","floor":20.0},{"not_picked":["astrologer:Temperance","astrologer:Conjunction"],"picked":"astrologer:Sunrise","floor":22.0},{"not_picked":["astrologer:TheEmpress","astrologer:Still"],"picked":"astrologer:TheStar","floor":23.0},{"not_picked":["astrologer:Strength","astrologer:SpaceDust","astrologer:DarkMatter"],"picked":"SKIP","floor":25.0},{"not_picked":["astrologer:ReadTheStars","astrologer:Moonlight","astrologer:ShootingStar"],"picked":"SKIP","floor":27.0},{"not_picked":["astrologer:TheHangedMan","astrologer:Novile","astrologer:MeteorShower+1"],"picked":"SKIP","floor":29.0},{"not_picked":["astrologer:SolarFlare","astrologer:Moonlight+1","astrologer:Retelling"],"picked":"SKIP","floor":30.0},{"not_picked":["astrologer:SpaceDust","astrologer:Moonlight","astrologer:Stardust+1"],"picked":"SKIP","floor":31.0},{"not_picked":["astrologer:Starfield","astrologer:RejectReality"],"picked":"astrologer:TheMagician","floor":33.0},{"not_picked":["astrologer:Observe+1","astrologer:Eclipse+1","astrologer:TheEmperor"],"picked":"SKIP","floor":35.0},{"not_picked":["astrologer:Moonlight+1","astrologer:Still+1"],"picked":"astrologer:Justice","floor":37.0},{"not_picked":["astrologer:Novile","astrologer:CometStrike+1","astrologer:TheChariot"],"picked":"SKIP","floor":38.0},{"not_picked":["astrologer:Justice+1","astrologer:SolarFlare","astrologer:Fireball+1"],"picked":"SKIP","floor":41.0},{"not_picked":["astrologer:ReadTheStars+1","astrologer:Shine","astrologer:Opposition"],"picked":"SKIP","floor":44.0},{"not_picked":["astrologer:TheLovers","astrologer:Conjunction","astrologer:TheMagician"],"picked":"SKIP","floor":47.0},{"not_picked":["astrologer:Moonlight","astrologer:Eclipse","astrologer:ReadTheStars+1"],"picked":"SKIP","floor":48.0}],"player_experience":935342,"relics_obtained":[{"floor":5.0,"key":"reliquary:ExpiredCoupon"},{"floor":6.0,"key":"Replay:Wax Seal"},{"floor":8.0,"key":"Simple Rune"},{"floor":9.0,"key":"Replay:Accelerometer"},{"floor":12.0,"key":"Replay:Bottled Eggs"},{"floor":23.0,"key":"Gremlin Food"},{"floor":25.0,"key":"Nunchaku"},{"floor":26.0,"key":"Replay:Bottled Snecko"},{"floor":27.0,"key":"Art of War"},{"floor":41.0,"key":"Kunai"},{"floor":43.0,"key":"Mirror"},{"floor":44.0,"key":"Pondfish Scales"},{"floor":48.0,"key":"Runesmith:AutoHammer"}],"event_choices":[],"is_beta":false,"boss_relics":[{"not_picked":["Replay:Wanted Poster","Velvet Choker"],"picked":"reliquary:RedCape"},{"not_picked":["Kintsugi","SacredBark"],"picked":"RedLine:ReiMu"}],"items_purged_floors":[21],"is_endless":false,"potions_floor_spawned":[1,6,8,16,20,23,30,31,37,47,48],"ascension_level":1}}