{"host":"9l4mw5jqza9qz9hr","time":1614423902,"event":{"mods":["AchievementEnabler","Always Whale","BaseMod","Colored Map","Minty Spire (QoL Compilation)","StSLib","SuperFastMode"],"gold_per_floor":[117,117,134,134,146,178,178,209,279,279,295,295,69,89,89,163,163,179,179,199,210,226,256,256,291,315,334,352,352,67,79,79,157,207,224,275,15,0,13,13,45,45,45,55,65,14,14,39,39,39],"floor_reached":51,"language":"KOR","playtime":2724,"items_purged":["Strike_R","Strike_R","Strike_R"],"score":1292,"play_id":"4ee1ac9a-43b5-490c-a9d7-a7b3714624d2","local_time":"20210227200502","is_ascension_mode":true,"campfire_choices":[{"data":"Perfected Strike","floor":7.0,"key":"SMITH"},{"floor":10.0,"key":"REST"},{"data":"Impervious","floor":15.0,"key":"SMITH"},{"data":"Exhume","floor":24,"key":"SMITH"},{"floor":29,"key":"REST"},{"data":"Shrug It Off","floor":32,"key":"SMITH"},{"data":"1","floor":40,"key":"LIFT"},{"data":"2","floor":49,"key":"LIFT"}],"circlet_count":0,"master_deck":["AscendersBane","Strike_R+1","Strike_R","Defend_R","Defend_R","Defend_R","Bash","Wild Strike+1","Blood for Blood","Shockwave+1","Carnage+1","Perfected Strike+1","Impervious+1","Armaments+1","Sword Boomerang+1","Reaper+1","Exhume+1","Intimidate","Perfected Strike+1","Body Slam+1","Thunderclap+1","Shrug It Off+1","Body Slam+1","Corruption","Wild Strike+1","Double Tap","Evolve","Second Wind","Perfected Strike+1","Wild Strike+1","Flash of Steel+1","Dark Shackles","Flash of Steel+1","Perfected Strike+1","Perfected Strike+1","Shrug It Off","Flame Barrier"],"relics":["Burning Blood","Torii","Dream Catcher","Molten Egg 2","Snecko Eye","Pantograph","Red Skull","Centennial Puzzle","Tiny House","Girya","Red Mask","Whetstone","Mercury Hourglass","Frozen Egg 2"],"acts_visited":["Exordium","TheCity","TheBeyond"],"potions_floor_usage":[31,50],"damage_taken":[{"damage":0.0,"enemies":"Small Slimes","floor":1.0,"turns":3.0},{"damage":9.0,"enemies":"2 Louse","floor":3.0,"turns":4.0},{"damage":2.0,"enemies":"Cultist","floor":5.0,"turns":4.0},{"damage":37.0,"enemies":"Lagavulin","floor":6.0,"turns":7.0},{"damage":30.0,"enemies":"3 Sentries","floor":8.0,"turns":7.0},{"damage":12.0,"enemies":"Looter","floor":11.0,"turns":3.0},{"damage":3.0,"enemies":"Exordium Thugs","floor":14.0,"turns":6.0},{"damage":44.0,"enemies":"The Guardian","floor":16.0,"turns":13.0},{"damage":34.0,"enemies":"2 Thieves","floor":18.0,"turns":3.0},{"damage":23.0,"enemies":"3 Byrds","floor":20.0,"turns":6.0},{"damage":18.0,"enemies":"Snake Plant","floor":21.0,"turns":3.0},{"damage":19.0,"enemies":"Cultist and Chosen","floor":22.0,"turns":5.0},{"damage":2,"enemies":"Book of Stabbing","floor":23,"turns":2},{"damage":68,"enemies":"Slavers","floor":25,"turns":9},{"damage":0,"enemies":"Snecko","floor":27,"turns":3},{"damage":14,"enemies":"Chosen and Byrds","floor":28,"turns":4},{"damage":9,"enemies":"Snake Plant","floor":31,"turns":4},{"damage":85,"enemies":"Collector","floor":33,"turns":8},{"damage":23,"enemies":"3 Shapes","floor":35,"turns":3},{"damage":43,"enemies":"2 Orb Walkers","floor":36,"turns":4},{"damage":9,"enemies":"3 Darklings","floor":39,"turns":2},{"damage":35,"enemies":"Reptomancer","floor":41,"turns":4},{"damage":23,"enemies":"Maw","floor":44,"turns":6},{"damage":6,"enemies":"Transient","floor":45,"turns":5},{"damage":22,"enemies":"Nemesis","floor":48,"turns":5},{"damage":86,"enemies":"Time Eater","floor":50,"turns":8}],"seed_played":"-7801658072241233086","potions_obtained":[{"floor":1.0,"key":"Fire Potion"},{"floor":3.0,"key":"Ancient Potion"},{"floor":8.0,"key":"DuplicationPotion"},{"floor":21.0,"key":"LiquidBronze"},{"floor":27,"key":"Block Potion"},{"floor":31,"key":"SmokeBomb"},{"floor":34,"key":"CultistPotion"},{"floor":41,"key":"DuplicationPotion"},{"floor":45,"key":"BloodPotion"}],"is_trial":false,"path_per_floor":["M","?","M","?","M","E","R","E","T","R","M","?","$","M","R","B",null,"M","?","M","M","M","E","R","E","T","M","M","R","$","M","R","B",null,"M","?","$","?","M","R","E","?","T","M","M","$","?","E","R","B",null],"character_chosen":"IRONCLAD","items_purchased":["Feed+1","Body Slam+1","Corruption","Wild Strike+1","Flash of Steel+1","Shrug It Off"],"campfire_rested":2,"item_purchase_floors":[13,30,30,37,37,46],"current_hp_per_floor":[78,83,80,80,84,53,53,29,29,54,48,48,48,55,55,24,73,55,55,50,38,36,40,40,9,9,23,25,52,52,65,65,15,85,82,49,49,49,70,70,77,67,67,61,61,61,124,108,108,44],"gold":39,"neow_bonus":"THREE_CARDS","is_daily":false,"chose_seed":false,"campfire_upgraded":4,"win_rate":0.0,"timestamp":1614423902,"path_taken":["M","?","M","?","?","E","R","E","T","R","M","?","?","M","R","BOSS","M","?","M","?","M","E","R","E","T","M","?","R","$","M","R","BOSS","M","?","$","?","M","R","E","?","T","M","M","$","?","E","R","BOSS"],"items_purchased_type":["Card","Card","Card","Card","Card","Card"],"build_version":"2020-12-22","purchased_purges":3,"victory":true,"max_hp_per_floor":[80,85,85,85,85,85,85,85,85,85,85,85,85,89,89,89,89,89,89,89,89,93,93,93,93,93,93,93,93,93,97,97,101,106,110,114,114,114,114,114,114,114,114,114,114,114,124,124,124,124],"card_choices":[{"not_picked":["Twin Strike","Infernal Blade"],"picked":"Wild Strike","floor":0.0},{"not_picked":["Clothesline","Ghostly Armor"],"picked":"Blood for Blood","floor":1.0},{"not_picked":["Disarm","Warcry"],"picked":"Shockwave","floor":3.0},{"not_picked":["Fire Breathing","Anger"],"picked":"Carnage","floor":5.0},{"not_picked":["Sentinel","Second Wind"],"picked":"Perfected Strike","floor":6.0},{"not_picked":["Clothesline","Whirlwind"],"picked":"Impervious","floor":8.0},{"not_picked":["Thunderclap+1","True Grit"],"picked":"Armaments","floor":10.0},{"not_picked":["Armaments","True Grit"],"picked":"Sword Boomerang+1","floor":11.0},{"not_picked":["True Grit","Shrug It Off"],"picked":"Reaper+1","floor":14.0},{"not_picked":["Bludgeon+1","Juggernaut"],"picked":"Exhume","floor":16.0},{"not_picked":["Armaments","Uppercut+1","Thunderclap+1"],"picked":"SKIP","floor":18.0},{"not_picked":["Wild Strike+1","Warcry"],"picked":"Perfected Strike+1","floor":20.0},{"not_picked":["Flame Barrier","Iron Wave+1"],"picked":"Body Slam+1","floor":21.0},{"not_picked":["Inflame","Fire Breathing+1"],"picked":"Thunderclap+1","floor":22.0},{"not_picked":["Heavy Blade+1","Blood for Blood+1","Fiend Fire+1"],"picked":"SKIP","floor":23},{"not_picked":["Cleave+1","Inflame"],"picked":"Shrug It Off","floor":25},{"not_picked":["Thunderclap+1","Combust","Heavy Blade+1"],"picked":"SKIP","floor":27},{"not_picked":["Dropkick+1","Fire Breathing+1","Exhume"],"picked":"SKIP","floor":28},{"not_picked":["Carnage+1","Cleave+1"],"picked":"Wild Strike+1","floor":31},{"not_picked":["Juggernaut","Exhume"],"picked":"Double Tap","floor":33},{"not_picked":["Searing Blow+1","Clash+1"],"picked":"Evolve","floor":34},{"not_picked":["Perfected Strike+1","True Grit"],"picked":"Second Wind","floor":35},{"not_picked":["Heavy Blade+1","Sword Boomerang+1"],"picked":"Perfected Strike+1","floor":36},{"not_picked":["Flex+1","Iron Wave+1","Feed+1"],"picked":"SKIP","floor":39},{"not_picked":["Armaments","Headbutt+1","Iron Wave+1"],"picked":"SKIP","floor":41},{"not_picked":["Magnetism","Mind Blast+1"],"picked":"Dark Shackles","floor":42},{"not_picked":["HandOfGreed+1","Finesse"],"picked":"Flash of Steel+1","floor":42},{"not_picked":["Reckless Charge+1","Iron Wave+1"],"picked":"Perfected Strike+1","floor":44},{"not_picked":["Iron Wave+1","Sentinel"],"picked":"Perfected Strike+1","floor":45},{"not_picked":["Rupture+1","Flex"],"picked":"Flame Barrier","floor":48}],"player_experience":268653,"relics_obtained":[{"floor":6.0,"key":"Torii"},{"floor":8.0,"key":"Dream Catcher"},{"floor":9.0,"key":"Molten Egg 2"},{"floor":23,"key":"Pantograph"},{"floor":25,"key":"Red Skull"},{"floor":26,"key":"Centennial Puzzle"},{"floor":36,"key":"Girya"},{"floor":41,"key":"Whetstone"},{"floor":43,"key":"Mercury Hourglass"},{"floor":48,"key":"Frozen Egg 2"}],"event_choices":[{"damage_healed":0.0,"max_hp_gain":5.0,"max_hp_loss":0.0,"gold_gain":0.0,"event_name":"Big Fish","player_choice":"Donut","floor":2.0,"gold_loss":0.0,"damage_taken":0.0},{"damage_healed":0.0,"max_hp_gain":0.0,"max_hp_loss":0.0,"gold_gain":0.0,"event_name":"Upgrade Shrine","player_choice":"Upgraded","floor":4.0,"gold_loss":0.0,"damage_taken":0.0,"cards_upgraded":["Shockwave"]},{"damage_healed":0.0,"max_hp_gain":0.0,"max_hp_loss":0.0,"gold_gain":0.0,"event_name":"Accursed Blacksmith","player_choice":"Forge","floor":12.0,"gold_loss":0.0,"damage_taken":0.0,"cards_upgraded":["Armaments"]},{"damage_healed":0.0,"max_hp_gain":0.0,"max_hp_loss":0.0,"gold_gain":0.0,"cards_transformed":["Defend_R"],"event_name":"Transmorgrifier","player_choice":"Transformed","floor":19.0,"gold_loss":0.0,"damage_taken":0.0,"cards_obtained":["Intimidate"]},{"damage_healed":0,"gold_gain":0,"player_choice":"Fight","damage_taken":0,"max_hp_gain":0,"max_hp_loss":0,"event_name":"Mysterious Sphere","floor":36,"gold_loss":0},{"damage_healed":0,"gold_gain":0,"player_choice":"Paid","damage_taken":0,"relics_obtained":["Red Mask"],"max_hp_gain":0,"max_hp_loss":0,"event_name":"Tomb of Lord Red Mask","floor":38,"gold_loss":15},{"damage_healed":0,"gold_gain":0,"player_choice":"Memory 3","damage_taken":10,"max_hp_gain":0,"max_hp_loss":0,"event_name":"SensoryStone","floor":42,"gold_loss":0},{"cards_removed":["Feed"],"damage_healed":53,"gold_gain":0,"player_choice":"Offered Rare","damage_taken":0,"max_hp_gain":10,"max_hp_loss":0,"event_name":"Bonfire Elementals","floor":47,"gold_loss":0}],"is_beta":false,"boss_relics":[{"not_picked":["Black Blood","Runic Dome"],"picked":"Snecko Eye"},{"not_picked":["Runic Cube","Runic Pyramid"],"picked":"Tiny House"}],"items_purged_floors":[13,30,37],"is_endless":false,"potions_floor_spawned":[1,3,6,8,14,20,21,23,27,31,41,45],"ascension_level":13}}