{"host":"irc1izoeqqttpzsx","time":1614391358,"event":{"mods":["2.2 Compatiblity","Aspiration","BaseMod","Better Note","BetterRewards","Colored Map","Colored Powertips","Conspire","DeckTracker","GifTheSpireLib","Highlight Path","Hubris","Infinite Spire","Mad Scientist","Mimic Mod","Minty Spire (QoL Compilation)","Quick Restart","Rare Cards Sparkle","Relic Sorter","Reliquary","Replay The Spire","Shop Mod","Spikes Relics","Spire Arcade","StSLib","SuperFastMode","The Marked","The Servant 0.9.4","Trackpad","Uncapped","Weighted Paths"],"gold_per_floor":[113,41,41,53,70,70,104,104,104,122,155,155,168,183,183,282,282,300,317,332,332,332,362,362,127,150,169,198,251,262,262,262,361,361,395,395,135,162,137,137,175,197,197,245,275,275,275,312,312,312,312,312,24,52,52],"floor_reached":56,"language":"ENG","playtime":2451,"items_purged":["Strike_P","Strike_P","Eruption","Defend_P","Defend_P","Strike_P","Defend_P","Vigilance","Strike_P","Defend_P","Devotion+1","Omniscience+1","Parasite"],"score":1557,"play_id":"d549d10e-c0db-4017-8f47-c3f771615af5","local_time":"20210226210238","is_ascension_mode":false,"campfire_choices":[{"floor":6,"key":"DIG"},{"floor":8,"key":"DIG"},{"floor":12,"key":"DIG"},{"floor":15,"key":"RECALL"},{"floor":24,"key":"DIG"},{"floor":32,"key":"REST"},{"data":"Replay:LoomingThreat","floor":40,"key":"SMITH"},{"floor":46,"key":"DIG"},{"floor":49,"key":"DIG"},{"floor":52,"key":"DIG"}],"circlet_count":0,"master_deck":["Crescendo+1","Alpha+1","PathToVictory+1","PathToVictory+1","ClearTheMind+1","FlurryOfBlows+1","Perseverance+1","ThirdEye+1","PathToVictory+1","PathToVictory+1","PathToVictory+1","Replay:AtTheReady+1","JustLucky+1","Worship+1","Protect+1","Prostrate+1","Replay:BluntJabs","FearNoEvil+1","Replay:AtTheReady+1","Meditate+1","DeusExMachina+1","SashWhip+1","Duplication+1","Replay:LoomingThreat+1","PathToVictory+1","Replay:BluntJabs+1","Worship+1","FlyingSleeves+1"],"relics":["MerchantsRug","ZombieTooth","trackpad:FieryHotPepper","hubris:AstralHammer","reliquary:Dhvaja","Toxic Egg 2","Bag of Marbles","trackpad:SneckoScepter","CaptainsWheel","Ice Cream","Lee\u0027s Waffle","PreservedInsect","Melange","aspiration:TomeofQuesting","Durian","Damaru","Mango","SpikesRelics:DaevaFist","trackpad:DisasterInABottle","Shovel","reliquary:JackalopeAntler","hubris:MedicalManual","Chemical X","Turnip","reliquary:Buckler","Membership Card","Orrery","trackpad:AdjectivePendant","GoldenEye","Replay:Ringing Soul","DollysMirror","reliquary:Aerogel","Calipers","Strange Spoon","infinitespire:Beetle Shell","Blue Candle","Nunchaku","ReplayFunnel","infinitespire:EmpoweringShard","SacredBark","Blood Vial","Bronze Scales","Whetstone","aspiration:HiddenCompartment","reliquary:TuningFork","MutagenicStrength","infinitespire:EvilPickle","Replay:Bottled Steam","BargainBundle","reliquary:ExpiredCoupon","hubris:64BitClover","hubris:FunFungus","Replay:Wax Seal","conspire:DeflatedDodgeball","Blue Doll","Letter Opener","Lizard Tail"],"acts_visited":["Exordium","TheCity","TheBeyond","TheEnding"],"potions_floor_usage":[11,11,18,33,33,38,41,50,50,53,54,55,55],"damage_taken":[{"damage":0,"enemies":"Small Slimes","floor":1,"turns":2},{"damage":0,"enemies":"Cultist","floor":4,"turns":3},{"damage":0,"enemies":"Jaw Worm","floor":5,"turns":1},{"damage":0,"enemies":"Lagavulin","floor":7,"turns":3},{"damage":0,"enemies":"Large Slime","floor":10,"turns":3},{"damage":7,"enemies":"3 Sentries","floor":11,"turns":2},{"damage":0,"enemies":"3 Louse","floor":13,"turns":2},{"damage":0,"enemies":"Gremlin Gang","floor":14,"turns":3},{"damage":0,"enemies":"Slime Boss","floor":16,"turns":3},{"damage":0,"enemies":"Shell Parasite","floor":18,"turns":3},{"damage":8,"enemies":"Spheric Guardian","floor":19,"turns":3},{"damage":0,"enemies":"Snecko","floor":20,"turns":2},{"damage":18,"enemies":"Replay:Snechameleon","floor":23,"turns":3},{"damage":5,"enemies":"Centurion and Healer","floor":27,"turns":3},{"damage":10,"enemies":"Book of Stabbing","floor":28,"turns":2},{"damage":12,"enemies":"Shelled Parasite and Fungi","floor":30,"turns":3},{"damage":31,"enemies":"Pondfish","floor":33,"turns":4},{"damage":4,"enemies":"Orb Walker","floor":35,"turns":3},{"damage":8,"enemies":"3 Darklings","floor":38,"turns":3},{"damage":8,"enemies":"Reptomancer","floor":41,"turns":4},{"damage":12,"enemies":"Writhing Mass","floor":42,"turns":4},{"damage":0,"enemies":"R_Hoarder","floor":44,"turns":5},{"damage":9,"enemies":"Sphere and 2 Shapes","floor":45,"turns":5},{"damage":9,"enemies":"Maw","floor":48,"turns":6},{"damage":40,"enemies":"hubris:GrandSnecko","floor":50,"turns":9},{"damage":1,"enemies":"Shield and Spear","floor":54,"turns":4},{"damage":88,"enemies":"The Heart","floor":55,"turns":8}],"seed_played":"5418098062110345545","potions_obtained":[{"floor":4,"key":"FearPotion"},{"floor":7,"key":"Adrenaline Potion"},{"floor":14,"key":"PowerPotion"},{"floor":16,"key":"DistilledChaos"},{"floor":18,"key":"Elixir"},{"floor":33,"key":"StancePotion"},{"floor":41,"key":"ColorlessPotion"},{"floor":45,"key":"Adrenaline Potion"},{"floor":54,"key":"Elixir"}],"is_trial":false,"path_per_floor":["M","$","?","M","M","R","E","R","T","M","E","R","M","M","R","B",null,"M","M","M","?","?","E","R","$","T","M","E","T","M","?","R","B",null,"M","?","$","M","$","R","E","M","T","E","M","R","?","M","R","B",null,"R","$","E","B",null],"character_chosen":"WATCHER","items_purchased":["MerchantsRug","reliquary:Dhvaja","Toxic Egg 2","Bag of Marbles","BottledMiracle","SkillPotion","Crescendo+1","Omniscience+1","Ice Cream","Lee\u0027s Waffle","PreservedInsect","Melange","PathToVictory+1","aspiration:TomeofQuesting","Damaru","SpikesRelics:DaevaFist","trackpad:DisasterInABottle","Shovel","reliquary:JackalopeAntler","Chemical X","PathToVictory+1","ClearTheMind+1","reliquary:Buckler","Membership Card","Orrery","Perseverance+1","trackpad:AdjectivePendant","GoldenEye","ThirdEye+1","PathToVictory+1","Replay:Ringing Soul","DollysMirror","reliquary:Aerogel","Replay:AtTheReady+1","JustLucky","Worship+1","Protect+1","Calipers","Prostrate+1","Replay:BluntJabs","Strange Spoon","Whetstone","Replay:Bottled Steam","BargainBundle","SmokeBomb","StancePotion","DistilledChaos","reliquary:ExpiredCoupon","Adrenaline Potion","AttackPotion","Fruit Juice","BottledMiracle"],"campfire_rested":1,"item_purchase_floors":[0,0,0,0,0,0,0,0,0,0,0,0,0,0,0,0,0,0,0,0,0,0,0,0,0,0,0,0,0,0,0,0,0,0,0,0,0,0,0,0,2,25,37,37,37,37,37,37,39,53,53,53],"current_hp_per_floor":[112,112,112,112,115,115,118,118,118,118,111,111,111,111,111,114,121,121,113,116,116,119,101,101,101,101,98,90,90,80,80,118,92,130,129,129,129,126,126,126,120,113,113,123,121,121,121,118,118,88,145,145,152,152,78],"gold":52,"neow_bonus":"","is_daily":false,"chose_seed":false,"campfire_upgraded":1,"win_rate":0.0,"timestamp":1614391358,"path_taken":["M","$","?","M","M","R","E","R","T","M","E","R","?","M","R","BOSS","M","M","M","?","?","E","R","$","T","M","E","?","M","?","R","BOSS","M","?","$","M","$","R","E","M","T","E","M","R","?","M","R","BOSS","R","$","E","BOSS"],"items_purchased_type":["Relic","Relic","Relic","Relic","Potion","Potion","Card","Card","Relic","Relic","Relic","Relic","Card","Relic","Relic","Relic","Relic","Relic","Relic","Relic","Card","Card","Relic","Relic","Relic","Card","Relic","Relic","Card","Card","Relic","Relic","Relic","Card","Card","Card","Card","Relic","Card","Card","Relic","Relic","Relic","Relic","Potion","Potion","Potion","Relic","Potion","Potion","Potion","Potion"],"build_version":"2020-12-22","purchased_purges":13,"victory":true,"max_hp_per_floor":[112,112,112,112,115,115,118,118,118,118,118,118,118,118,118,121,121,121,121,124,124,127,127,127,127,127,127,127,127,127,127,127,130,130,133,133,133,136,136,136,136,139,139,139,142,142,142,145,145,145,145,145,152,152,152],"card_choices":[{"not_picked":["DevaForm","Scrawl+1"],"picked":"Alpha+1","floor":0},{"not_picked":["BowlingBash","Replay:Vibes+1"],"picked":"FlurryOfBlows","floor":0},{"not_picked":["Weave","FlurryOfBlows"],"picked":"Devotion","floor":0},{"not_picked":["CrushJoints","Vengeance+1"],"picked":"Pray+1","floor":0},{"not_picked":["Consecrate","ThirdEye+1"],"picked":"FearNoEvil","floor":1},{"not_picked":["FlurryOfBlows","ReachHeaven","CrushJoints"],"picked":"SKIP","floor":4},{"not_picked":["CarveReality","Evaluate+1"],"picked":"Replay:AtTheReady+1","floor":5},{"not_picked":["Replay:Hum+1","JustLucky"],"picked":"Meditate+1","floor":7},{"not_picked":["Conclude","Replay:DivineShield+1","EmptyFist"],"picked":"SKIP","floor":10},{"not_picked":["Replay:AllIn+1","Evaluate+1","BattleHymn"],"picked":"SKIP","floor":11},{"not_picked":["BowlingBash","Replay:ManipulateFuture+1","Crescendo+1"],"picked":"SKIP","floor":13},{"not_picked":["Halt+1","Replay:AtTheReady+1","Protect+1"],"picked":"SKIP","floor":14},{"not_picked":["Ragnarok","Brilliance"],"picked":"DeusExMachina+1","floor":16},{"not_picked":["Evaluate+1","ClearTheMind+1","ForeignInfluence+1"],"picked":"SKIP","floor":18},{"not_picked":["Study+1","Halt+1","Consecrate"],"picked":"SKIP","floor":19},{"not_picked":["BowlingBash+1","Prostrate+1"],"picked":"SashWhip","floor":20},{"not_picked":["SashWhip","Crescendo+1","BowlingBash"],"picked":"SKIP","floor":23},{"not_picked":["Tantrum+1","MentalFortress+1","Adaptation"],"picked":"SKIP","floor":27},{"not_picked":["WheelKick+1","Halt+1","EmptyFist"],"picked":"SKIP","floor":28},{"not_picked":["EmptyMind+1","WheelKick","Consecrate"],"picked":"SKIP","floor":30},{"not_picked":["LessonLearned","Vault+1"],"picked":"Replay:LoomingThreat","floor":33},{"not_picked":["FlurryOfBlows","Halt+1"],"picked":"PathToVictory+1","floor":35},{"not_picked":["FearNoEvil","EmptyFist+1"],"picked":"Replay:BluntJabs+1","floor":38},{"not_picked":["EmptyMind+1","ForeignInfluence+1","Swivel+1"],"picked":"SKIP","floor":41},{"not_picked":["FollowUp","SignatureMove","Prostrate+1"],"picked":"SKIP","floor":42},{"not_picked":["Study+1","Judgement+1","Sanctity+1"],"picked":"SKIP","floor":44},{"not_picked":["Replay:DivineShield+1","Crescendo+1"],"picked":"Worship+1","floor":45},{"not_picked":["WindmillStrike+1","WheelKick"],"picked":"FlyingSleeves+1","floor":48},{"not_picked":["Evaluate+1","MentalFortress+1","SandsOfTime+1"],"picked":"SKIP","floor":54}],"player_experience":511723,"relics_obtained":[{"floor":6,"key":"infinitespire:Beetle Shell"},{"floor":7,"key":"Blue Candle"},{"floor":8,"key":"Nunchaku"},{"floor":11,"key":"ReplayFunnel"},{"floor":12,"key":"infinitespire:EmpoweringShard"},{"floor":23,"key":"Blood Vial"},{"floor":24,"key":"Bronze Scales"},{"floor":28,"key":"aspiration:HiddenCompartment"},{"floor":29,"key":"reliquary:TuningFork"},{"floor":41,"key":"hubris:64BitClover"},{"floor":43,"key":"hubris:FunFungus"},{"floor":44,"key":"Replay:Wax Seal"},{"floor":46,"key":"conspire:DeflatedDodgeball"},{"floor":49,"key":"Blue Doll"},{"floor":52,"key":"Letter Opener"},{"floor":54,"key":"Lizard Tail"}],"event_choices":[{"cards_removed":["Pray"],"damage_healed":0,"gold_gain":0,"player_choice":"Offered Uncommon","damage_taken":0,"max_hp_gain":0,"max_hp_loss":0,"event_name":"Bonfire Elementals","floor":3,"gold_loss":0},{"damage_healed":0,"gold_gain":0,"player_choice":"Forge","damage_taken":0,"max_hp_gain":0,"max_hp_loss":0,"event_name":"Accursed Blacksmith","floor":21,"gold_loss":0,"cards_upgraded":["Devotion"]},{"cards_removed":["Omniscience"],"damage_healed":0,"gold_gain":0,"player_choice":"Take \u0026 Give","damage_taken":0,"max_hp_gain":0,"max_hp_loss":0,"event_name":"betterNote:BetterNote","floor":22,"gold_loss":0,"cards_obtained":["Duplication"]},{"damage_healed":0,"gold_gain":0,"player_choice":"Inject Mutagens","damage_taken":0,"relics_obtained":["MutagenicStrength"],"max_hp_gain":0,"max_hp_loss":0,"event_name":"Drug Dealer","floor":31,"gold_loss":0},{"damage_healed":0,"gold_gain":0,"player_choice":"Memory 1","damage_taken":0,"max_hp_gain":0,"max_hp_loss":0,"event_name":"SensoryStone","floor":47,"gold_loss":0}],"is_beta":false,"boss_relics":[{"not_picked":["Philosopher\u0027s Stone","reliquary:Craggleroot"],"picked":"SacredBark"},{"not_picked":["hubris:GrandSneckoEye","trackpad:Coffee","Pandora\u0027s Box"]}],"items_purged_floors":[0,0,0,0,0,0,0,0,0,0,25,37,53],"is_endless":false,"potions_floor_spawned":[4,7,10,14,16,18,20,28,30,33,41,45,54],"ascension_level":0}}