{"host":"q9qwbotttpvtd6fn","time":1614446952,"event":{"mods":["BaseMod","Colored Map","Colored Powertips","Highlight Path","Minty Spire (QoL Compilation)","Relic Stats","StSLib"],"gold_per_floor":[110,129,7,7,7,32,32,49,95,123,123,123,152,152,152,253,253,263,263,27,0,17,17,17],"floor_reached":23,"language":"ENG","playtime":807,"items_purged":["Strike_B","Strike_B"],"score":398,"play_id":"edadd44a-cb2e-4306-9103-54ad9925ee37","local_time":"20210227122912","is_ascension_mode":true,"campfire_choices":[{"data":"Loop","floor":7.0,"key":"SMITH"},{"data":"Forethought","floor":11.0,"key":"SMITH"},{"data":"Biased Cognition","floor":15.0,"key":"SMITH"}],"circlet_count":0,"master_deck":["AscendersBane","Strike_B","Defend_B","Defend_B","Defend_B","Defend_B","Zap","Dualcast","Loop+1","Cold Snap","Cold Snap","Biased Cognition+1","Forethought+1","Doom and Gloom","Darkness","Redo","Amplify","Turbo","Core Surge","Steam","Capacitor","Steam"],"relics":["Cracked Core","NeowsBlessing","PreservedInsect","Juzu Bracelet","Unceasing Top","Bottled Tornado","Sozu","Membership Card"],"acts_visited":["Exordium","TheCity"],"potions_floor_usage":[],"damage_taken":[{"damage":0.0,"enemies":"2 Louse","floor":1.0,"turns":1.0},{"damage":0.0,"enemies":"Cultist","floor":2.0,"turns":1.0},{"damage":0.0,"enemies":"Lagavulin","floor":6.0,"turns":1.0},{"damage":7.0,"enemies":"Jaw Worm","floor":8.0,"turns":3.0},{"damage":20.0,"enemies":"3 Sentries","floor":10.0,"turns":6.0},{"damage":19.0,"enemies":"Lagavulin","floor":13.0,"turns":4.0},{"damage":0.0,"enemies":"Exordium Wildlife","floor":14.0,"turns":1.0},{"damage":18.0,"enemies":"Hexaghost","floor":16.0,"turns":5.0},{"damage":1.0,"enemies":"Spheric Guardian","floor":18.0,"turns":3.0},{"damage":31.0,"enemies":"2 Thieves","floor":22.0,"turns":3.0},{"damage":37,"enemies":"Slavers","floor":23,"turns":3}],"seed_played":"3807583266472672419","potions_obtained":[{"floor":6.0,"key":"EssenceOfSteel"},{"floor":8.0,"key":"SmokeBomb"},{"floor":10.0,"key":"BlessingOfTheForge"},{"floor":16.0,"key":"AttackPotion"}],"is_trial":false,"path_per_floor":["M","M","$","?","$","E","R","M","T","E","R","?","E","M","R","B",null,"M","?","$","?","M","E"],"character_chosen":"DEFECT","items_purchased":["Cold Snap","Membership Card","Capacitor"],"campfire_rested":0,"item_purchase_floors":[3,20,20],"current_hp_per_floor":[68,68,68,68,68,68,68,61,61,41,41,41,22,22,22,4,57,56,56,56,56,25,0,0],"gold":17,"neow_bonus":"THREE_ENEMY_KILL","is_daily":false,"chose_seed":false,"campfire_upgraded":3,"win_rate":0.0,"timestamp":1614446952,"path_taken":["M","M","$","?","?","E","R","M","T","E","R","?","E","M","R","BOSS","M","?","$","?","M","E"],"items_purchased_type":["Card","Relic","Card"],"build_version":"2020-12-22","purchased_purges":2,"victory":false,"max_hp_per_floor":[75,75,75,75,75,75,75,75,75,75,75,75,75,75,75,75,75,75,75,75,75,75,75,75],"relic_stats":{"Sozu":1,"counters":[11,31],"PreservedInsect":104,"Juzu Bracelet":0,"obtain_stats":[{"Sozu":17,"NeowsBlessing":0,"PreservedInsect":6,"Juzu Bracelet":9,"Membership Card":20,"Bottled Tornado":13,"Cracked Core":0,"Unceasing Top":10},{"Sozu":8,"NeowsBlessing":0,"PreservedInsect":3,"Juzu Bracelet":4,"Membership Card":9,"Bottled Tornado":6,"Cracked Core":0,"Unceasing Top":5},{"Sozu":22,"NeowsBlessing":0,"PreservedInsect":3,"Juzu Bracelet":6,"Membership Card":25,"Bottled Tornado":16,"Cracked Core":0,"Unceasing Top":12}],"Unceasing Top":[10]},"card_choices":[{"not_picked":["Streamline","Conserve Battery"],"picked":"Loop","floor":1.0},{"not_picked":["Ball Lightning","Compile Driver"],"picked":"Cold Snap","floor":2.0},{"not_picked":["Rebound","Sweeping Beam"],"picked":"Doom and Gloom","floor":6.0},{"not_picked":["Blizzard","Streamline"],"picked":"Darkness","floor":8.0},{"not_picked":["Rip and Tear","Storm"],"picked":"Redo","floor":10.0},{"not_picked":["Streamline","FTL"],"picked":"Turbo","floor":13.0},{"not_picked":["All For One","Machine Learning"],"picked":"Core Surge","floor":16.0},{"not_picked":["Cold Snap","Gash"],"picked":"Steam","floor":18.0},{"not_picked":["Cold Snap","Beam Cell"],"picked":"Steam","floor":22.0}],"player_experience":515411,"relics_obtained":[{"floor":6.0,"key":"PreservedInsect"},{"floor":9.0,"key":"Juzu Bracelet"},{"floor":10.0,"key":"Unceasing Top"},{"floor":13.0,"key":"Bottled Tornado"}],"event_choices":[{"damage_healed":0.0,"max_hp_gain":0.0,"max_hp_loss":0.0,"gold_gain":0.0,"event_name":"Match and Keep!","player_choice":"2 cards matched","floor":4.0,"gold_loss":0.0,"damage_taken":0.0,"cards_obtained":["Biased Cognition","Forethought"]},{"damage_healed":0.0,"max_hp_gain":0.0,"max_hp_loss":0.0,"gold_gain":0.0,"cards_transformed":["Strike_B"],"event_name":"Living Wall","player_choice":"Change","floor":12.0,"gold_loss":0.0,"damage_taken":0.0,"cards_obtained":["Amplify"]},{"damage_healed":0.0,"max_hp_gain":0.0,"max_hp_loss":0.0,"gold_gain":0.0,"event_name":"Ghosts","player_choice":"Ignored","floor":19.0,"gold_loss":0.0,"damage_taken":0.0},{"damage_healed":0.0,"max_hp_gain":0.0,"max_hp_loss":0.0,"gold_gain":0.0,"event_name":"Masked Bandits","player_choice":"Paid Fearfully","floor":21.0,"gold_loss":27.0,"damage_taken":0.0}],"is_beta":false,"boss_relics":[{"not_picked":["Coffee Dripper","Tiny House"],"picked":"Sozu"}],"items_purged_floors":[3,20],"is_endless":false,"potions_floor_spawned":[6,8,10,14,16,22],"killed_by":"Slavers","ascension_level":11}}