{"host":"vbnedsupt3437a3r","time":1614440086,"event":{"mods":["BaseMod","Minty Spire (QoL Compilation)"],"gold_per_floor":[116,132,82,2,17,47,47,57,57,232,232,252,252,267,267,367,367,379,397,408,10,10,10,36,36,36,65,80,92,92,108,108,209,209,223,235,235,247,265,265,284,284,584,584,609,25,25,37,37,37],"floor_reached":51,"language":"ENG","playtime":4565,"items_purged":["Parasite"],"score":755,"play_id":"61d7dd0c-e8e9-4c54-9e0c-a1728b30449a","local_time":"20210227073446","is_ascension_mode":true,"campfire_choices":[{"data":"Loop","floor":7.0,"key":"SMITH"},{"data":"White Noise","floor":13.0,"key":"SMITH"},{"data":"Aggregate","floor":15.0,"key":"SMITH"},{"data":"Fission","floor":23.0,"key":"SMITH"},{"floor":25.0,"key":"REST"},{"data":"Storm","floor":30.0,"key":"SMITH"},{"data":"Zap","floor":32,"key":"SMITH"},{"data":"Fission","floor":40,"key":"SMITH"},{"data":"Skim","floor":42,"key":"SMITH"},{"data":"Seek","floor":44,"key":"SMITH"},{"data":"Madness","floor":49,"key":"SMITH"}],"circlet_count":0,"master_deck":["Strike_B","Strike_B","Defend_B","Defend_B","Defend_B","Defend_B","Zap+1","Dualcast","Barrage","Meteor Strike","Loop+1","Self Repair","Seek+1","Ball Lightning","White Noise+1","Aggregate+1","Fission+1","Undo+1","Skim+1","Streamline","Storm+1","Cold Snap","Undo","Gash+1","Streamline","Capacitor","Undo","Fission+1","Loop+1","Consume","Reinforced Body+1","Redo","Apotheosis","Defragment","Madness","Madness+1","Hologram"],"relics":["Cracked Core","NeowsBlessing","Blue Candle","Mummified Hand","Sozu","Ice Cream","InkBottle","Centennial Puzzle","Pen Nib","Cursed Key","Old Coin","Dream Catcher","Shuriken"],"acts_visited":["Exordium","TheCity","TheBeyond"],"potions_floor_usage":[],"damage_taken":[{"damage":0.0,"enemies":"Cultist","floor":1.0,"turns":1.0},{"damage":0.0,"enemies":"Jaw Worm","floor":2.0,"turns":1.0},{"damage":0.0,"enemies":"Small Slimes","floor":5.0,"turns":1.0},{"damage":39.0,"enemies":"Gremlin Nob","floor":6.0,"turns":5.0},{"damage":14.0,"enemies":"3 Louse","floor":8.0,"turns":4.0},{"damage":8.0,"enemies":"Red Slaver","floor":12.0,"turns":3.0},{"damage":3.0,"enemies":"2 Fungi Beasts","floor":14.0,"turns":4.0},{"damage":16.0,"enemies":"The Guardian","floor":16.0,"turns":9.0},{"damage":10.0,"enemies":"2 Thieves","floor":18.0,"turns":3.0},{"damage":22.0,"enemies":"Shell Parasite","floor":19.0,"turns":5.0},{"damage":40.0,"enemies":"Cultist and Chosen","floor":20.0,"turns":7.0},{"damage":8.0,"enemies":"Gremlin Leader","floor":24.0,"turns":5.0},{"damage":20.0,"enemies":"Slavers","floor":27.0,"turns":5.0},{"damage":6.0,"enemies":"Snake Plant","floor":28.0,"turns":3.0},{"damage":0.0,"enemies":"Snecko","floor":29.0,"turns":3.0},{"damage":1,"enemies":"Centurion and Healer","floor":31,"turns":3},{"damage":26,"enemies":"Automaton","floor":33,"turns":8},{"damage":13,"enemies":"Orb Walker","floor":35,"turns":4},{"damage":1,"enemies":"3 Darklings","floor":36,"turns":4},{"damage":5,"enemies":"Writhing Mass","floor":38,"turns":5},{"damage":4,"enemies":"Maw","floor":39,"turns":6},{"damage":0,"enemies":"Transient","floor":41,"turns":5},{"damage":14,"enemies":"Reptomancer","floor":45,"turns":5},{"damage":6,"enemies":"3 Darklings","floor":48,"turns":4},{"damage":18,"enemies":"Donu and Deca","floor":50,"turns":7}],"seed_played":"-8090371518358442101","potions_obtained":[{"floor":2.0,"key":"DuplicationPotion"},{"floor":6.0,"key":"DuplicationPotion"},{"floor":14.0,"key":"Fire Potion"}],"is_trial":false,"path_per_floor":["M","M","?","$","M","E","R","M","T","?","?","M","R","M","R","B",null,"M","M","M","$","?","R","E","R","T","E","M","M","R","M","R","B",null,"M","M","?","M","M","R","M","R","T","R","E","$","?","M","R","B",null],"character_chosen":"DEFECT","items_purchased":["Loop","Ice Cream","Storm","Cold Snap","Shuriken","Apotheosis","Defragment"],"campfire_rested":1,"item_purchase_floors":[4,21,21,21,46,46,46],"current_hp_per_floor":[75,75,75,75,75,50,50,43,43,43,43,42,42,46,46,37,75,72,57,24,24,24,24,23,45,45,32,33,40,40,46,46,27,75,69,75,75,75,75,75,75,75,75,75,68,68,59,63,63,55],"gold":37,"neow_bonus":"THREE_ENEMY_KILL","is_daily":false,"chose_seed":false,"campfire_upgraded":10,"win_rate":0.0,"timestamp":1614440086,"path_taken":["M","?","?","?","?","E","R","M","T","?","?","M","R","M","R","BOSS","M","M","M","$","?","R","E","R","T","E","M","M","R","M","R","BOSS","M","M","?","M","M","R","M","R","T","R","E","$","?","M","R","BOSS"],"items_purchased_type":["Card","Relic","Card","Card","Relic","Card","Card"],"build_version":"2020-12-22","purchased_purges":1,"victory":true,"max_hp_per_floor":[75,75,75,75,75,75,75,75,75,75,75,75,75,75,75,75,75,75,75,75,75,75,75,75,75,75,75,75,75,75,75,75,75,75,75,75,75,75,75,75,75,75,75,75,75,72,72,72,72,72],"card_choices":[{"not_picked":["Steam","Turbo"],"picked":"Barrage","floor":1.0},{"not_picked":["Doom and Gloom","Sweeping Beam"],"picked":"Meteor Strike","floor":2.0},{"not_picked":["Stack","Rip and Tear"],"picked":"Self Repair","floor":5.0},{"not_picked":["Turbo","Steam Power"],"picked":"Seek","floor":6.0},{"not_picked":["Reinforced Body","Barrage"],"picked":"Ball Lightning","floor":8.0},{"not_picked":["Melter","Aggregate"],"picked":"White Noise","floor":12.0},{"not_picked":["Go for the Eyes","Loop"],"picked":"Aggregate","floor":14.0},{"not_picked":["Thunder Strike","All For One"],"picked":"Fission","floor":16.0},{"not_picked":["Leap","Genetic Algorithm"],"picked":"Undo+1","floor":18.0},{"not_picked":["Auto Shields","Cold Snap"],"picked":"Skim","floor":19.0},{"not_picked":["Ball Lightning","Undo"],"picked":"Streamline","floor":20.0},{"not_picked":["Sweeping Beam","Gash+1"],"picked":"Undo","floor":24.0},{"not_picked":["Steam","Hologram"],"picked":"Gash+1","floor":27.0},{"not_picked":["Darkness+1","Genetic Algorithm"],"picked":"Streamline","floor":28.0},{"not_picked":["Stack","Redo"],"picked":"Capacitor","floor":29.0},{"not_picked":["Streamline+1","Coolheaded"],"picked":"Undo","floor":31},{"not_picked":["Biased Cognition","Meteor Strike"],"picked":"Fission","floor":33},{"not_picked":["Cold Snap","Genetic Algorithm+1"],"picked":"Loop+1","floor":35},{"not_picked":["Coolheaded+1","Sweeping Beam"],"picked":"Consume","floor":36},{"not_picked":["Go for the Eyes+1","Rebound"],"picked":"Reinforced Body+1","floor":38},{"not_picked":["Rebound","Reprogram+1","Reinforced Body"],"picked":"SKIP","floor":39},{"not_picked":["Steam+1","Turbo+1","BootSequence"],"picked":"SKIP","floor":41},{"not_picked":["Reboot","Conserve Battery+1"],"picked":"Redo","floor":45},{"not_picked":["Aggregate+1","Melter"],"picked":"Hologram","floor":48}],"player_experience":211632,"relics_obtained":[{"floor":6.0,"key":"Blue Candle"},{"floor":9.0,"key":"Mummified Hand"},{"floor":24.0,"key":"InkBottle"},{"floor":26.0,"key":"Centennial Puzzle"},{"floor":27.0,"key":"Pen Nib"},{"floor":43,"key":"Old Coin"},{"floor":45,"key":"Dream Catcher"}],"event_choices":[{"cards_removed":["Strike_B"],"damage_healed":0.0,"max_hp_gain":0.0,"max_hp_loss":0.0,"gold_gain":0.0,"event_name":"The Cleric","player_choice":"Card Removal","floor":3.0,"gold_loss":50.0,"damage_taken":0.0},{"damage_healed":0.0,"max_hp_gain":0.0,"max_hp_loss":0.0,"gold_gain":175.0,"event_name":"Liars Game","player_choice":"AGREE","floor":10.0,"gold_loss":0.0,"damage_taken":0.0,"cards_obtained":["Doubt"]},{"cards_removed":["Doubt"],"damage_healed":0.0,"max_hp_gain":0.0,"max_hp_loss":0.0,"gold_gain":0.0,"event_name":"Purifier","player_choice":"Purged","floor":11.0,"gold_loss":0.0,"damage_taken":0.0},{"damage_healed":0.0,"max_hp_gain":0.0,"max_hp_loss":0.0,"gold_gain":0.0,"event_name":"Ghosts","player_choice":"Ignored","floor":22.0,"gold_loss":0.0,"damage_taken":0.0},{"cards_removed":["Strike_B"],"damage_healed":0,"gold_gain":0,"player_choice":"Removed Attack","damage_taken":0,"max_hp_gain":0,"max_hp_loss":0,"event_name":"Falling","floor":37,"gold_loss":0},{"damage_healed":0,"gold_gain":0,"player_choice":"Embrace Madness","damage_taken":9,"max_hp_gain":0,"max_hp_loss":0,"event_name":"Winding Halls","floor":47,"gold_loss":0,"cards_obtained":["Madness","Madness"]}],"is_beta":false,"boss_relics":[{"not_picked":["Philosopher\u0027s Stone","Astrolabe"],"picked":"Sozu"},{"not_picked":["Runic Dome","Fusion Hammer"],"picked":"Cursed Key"}],"items_purged_floors":[46],"is_endless":false,"potions_floor_spawned":[2,6,14,18,19,28,31,33,36,45,48],"ascension_level":1}}