{"host":"y0i0tbisecj7yjyn","time":1614407026,"event":{"mods":["2.2 Compatiblity","AchievementEnabler","AlwaysNeverKeys","BaseMod","Better Third Choice","BetterRewards","Colored Map","Curses Come First","Disable Question Mark Monsters","Displayed Cursed Tome","Highlight Path","Keyboard Shortcuts","Minty Spire (QoL Compilation)","Quick Restart","Random Character Button","Rare Cards Sparkle","Reliquary","Smile Girya","StSLib","Transform Curses","Weighted Paths"],"gold_per_floor":[116,131,146,165,165,199,8,27,27,38,38,49,83,83,83,178,178,196,196,213,213,232,232,262,262,312,55,74,74,90,107,107,202,202,218,218,21,71,87,122,122,152,152,152,172,190,190,90,90,90,90],"floor_reached":50,"language":"ENG","playtime":4508,"items_purged":["Writhe","Pain"],"score":909,"play_id":"bce61d98-1537-46e9-9a54-7982dae0cc81","local_time":"20210227002346","is_ascension_mode":false,"campfire_choices":[{"floor":15,"key":"REST"},{"floor":23,"key":"REST"},{"floor":25,"key":"REST"},{"floor":32,"key":"REST"},{"data":"Apotheosis","floor":47,"key":"SMITH"},{"data":"Discovery","floor":49,"key":"SMITH"}],"circlet_count":0,"master_deck":["Eruption","Vigilance","Prostrate","Crescendo","Halt","EmptyBody","MentalFortress+1","Consecrate","BowlingBash","FlurryOfBlows","CrushJoints","Indignation+1","FearNoEvil","Consecrate","PathToVictory","Halt","EmptyFist","FollowUp","FlurryOfBlows","EmptyFist","ClearTheMind","FearNoEvil","Indignation","PathToVictory","EmptyMind","PathToVictory+1","Apotheosis+1","Consecrate+1","Prostrate","Prostrate","DeusExMachina","FearNoEvil+1","Prostrate","FlurryOfBlows+1","ForeignInfluence+1","Shame","Consecrate","Discovery+1","Prostrate"],"relics":["PureWater","Prayer Wheel","reliquary:Spinner","WingedGreaves","Unceasing Top","reliquary:Buckler","Nunchaku","Dream Catcher","Mummified Hand","Cursed Key","Nilry\u0027s Codex","Boot","Akabeko","Empty Cage","reliquary:Aerogel","GoldenEye","Singing Bowl","Toy Ornithopter","Regal Pillow","reliquary:IridiumChain"],"acts_visited":["Exordium","TheCity","TheBeyond"],"potions_floor_usage":[2,4,13,13,18,24,33,40,45,50,50],"damage_taken":[{"damage":9,"enemies":"Cultist","floor":1,"turns":7},{"damage":0,"enemies":"Jaw Worm","floor":2,"turns":3},{"damage":0,"enemies":"2 Louse","floor":3,"turns":2},{"damage":0,"enemies":"Blue Slaver","floor":4,"turns":4},{"damage":14,"enemies":"Gremlin Nob","floor":6,"turns":4},{"damage":0,"enemies":"Looter","floor":8,"turns":3},{"damage":5,"enemies":"Exordium Wildlife","floor":10,"turns":3},{"damage":0,"enemies":"Large Slime","floor":12,"turns":3},{"damage":5,"enemies":"3 Sentries","floor":13,"turns":3},{"damage":31,"enemies":"The Guardian","floor":16,"turns":6},{"damage":0,"enemies":"Spheric Guardian","floor":18,"turns":2},{"damage":0,"enemies":"Shell Parasite","floor":20,"turns":2},{"damage":10,"enemies":"Centurion and Healer","floor":22,"turns":2},{"damage":0,"enemies":"Book of Stabbing","floor":24,"turns":3},{"damage":10,"enemies":"Cultist and Chosen","floor":28,"turns":2},{"damage":0,"enemies":"Snake Plant","floor":30,"turns":3},{"damage":0,"enemies":"Snecko","floor":31,"turns":2},{"damage":8,"enemies":"Champ","floor":33,"turns":4},{"damage":0,"enemies":"3 Darklings","floor":35,"turns":2},{"damage":13,"enemies":"Mind Bloom Boss Battle","floor":38,"turns":3},{"damage":3,"enemies":"3 Shapes","floor":39,"turns":3},{"damage":0,"enemies":"Giant Head","floor":40,"turns":1},{"damage":0,"enemies":"Reptomancer","floor":42,"turns":3},{"damage":0,"enemies":"Maw","floor":45,"turns":4},{"damage":0,"enemies":"Spire Growth","floor":46,"turns":3},{"damage":96,"enemies":"Time Eater","floor":50,"turns":10}],"seed_played":"7817422178363837421","potions_obtained":[{"floor":1,"key":"AttackPotion"},{"floor":4,"key":"EntropicBrew"},{"floor":6,"key":"EssenceOfSteel"},{"floor":18,"key":"GamblersBrew"},{"floor":24,"key":"SpeedPotion"},{"floor":28,"key":"ColorlessPotion"},{"floor":39,"key":"Energy Potion"},{"floor":40,"key":"PowerPotion"},{"floor":45,"key":"SteroidPotion"},{"floor":46,"key":"ColorlessPotion"}],"is_trial":false,"path_per_floor":["M","M","M","M","T","E","$","M","T","M","?","M","E","?","R","B",null,"M","?","M","?","M","R","E","R","T","$","M","?","M","M","R","B",null,"M","?","$","?","M","E","T","E","T","?","M","M","R","$","R","B"],"character_chosen":"WATCHER","items_purchased":["reliquary:Spinner","Prostrate","FearNoEvil","reliquary:Buckler","Apotheosis","reliquary:Aerogel","Prostrate"],"campfire_rested":4,"item_purchase_floors":[0,0,7,7,27,37,37],"current_hp_per_floor":[56,56,56,56,56,42,42,42,42,37,34,34,29,29,50,19,72,72,56,56,56,46,67,67,72,72,72,62,49,49,49,72,64,77,77,77,77,64,61,61,61,61,61,61,68,72,72,72,72,0,0],"gold":90,"neow_bonus":"","is_daily":false,"chose_seed":false,"campfire_upgraded":2,"win_rate":0.0,"timestamp":1614407026,"path_taken":["M","?","M","M","?","E","?","?","T","M","?","M","E","?","R","BOSS","M","?","M","?","M","R","E","R","T","?","M","?","M","M","R","BOSS","M","?","$","?","M","E","?","E","T","?","M","?","R","$","R","BOSS"],"items_purchased_type":["Relic","Card","Card","Relic","Card","Relic","Card"],"build_version":"2020-12-22","purchased_purges":2,"victory":false,"max_hp_per_floor":[72,72,72,72,72,72,72,72,72,72,72,72,72,72,72,72,72,72,72,72,72,72,72,72,72,72,72,72,77,77,77,77,77,77,77,77,77,77,77,77,77,77,77,77,79,83,83,83,83,83,83],"card_choices":[{"not_picked":["WheelKick","InnerPeace"],"picked":"Crescendo","floor":1},{"not_picked":["CrushJoints","FlyingSleeves"],"picked":"Halt","floor":1},{"not_picked":["JustLucky","Omniscience"],"picked":"EmptyBody","floor":2},{"not_picked":["Wallop","Weave"],"picked":"MentalFortress","floor":2},{"not_picked":["JustLucky","FlyingSleeves"],"picked":"Consecrate","floor":3},{"not_picked":["JustLucky","CutThroughFate"],"picked":"BowlingBash","floor":3},{"not_picked":["Weave","ThirdEye"],"picked":"FlurryOfBlows","floor":4},{"not_picked":["Fasting2","SashWhip","CrushJoints"],"picked":"SKIP","floor":4},{"not_picked":["Fasting2","SashWhip"],"picked":"CrushJoints","floor":4},{"not_picked":["SashWhip","CutThroughFate"],"picked":"Indignation","floor":6},{"not_picked":["PathToVictory","Omniscience"],"picked":"Consecrate","floor":8},{"not_picked":["JustLucky","Wireheading"],"picked":"PathToVictory","floor":8},{"not_picked":["EmptyBody","Consecrate"],"picked":"Meditate","floor":10},{"not_picked":["JustLucky","Nirvana"],"picked":"Halt","floor":10},{"not_picked":["Halt","SignatureMove"],"picked":"EmptyFist","floor":12},{"not_picked":["FearNoEvil","Protect"],"picked":"FollowUp","floor":12},{"not_picked":["Scrawl","EmptyBody"],"picked":"FlurryOfBlows","floor":13},{"not_picked":["Consecrate","CutThroughFate"],"picked":"EmptyFist","floor":15},{"not_picked":["Devotion","Blasphemy"],"picked":"ConjureBlade","floor":16},{"not_picked":["InnerPeace","Evaluate"],"picked":"ClearTheMind","floor":18},{"not_picked":["ThirdEye","Vengeance","Sanctity"],"picked":"SKIP","floor":18},{"not_picked":["EmptyFist","Evaluate+1"],"picked":"FearNoEvil","floor":20},{"not_picked":["ThirdEye+1","Protect+1","Wallop"],"picked":"SKIP","floor":20},{"not_picked":["Nirvana","Scrawl"],"picked":"Indignation","floor":22},{"not_picked":["FollowUp","Collect"],"picked":"PathToVictory","floor":22},{"not_picked":["SashWhip+1","WheelKick"],"picked":"EmptyMind","floor":24},{"not_picked":["Vengeance+1","FollowUp"],"picked":"PathToVictory+1","floor":25},{"not_picked":["SashWhip","Protect","Nirvana+1"],"picked":"SKIP","floor":28},{"not_picked":["ReachHeaven+1","Nirvana+1","Worship"],"picked":"SKIP","floor":28},{"not_picked":["TalkToTheHand","Wireheading+1"],"picked":"Consecrate+1","floor":30},{"not_picked":["Ragnarok","InnerPeace","CarveReality+1"],"picked":"SKIP","floor":30},{"not_picked":["ReachHeaven+1","InnerPeace+1"],"picked":"Prostrate","floor":31},{"not_picked":["Protect","Evaluate"],"picked":"Prostrate","floor":31},{"not_picked":["Ragnarok","DevaForm"],"picked":"DeusExMachina","floor":33},{"not_picked":["DeceiveReality","ThirdEye+1"],"picked":"FearNoEvil+1","floor":35},{"not_picked":["Crescendo","WindmillStrike","Fasting2+1"],"picked":"SKIP","floor":35},{"not_picked":["TalkToTheHand","ForeignInfluence"],"picked":"FlurryOfBlows+1","floor":39},{"not_picked":["BowlingBash+1","JustLucky","ThirdEye+1"],"picked":"SKIP","floor":39},{"not_picked":["WindmillStrike+1","SashWhip+1"],"picked":"ForeignInfluence+1","floor":40},{"not_picked":["SandsOfTime+1","EmptyFist+1"],"picked":"Consecrate","floor":42},{"not_picked":["Thinking Ahead","Madness"],"picked":"Discovery","floor":44},{"not_picked":["ThirdEye+1","Crescendo"],"picked":"Prostrate","floor":45},{"not_picked":["WreathOfFlame+1","FollowUp+1","PathToVictory+1"],"picked":"Singing Bowl","floor":45},{"not_picked":["Wireheading","Weave+1","Vengeance+1"],"picked":"Singing Bowl","floor":46},{"not_picked":["Nirvana","Vengeance+1","LikeWater"],"picked":"Singing Bowl","floor":46}],"player_experience":567213,"relics_obtained":[{"floor":5,"key":"WingedGreaves"},{"floor":6,"key":"Unceasing Top"},{"floor":9,"key":"Nunchaku"},{"floor":13,"key":"Mummified Hand"},{"floor":24,"key":"Boot"},{"floor":26,"key":"Akabeko"},{"floor":38,"key":"GoldenEye"},{"floor":40,"key":"Singing Bowl"},{"floor":41,"key":"Toy Ornithopter"},{"floor":42,"key":"Regal Pillow"},{"floor":43,"key":"reliquary:IridiumChain"}],"event_choices":[{"damage_healed":0,"gold_gain":0,"player_choice":"Relic ","damage_taken":3,"max_hp_gain":0,"max_hp_loss":0,"event_name":"betterThird:BetterScrap","floor":11,"gold_loss":0,"cards_obtained":["Buffer"]},{"damage_healed":0,"gold_gain":0,"player_choice":"Ignored","damage_taken":0,"max_hp_gain":0,"max_hp_loss":0,"event_name":"Golden Idol","floor":14,"gold_loss":0},{"damage_healed":0,"gold_gain":0,"player_choice":"Obtained Book","damage_taken":16,"max_hp_gain":0,"max_hp_loss":0,"event_name":"Cursed Tome","floor":19,"gold_loss":0},{"damage_healed":0,"gold_gain":0,"player_choice":"Materialism","damage_taken":0,"max_hp_gain":0,"max_hp_loss":8,"event_name":"betterThird:BetterWriting","floor":21,"gold_loss":0},{"damage_healed":0,"gold_gain":0,"player_choice":"Shed Blood","damage_taken":18,"max_hp_gain":5,"max_hp_loss":0,"event_name":"Forgotten Altar","floor":29,"gold_loss":0},{"damage_healed":0,"gold_gain":0,"player_choice":"Ignored","damage_taken":0,"max_hp_gain":0,"max_hp_loss":0,"event_name":"Tomb of Lord Red Mask","floor":36,"gold_loss":0},{"damage_healed":0,"gold_gain":0,"player_choice":"Fight","damage_taken":0,"max_hp_gain":0,"max_hp_loss":0,"event_name":"MindBloom","floor":38,"gold_loss":0},{"damage_healed":0,"gold_gain":0,"player_choice":"Memory 1","damage_taken":0,"max_hp_gain":0,"max_hp_loss":0,"event_name":"SensoryStone","floor":44,"gold_loss":0}],"is_beta":false,"boss_relics":[{"not_picked":["reliquary:RedCape","Philosopher\u0027s Stone"],"picked":"Cursed Key"},{"not_picked":["reliquary:Ember","Snecko Eye"],"picked":"Empty Cage"}],"items_purged_floors":[27,48],"is_endless":false,"potions_floor_spawned":[1,4,6,10,18,24,28,39,40,45,46],"killed_by":"Time Eater","ascension_level":0}}