{"host":"g40mznrtwxqyj1ow","time":1614385086,"event":{"mods":["BaseMod","BetterRewards","Colored Map","Conspire","Hermit","Highlight Path","Hubris","Marisa????????","Minty Spire (QoL Compilation)","Replay The Spire","Robot Space Explorer","Shop Mod","StSLib","The Bug Knight","The Construct","The Cursed","The Jungle","The Marked","The Mystic","The Necromancer","The Servant 0.9.4","[IsaacMod]????"],"gold_per_floor":[112,112,130,149,0,0,0,13,13,13,36,52,81,48,48,48,48,146,146,164,264,284,284,298,298,324,424,424,449,449,101,101,112,112,217,217,228,256,256,256,131,160,180,214,265,281,281,0,14,14,14,14,14,14,14,45,45,45],"floor_reached":57,"language":"ENG","playtime":3265,"items_purged":["RobotSpaceExplorer:Defend","RobotSpaceExplorer:Strike","Voices"],"score":871,"play_id":"b4bf547b-6b4c-4739-bc53-4880cb92e8bb","local_time":"20210227011806","is_ascension_mode":false,"campfire_choices":[{"data":"RobotSpaceExplorer:Exploration","floor":6,"key":"SMITH"},{"data":"RobotSpaceExplorer:RigExplosive","floor":17,"key":"SMITH"},{"data":"RobotSpaceExplorer:FreezeRay","floor":25,"key":"SMITH"},{"data":"RobotSpaceExplorer:ShockMissile","floor":30,"key":"SMITH"},{"data":"RobotSpaceExplorer:PowerGlove","floor":34,"key":"SMITH"},{"data":"RobotSpaceExplorer:RigExplosive","floor":47,"key":"SMITH"},{"floor":51,"key":"RECALL"},{"data":"RobotSpaceExplorer:Fix","floor":54,"key":"SMITH"}],"circlet_count":0,"master_deck":["RobotSpaceExplorer:Strike+1","RobotSpaceExplorer:Strike","RobotSpaceExplorer:Strike","RobotSpaceExplorer:Defend","RobotSpaceExplorer:Defend","RobotSpaceExplorer:Defend","RobotSpaceExplorer:Scan","RobotSpaceExplorer:MiniLasers","EpicFetus+1","RobotSpaceExplorer:StarLightning+1","RobotSpaceExplorer:GearShield","RobotSpaceExplorer:GlueShot+1","RobotSpaceExplorer:FreezeRay+1","RobotSpaceExplorer:Fix+1","RobotSpaceExplorer:RigExplosive+1","RobotSpaceExplorer:RigExplosive+1","RobotSpaceExplorer:MiniDrones+1","RobotSpaceExplorer:ShockMissile+1","RobotSpaceExplorer:PowerGlove+1","RobotSpaceExplorer:PowerGlove+1","RobotSpaceExplorer:FrostMissile","RobotSpaceExplorer:StunGrenade+1","RobotSpaceExplorer:Autoloader"],"relics":["RobotSpaceExplorer:RoboCore","HushsDoor","Guide Book","Singing Bowl","DeathBook","Bronze Scales","HornCleat","MealTicket","HollowMod:PaleOreRelic","Turnip","Busted Crown","DoctorsRemote","Blue Doll","Ornamental Fan","Ring of Fury","ReplayTheSpireMod:Ring of Collecting","conspire:SpecialSausage","hubris:DeckOfHolding","hubris:Icosahedron","hubris:Towel","Gambling Chip","UnicornStump","BookOfRevelations","Red Mask","hubris:CrystalStatue"],"acts_visited":["Exordium","Exordium","TheBeyond","TheEnding"],"potions_floor_usage":[13,13,18,18,20,20,22,22,24,26,26,26,26,26,29,33,35,38,38,42,42,42,42,44,44,49,52,52,56,56,56,57,57],"damage_taken":[{"damage":0,"enemies":"2 Louse","floor":1,"turns":2},{"damage":0,"enemies":"Small Slimes","floor":3,"turns":1},{"damage":0,"enemies":"conspire:RoseBush","floor":4,"turns":3},{"damage":6,"enemies":"2 Fungi Beasts","floor":8,"turns":3},{"damage":0,"enemies":"Blue Slaver","floor":12,"turns":3},{"damage":0,"enemies":"Gremlin Nob","floor":13,"turns":3},{"damage":7,"enemies":"Hexaghost","floor":18,"turns":7},{"damage":2,"enemies":"theJungle:MUSHROOMGANG","floor":20,"turns":3},{"damage":0,"enemies":"theJungle:GiantWrat","floor":22,"turns":4},{"damage":0,"enemies":"theJungle:2_Snecko_Cultists","floor":24,"turns":1},{"damage":8,"enemies":"theJungle:Cassacara","floor":26,"turns":5},{"damage":3,"enemies":"theJungle:MamaSnecko","floor":29,"turns":4},{"damage":0,"enemies":"theJungle:Lyon","floor":33,"turns":3},{"damage":1,"enemies":"theJungle:QueenSpyder","floor":35,"turns":7},{"damage":0,"enemies":"Orb Walker","floor":37,"turns":4},{"damage":6,"enemies":"conspire:MimicChest","floor":38,"turns":5},{"damage":22,"enemies":"Giant Head","floor":42,"turns":7},{"damage":0,"enemies":"3 Darklings","floor":43,"turns":2},{"damage":0,"enemies":"HollowMod:StalkingDevout","floor":44,"turns":4},{"damage":17,"enemies":"4 Shapes","floor":46,"turns":3},{"damage":7,"enemies":"Jaw Worm Horde","floor":49,"turns":4},{"damage":26,"enemies":"Time Eater","floor":52,"turns":8},{"damage":79,"enemies":"Shield and Spear","floor":56,"turns":6},{"damage":72,"enemies":"The Heart","floor":57,"turns":3}],"seed_played":"-1308503239340177818","potions_obtained":[{"floor":4,"key":"construct:ShiftPotion"},{"floor":8,"key":"SkillPotion"},{"floor":13,"key":"LiquidMemories"},{"floor":18,"key":"Strength Potion"},{"floor":20,"key":"Block Potion"},{"floor":22,"key":"Weak Potion"},{"floor":24,"key":"ColorlessPotion"},{"floor":33,"key":"LifebloodPotion"},{"floor":42,"key":"SkillPotion"}],"is_trial":false,"path_per_floor":["M","?","M","M","$","R","?","M","T","?","T","M","E","$","PTL","PTL","R_BF","B",null,"M","?","M","?","M","R","E","?","T","E","R","$","?","M","R","B",null,"M","?","?","?","$","E","M","E","T","M","R","?","M","$","R","B",null,"R","$","E","B"],"character_chosen":"RobotSpaceExplorer","items_purchased":["EpicFetus","Guide Book","Singing Bowl","RobotSpaceExplorer:StarLightning+1","RobotSpaceExplorer:GearShield","RobotSpaceExplorer:GlueShot","Bronze Scales","RobotSpaceExplorer:MiniDrones+1","Ornamental Fan"],"campfire_rested":0,"item_purchase_floors":[0,0,0,0,0,0,5,14,31],"current_hp_per_floor":[53,53,53,53,53,53,53,47,47,52,52,52,56,71,71,71,71,68,82,82,82,84,84,84,84,76,78,78,81,81,88,88,90,90,89,90,92,92,92,92,94,78,80,84,84,73,73,73,72,87,87,65,102,102,102,31,0,0],"gold":45,"neow_bonus":"","is_daily":false,"chose_seed":false,"campfire_upgraded":7,"win_rate":0.0,"timestamp":1614385086,"path_taken":["M","?","M","M","$","R","?","M","T","?","?","M","E","?","PTL","PTL","R_BF","BOSS","M","?","?","?","M","R","E","?","T","E","R","$","?","M","R","BOSS","M","?","?","?","$","E","?","E","T","M","R","?","M","$","R","BOSS","R","$","E","BOSS"],"items_purchased_type":["Card","Relic","Relic","Card","Card","Card","Relic","Card","Relic"],"build_version":"2020-12-22","purchased_purges":3,"victory":false,"max_hp_per_floor":[77,77,77,77,77,77,77,77,77,82,82,82,82,82,82,82,82,82,82,84,84,84,84,84,84,84,86,86,88,88,88,88,90,90,90,90,92,94,94,94,94,96,98,98,98,100,100,100,102,102,102,102,102,102,102,104,104,104],"card_choices":[{"not_picked":[],"picked":"Bomb","floor":0},{"not_picked":["RobotSpaceExplorer:Blitz","RobotSpaceExplorer:MiniDrones","RobotSpaceExplorer:MetalStrike"],"picked":"Singing Bowl","floor":1},{"not_picked":["RobotSpaceExplorer:Ammunition","RobotSpaceExplorer:SlimeMissile"],"picked":"RobotSpaceExplorer:FreezeRay","floor":3},{"not_picked":["RobotSpaceExplorer:ShovelStrike","RobotSpaceExplorer:SurgingShield"],"picked":"RobotSpaceExplorer:Exploration","floor":4},{"not_picked":["RobotSpaceExplorer:MiniDrones","RobotSpaceExplorer:Pulsar"],"picked":"RobotSpaceExplorer:Fix","floor":8},{"not_picked":["RobotSpaceExplorer:Reload","RobotSpaceExplorer:ShovelStrike"],"picked":"RobotSpaceExplorer:RigExplosive","floor":12},{"not_picked":["RobotSpaceExplorer:SlimeMissile","RobotSpaceExplorer:MetalStrike"],"picked":"RobotSpaceExplorer:RigExplosive","floor":13},{"not_picked":["RobotSpaceExplorer:Arsenal","RobotSpaceExplorer:ChargingLaser"],"picked":"RobotSpaceExplorer:ShockMissile","floor":18},{"not_picked":["RobotSpaceExplorer:SlimeMissile"],"picked":"Singing Bowl","floor":20},{"not_picked":[],"picked":"RobotSpaceExplorer:PowerGlove","floor":21},{"not_picked":[],"picked":"RobotSpaceExplorer:PowerGlove+1","floor":22},{"not_picked":[],"picked":"RobotSpaceExplorer:FrostMissile","floor":24},{"not_picked":[],"picked":"RobotSpaceExplorer:StunGrenade+1","floor":26},{"not_picked":["RobotSpaceExplorer:FreezingShield+1"],"picked":"Singing Bowl","floor":27},{"not_picked":["RobotSpaceExplorer:SwiftStep"],"picked":"Singing Bowl","floor":29},{"not_picked":["RobotSpaceExplorer:LuckyStrike"],"picked":"Singing Bowl","floor":33},{"not_picked":[],"picked":"RobotSpaceExplorer:Autoloader","floor":35},{"not_picked":["RobotSpaceExplorer:Calculate"],"picked":"Singing Bowl","floor":37},{"not_picked":["RobotSpaceExplorer:FreezeRay"],"picked":"Singing Bowl","floor":38},{"not_picked":["RobotSpaceExplorer:StunGrenade+1"],"picked":"Singing Bowl","floor":42},{"not_picked":["RobotSpaceExplorer:FranticSearch"],"picked":"Singing Bowl","floor":43},{"not_picked":["RobotSpaceExplorer:ShovelStrike+1"],"picked":"SKIP","floor":44},{"not_picked":["RobotSpaceExplorer:FranticSearch"],"picked":"Singing Bowl","floor":46},{"not_picked":["RobotSpaceExplorer:ShockKick"],"picked":"Singing Bowl","floor":49},{"not_picked":["RobotSpaceExplorer:Wormhole"],"picked":"Singing Bowl","floor":56}],"player_experience":547137,"relics_obtained":[{"floor":8,"key":"HornCleat"},{"floor":9,"key":"MealTicket"},{"floor":11,"key":"HollowMod:PaleOreRelic"},{"floor":13,"key":"Turnip"},{"floor":26,"key":"DoctorsRemote"},{"floor":29,"key":"Blue Doll"},{"floor":32,"key":"Ring of Fury"},{"floor":32,"key":"ReplayTheSpireMod:Ring of Collecting"},{"floor":38,"key":"hubris:DeckOfHolding"},{"floor":42,"key":"Gambling Chip"},{"floor":44,"key":"UnicornStump"},{"floor":45,"key":"BookOfRevelations"},{"floor":56,"key":"hubris:CrystalStatue"}],"event_choices":[{"damage_healed":0,"gold_gain":0,"player_choice":"Ignored","damage_taken":0,"max_hp_gain":0,"max_hp_loss":0,"event_name":"Liars Game","floor":7,"gold_loss":0},{"damage_healed":0,"gold_gain":0,"player_choice":"Donut","damage_taken":0,"max_hp_gain":5,"max_hp_loss":0,"event_name":"Big Fish","floor":10,"gold_loss":0},{"damage_healed":0,"gold_gain":0,"player_choice":"Full Heal","damage_taken":0,"max_hp_gain":0,"max_hp_loss":0,"event_name":"Wheel of Change","floor":23,"gold_loss":0},{"damage_healed":0,"gold_gain":0,"player_choice":"Paid","damage_taken":0,"relics_obtained":["Red Mask"],"max_hp_gain":0,"max_hp_loss":0,"event_name":"Tomb of Lord Red Mask","floor":48,"gold_loss":281}],"is_beta":false,"boss_relics":[{"not_picked":["Tiny House","Fusion Hammer"],"picked":"Busted Crown"},{"not_picked":[]},{"not_picked":["Painkiller Herb","ChampionBelt"],"picked":"conspire:SpecialSausage"},{"not_picked":[]}],"items_purged_floors":[0,31,41],"is_endless":false,"potions_floor_spawned":[4,8,13,18,20,22,24,26,33,38,42,44],"killed_by":"The Heart","ascension_level":0}}