{"host":"7t8rqoeeopyy0nh0","time":1614429675,"event":{"mods":["AchievementEnabler","Aspiration","BaseMod","Better Third Choice","BetterRewards","Colored Map","Colored Powertips","Conspire","Downfall","Hubris","Jorbs\u0027s Wanderer Trilogy","Minty Spire (QoL Compilation)","Permanent Neow","Quick Restart","Random Character Button","Rare Cards Sparkle","Reliquary","Replay The Spire","StSLib"],"gold_per_floor":[118,118,136,152,152,152,186,202,251,261,3,32,32,77,77,154,154,165,165,184,184,197,226,18,18,18,52,52,78,97,111,111,188,188,207,51,51,61,79,79,79],"floor_reached":40,"language":"ENG","playtime":1739,"items_purged":["Strike_R"],"score":1012,"play_id":"9257c59d-07a3-4cbe-9fac-9f6f39bd95ab","local_time":"20210227074115","is_ascension_mode":true,"campfire_choices":[{"data":"Immolate","floor":6,"key":"SMITH"},{"data":"Armaments","floor":13,"key":"SMITH"},{"data":"Uppercut","floor":15,"key":"SMITH"},{"floor":25,"key":"REST"},{"data":"Dark Embrace","floor":28,"key":"SMITH"},{"data":"Bash","floor":32,"key":"SMITH"}],"circlet_count":0,"master_deck":["AscendersBane","Strike_R","Strike_R","Strike_R","Strike_R","Defend_R","Defend_R","Defend_R","Defend_R","Bash+1","Whirlwind","Reaper+1","Twin Strike","Twin Strike","Dual Wield","Replay:Undeath\u0027s Touch","Immolate+1","Armaments+1","Wild Strike","ReplayTheSpireMod:Stacked","Hemokinesis","Cleave","Disarm","ReplayTheSpireMod:Muscle Training","Shrug It Off","Burning Pact","Infernal Blade","Battle Trance","Sword Boomerang","Uppercut+1","Juggernaut+1","Havoc+1","Writhe","Pummel","Dark Embrace+1","Pot Of Greed","Pot Of Greed","Pot Of Greed","Pot Of Greed","Flex+1","Battle Trance+1","True Grit+1","Shrug It Off","Exhume"],"relics":["Burning Blood","Dead Branch","Orrery","hubris:Towel","hubris:TenFootPole","Vajra","Replay:Wax Seal","hubris:Potato","Blue Doll","conspire:SpecialSausage","aspiration:FrozenJewel","Grinning Jar","Guide Book","Replay:Bottled Snecko","reliquary:TatteredRug","hubris:Spice","reliquary:BigHammer"],"acts_visited":["Exordium","TheCity","TheBeyond"],"potions_floor_usage":[7,7,16,20,23,27,29,33,33,38,39],"damage_taken":[{"damage":0,"enemies":"2 Louse","floor":1,"turns":1},{"damage":13,"enemies":"Small Slimes","floor":3,"turns":3},{"damage":2,"enemies":"Jaw Worm","floor":4,"turns":3},{"damage":9,"enemies":"Lagavulin","floor":7,"turns":4},{"damage":0,"enemies":"Exordium Thugs","floor":8,"turns":3},{"damage":5,"enemies":"Large Slime","floor":10,"turns":4},{"damage":11,"enemies":"3 Sentries","floor":12,"turns":4},{"damage":32,"enemies":"The Guardian","floor":16,"turns":10},{"damage":20,"enemies":"Shell Parasite","floor":18,"turns":4},{"damage":10,"enemies":"2 Thieves","floor":20,"turns":3},{"damage":20,"enemies":"Sentry and Sphere","floor":22,"turns":4},{"damage":7,"enemies":"Slavers","floor":23,"turns":3},{"damage":26,"enemies":"conspire:SneckoGhost","floor":27,"turns":6},{"damage":0,"enemies":"Slavers","floor":29,"turns":4},{"damage":0,"enemies":"3 Cultists","floor":30,"turns":3},{"damage":19,"enemies":"Shelled Parasite and Fungi","floor":31,"turns":4},{"damage":37,"enemies":"conspire:MysteriousRune","floor":33,"turns":8},{"damage":6,"enemies":"Orb Walker","floor":35,"turns":2},{"damage":35,"enemies":"3 Darklings","floor":38,"turns":4},{"damage":8,"enemies":"Transient","floor":39,"turns":6},{"damage":56,"enemies":"Giant Head","floor":40,"turns":5}],"seed_played":"4132626410968580468","potions_obtained":[{"floor":1,"key":"Energy Potion"},{"floor":4,"key":"BlessingOfTheForge"},{"floor":7,"key":"Regen Potion"},{"floor":14,"key":"Fire Potion"},{"floor":16,"key":"Languid Potion"},{"floor":20,"key":"AttackPotion"},{"floor":23,"key":"ColorlessPotion"},{"floor":27,"key":"PowerPotion"},{"floor":31,"key":"sneckomod:MuddlingPotion"},{"floor":38,"key":"Energy Potion"}],"is_trial":false,"path_per_floor":["M","?","M","M","?","R","E","M","T","M","$","E","R","?","R","B",null,"M","?","M","?","M","E","$","R","T","E","R","E","M","M","R","B",null,"M","$","?","M","M","E"],"character_chosen":"IRONCLAD","items_purchased":["Whirlwind","Reaper","Twin Strike","Orrery","Burning Pact","Infernal Blade","Replay:Wax Seal","Guide Book","Battle Trance+1","bronze:BurnAndBuffPotion"],"campfire_rested":1,"item_purchase_floors":[0,0,0,0,11,11,11,24,24,36],"current_hp_per_floor":[39,39,40,44,44,44,41,47,47,48,48,55,55,43,43,17,61,47,47,52,52,38,37,37,59,59,47,47,61,67,54,54,23,68,68,68,66,37,35,0,0],"gold":79,"neow_bonus":"","is_daily":false,"chose_seed":false,"campfire_upgraded":5,"win_rate":0.0,"timestamp":1614429675,"path_taken":["M","?","M","M","?","R","E","M","T","M","$","E","R","?","R","BOSS","M","?","M","?","M","E","$","R","T","E","R","E","?","M","R","BOSS","M","$","?","M","M","E"],"items_purchased_type":["Card","Card","Card","Relic","Card","Card","Relic","Relic","Card","Potion"],"build_version":"2020-12-22","purchased_purges":1,"victory":false,"max_hp_per_floor":[75,75,75,75,75,75,75,75,75,75,75,75,75,75,75,75,75,75,75,75,75,75,75,75,75,75,75,75,83,83,83,83,83,83,83,83,83,83,83,83,83],"card_choices":[{"not_picked":["Rage","Run Through"],"picked":"Dual Wield","floor":0},{"not_picked":["Iron Wave","Twin Strike"],"picked":"Replay:Undeath\u0027s Touch","floor":0},{"not_picked":["hubris:ReadiedAction","Life Link"],"picked":"Immolate","floor":0},{"not_picked":["Wild Strike","Flex"],"picked":"Armaments","floor":0},{"not_picked":["ReplayTheSpireMod:Limb From Limb","hubris:ReadiedAction"],"picked":"Wild Strike","floor":0},{"not_picked":["Rupture","Anger"],"picked":"ReplayTheSpireMod:Stacked","floor":1},{"not_picked":["conspire:Purge","ReplayTheSpireMod:Strike From Hell"],"picked":"Hemokinesis","floor":3},{"not_picked":["Clash","Hemokinesis"],"picked":"Cleave","floor":4},{"not_picked":["Intimidate","Reckless Charge"],"picked":"Disarm","floor":7},{"not_picked":["Warcry","Havoc"],"picked":"ReplayTheSpireMod:Muscle Training","floor":8},{"not_picked":["Replay:Undeath\u0027s Touch","ReplayTheSpireMod:Corrosion Curse"],"picked":"Shrug It Off","floor":10},{"not_picked":["Inflame","Wild Strike"],"picked":"Battle Trance","floor":12},{"not_picked":["Wild Strike","Fire Breathing"],"picked":"Sword Boomerang","floor":14},{"not_picked":["Twin Strike","conspire:Charge"],"picked":"Uppercut","floor":14},{"not_picked":["conspire:HitWhereItHurts","hubris:StunningStrike"],"picked":"Juggernaut","floor":16},{"not_picked":["Clothesline+1","Perfected Strike"],"picked":"Havoc+1","floor":18},{"not_picked":["Dropkick","Wild Strike","Cleave"],"picked":"SKIP","floor":20},{"not_picked":["Perfected Strike","Blood for Blood"],"picked":"Dark Embrace","floor":22},{"not_picked":["Sword Boomerang","Perfected Strike"],"picked":"Flex+1","floor":23},{"not_picked":["Demonic Infusion","Sentinel","Combust"],"picked":"SKIP","floor":27},{"not_picked":["Metallicize","Headbutt","Combust"],"picked":"SKIP","floor":29},{"not_picked":["ReplayTheSpireMod:LeadingStrike","Dropkick"],"picked":"True Grit+1","floor":30},{"not_picked":["Flex","Run Through"],"picked":"Shrug It Off","floor":31},{"not_picked":["Hemogenesis","conspire:Purge"],"picked":"Exhume","floor":33},{"not_picked":["Replay:Undeath\u0027s Touch","Body Slam","Thunderclap"],"picked":"SKIP","floor":35},{"not_picked":["Thunderclap+1","hubris:StunningStrike","Sword Boomerang+1"],"picked":"SKIP","floor":38},{"not_picked":["Cleave","Clothesline+1","ReplayTheSpireMod:Strike From Hell+1"],"picked":"SKIP","floor":39}],"player_experience":460557,"relics_obtained":[{"floor":7,"key":"hubris:TenFootPole"},{"floor":9,"key":"Vajra"},{"floor":12,"key":"hubris:Potato"},{"floor":14,"key":"Blue Doll"},{"floor":23,"key":"Grinning Jar"},{"floor":26,"key":"Replay:Bottled Snecko"},{"floor":27,"key":"reliquary:TatteredRug"},{"floor":29,"key":"hubris:Spice"}],"event_choices":[{"damage_healed":0,"gold_gain":0,"player_choice":"Disagree","damage_taken":0,"max_hp_gain":0,"max_hp_loss":0,"event_name":"conspire:LoneGhost","floor":5,"gold_loss":0},{"damage_healed":0,"gold_gain":0,"player_choice":"Opened","damage_taken":0,"relics_obtained":["aspiration:FrozenJewel"],"max_hp_gain":0,"max_hp_loss":0,"event_name":"The Mausoleum","floor":19,"gold_loss":0,"cards_obtained":["Writhe"]},{"damage_healed":0,"gold_gain":0,"player_choice":"Read","damage_taken":0,"max_hp_gain":0,"max_hp_loss":0,"event_name":"The Library","floor":21,"gold_loss":0,"cards_obtained":["Pummel"]},{"damage_healed":0,"gold_gain":0,"player_choice":"Leave","damage_taken":0,"max_hp_gain":0,"max_hp_loss":0,"event_name":"conspire:Investor","floor":37,"gold_loss":0}],"is_beta":false,"boss_relics":[{"not_picked":["reliquary:Craggleroot","reliquary:RustamsPendant"],"picked":"conspire:SpecialSausage"},{"not_picked":["hubris:Spice","Velvet Choker"],"picked":"reliquary:BigHammer"}],"items_purged_floors":[36],"is_endless":false,"potions_floor_spawned":[1,4,7,16,20,23,27,31,38],"killed_by":"Giant Head","ascension_level":20}}