{"host":"pke0xxyzw0teju56","time":1614449886,"event":{"mods":["BaseMod","Bestiary","Colored Powertips","Highlight Path","Minty Spire (QoL Compilation)","StSLib"],"gold_per_floor":[111,127,45,65,76,76,103,117,117,128,128,128,128],"floor_reached":12,"language":"ENG","playtime":756,"items_purged":[],"score":164,"play_id":"3a170d5f-1956-45b6-80b7-c8842d6dfc9d","local_time":"20210227131806","is_ascension_mode":true,"campfire_choices":[{"data":"Crippling Poison","floor":6,"key":"SMITH"},{"data":"Dagger Spray","floor":11,"key":"SMITH"}],"circlet_count":0,"master_deck":["AscendersBane","Strike_G","Strike_G","Strike_G","Strike_G","Strike_G","Defend_G+1","Defend_G","Defend_G","Defend_G+1","Defend_G","Survivor","Neutralize","Well Laid Plans","Dagger Spray+1","Blade Dance","Poisoned Stab","Crippling Poison+1","Calculated Gamble","Terror","Malaise"],"relics":["Ring of the Snake","NeowsBlessing","War Paint","Pear"],"acts_visited":["Exordium"],"potions_floor_usage":[7,10,12],"damage_taken":[{"damage":0,"enemies":"Cultist","floor":1,"turns":1},{"damage":0,"enemies":"Jaw Worm","floor":2,"turns":1},{"damage":0,"enemies":"Small Slimes","floor":4,"turns":1},{"damage":3,"enemies":"Looter","floor":5,"turns":4},{"damage":11,"enemies":"Lagavulin","floor":7,"turns":7},{"damage":6,"enemies":"Lots of Slimes","floor":8,"turns":3},{"damage":6,"enemies":"3 Louse","floor":10,"turns":2},{"damage":50,"enemies":"Gremlin Nob","floor":12,"turns":4}],"seed_played":"3275064838672289366","potions_obtained":[{"floor":2,"key":"SkillPotion"},{"floor":7,"key":"FearPotion"},{"floor":8,"key":"PowerPotion"}],"is_trial":false,"path_per_floor":["M","M","$","M","M","R","E","M","T","M","R","E"],"character_chosen":"THE_SILENT","items_purchased":["Blade Dance","Poisoned Stab"],"campfire_rested":0,"item_purchase_floors":[3,3],"current_hp_per_floor":[59,59,59,59,56,56,45,39,49,43,43,0,0],"gold":128,"neow_bonus":"THREE_ENEMY_KILL","is_daily":false,"chose_seed":false,"campfire_upgraded":2,"win_rate":0.0,"timestamp":1614449886,"path_taken":["M","M","$","M","?","R","E","M","T","M","R","E"],"items_purchased_type":["Card","Card"],"build_version":"2020-12-22","purchased_purges":0,"victory":false,"max_hp_per_floor":[66,66,66,66,66,66,66,66,76,76,76,76,76],"card_choices":[{"not_picked":["Backflip","Cloak And Dagger"],"picked":"Well Laid Plans","floor":1},{"not_picked":["Choke","Dodge and Roll"],"picked":"Dagger Spray","floor":2},{"not_picked":["Predator","Poisoned Stab"],"picked":"Crippling Poison","floor":4},{"not_picked":["All Out Attack","Underhanded Strike"],"picked":"Calculated Gamble","floor":5},{"not_picked":["Quick Slash","Dagger Spray"],"picked":"Terror","floor":7},{"not_picked":["Prepared","Sucker Punch"],"picked":"Malaise","floor":8},{"not_picked":["Infinite Blades","Prepared","Reflex"],"picked":"SKIP","floor":10}],"player_experience":5391858,"relics_obtained":[{"floor":7,"key":"War Paint"},{"floor":9,"key":"Pear"}],"event_choices":[],"is_beta":false,"boss_relics":[],"items_purged_floors":[],"is_endless":false,"potions_floor_spawned":[2,7,8],"killed_by":"Gremlin Nob","ascension_level":20}}