{"host":"at5b10nm0iti0w4x","time":1614458613,"event":{"mods":["2.2 Compatiblity","AchievementEnabler","BaseMod","Bestiary","Block Reminder","Colored Map","Colored Powertips","Highlight Path","Keyboard Shortcuts","Minty Spire (QoL Compilation)","Quick Restart","Relic Stats","Slay the Relics Exporter","StSLib","SuperFastMode","Unknown Chances"],"gold_per_floor":[366,116,116,135,152,178,178,178,178],"floor_reached":8,"language":"ENG","playtime":210,"items_purged":[],"score":56,"play_id":"615647cc-7fa7-4d15-ab4a-a8aaed8f4a47","local_time":"20210227154333","is_ascension_mode":false,"campfire_choices":[],"circlet_count":0,"master_deck":["Strike_R","Strike_R","Strike_R","Strike_R","Strike_R","Defend_R","Defend_R","Defend_R","Defend_R","Bash","Cleave","Clothesline","Spot Weakness"],"relics":["Burning Blood","White Beast Statue","FaceOfCleric","Letter Opener","Pear"],"acts_visited":["Exordium"],"potions_floor_usage":[8,8],"damage_taken":[{"damage":11,"enemies":"Small Slimes","floor":1,"turns":4},{"damage":13,"enemies":"Cultist","floor":4,"turns":5},{"damage":8,"enemies":"Jaw Worm","floor":5,"turns":4},{"damage":48,"enemies":"Lagavulin","floor":6,"turns":9},{"damage":4,"enemies":"Gremlin Nob","floor":8,"turns":3}],"seed_played":"-2549567632163904261","potions_obtained":[{"floor":1,"key":"Fire Potion"},{"floor":4,"key":"BlessingOfTheForge"},{"floor":5,"key":"SmokeBomb"},{"floor":6,"key":"Swift Potion"}],"is_trial":false,"path_per_floor":["M","$","?","M","M","E","?","E"],"character_chosen":"IRONCLAD","items_purchased":["White Beast Statue"],"campfire_rested":0,"item_purchase_floors":[2],"current_hp_per_floor":[67,67,67,61,60,19,11,7,7],"gold":178,"neow_bonus":"TWO_FIFTY_GOLD","is_daily":false,"chose_seed":false,"campfire_upgraded":0,"win_rate":0.0,"timestamp":1614458613,"path_taken":["M","$","?","M","?","E","?","E"],"items_purchased_type":["Relic"],"build_version":"2020-12-22","purchased_purges":0,"victory":false,"max_hp_per_floor":[72,72,72,73,74,75,85,85,85],"relic_stats":{"FaceOfCleric":3,"counters":[5,25],"Letter Opener":[0],"obtain_stats":[{"Pear":7,"FaceOfCleric":3,"Letter Opener":6,"Burning Blood":0,"White Beast Statue":2},{"Pear":4,"FaceOfCleric":1,"Letter Opener":4,"Burning Blood":0,"White Beast Statue":1},{"Pear":22,"FaceOfCleric":4,"Letter Opener":22,"Burning Blood":0,"White Beast Statue":4}],"Burning Blood":24},"card_choices":[{"not_picked":["Reckless Charge","Pommel Strike"],"picked":"Cleave","floor":1},{"not_picked":["Heavy Blade","Whirlwind","Reckless Charge"],"picked":"SKIP","floor":4},{"not_picked":["Power Through","Iron Wave"],"picked":"Clothesline","floor":5},{"not_picked":["Sword Boomerang","Headbutt"],"picked":"Spot Weakness","floor":6}],"player_experience":136826,"relics_obtained":[{"floor":6,"key":"Letter Opener"}],"event_choices":[{"damage_healed":0,"gold_gain":0,"player_choice":"Trade","damage_taken":0,"relics_obtained":["FaceOfCleric"],"max_hp_gain":0,"max_hp_loss":0,"event_name":"FaceTrader","floor":3,"gold_loss":0},{"damage_healed":0,"gold_gain":0,"player_choice":"Success","damage_taken":18,"relics_obtained":["Pear"],"max_hp_gain":0,"max_hp_loss":0,"event_name":"Scrap Ooze","floor":7,"gold_loss":0}],"is_beta":false,"boss_relics":[],"items_purged_floors":[],"is_endless":false,"potions_floor_spawned":[1,4,5,6],"killed_by":"Gremlin Nob","ascension_level":0}}