{"host":"99tfb11iqiu41jyj","time":1614418371,"event":{"mods":["2.2 Compatiblity","AchievementEnabler","BaseMod","Colored Powertips","Downfall","Infinite Spire","Minty Spire (QoL Compilation)","Morshu Shopkeeper - ENHANCED","Poor People Problems","Quick Restart","Reliquary","Replay The Spire","Spicy Shops","Spire Arcade","StSLib"],"gold_per_floor":[99,111,111,561,561,561,561,28,28,28,43,43,57,57,57,67,81,176,176,176,188,203,217,32,57,83,93,93,103,113,113,113,131,141,246,246,246,256,10,10,20,33,33,33,6,17,8,8,25,25,41,41,41,41],"floor_reached":52,"language":"ENG","playtime":5030,"items_purged":["Regret","Sickly","ReplayTheSpireMod:Splinters","downfall:Aged"],"score":618,"play_id":"192181e8-894e-4b2a-9c43-70d66da1f596","local_time":"20210227093251","is_ascension_mode":false,"campfire_choices":[{"data":"Bandage Up","floor":1.0,"key":"SMITH"},{"data":"sneckomod:UnendingSupply","floor":9.0,"key":"SMITH"},{"data":"sneckomod:TailWhip","floor":12.0,"key":"SMITH"},{"floor":20.0,"key":"DIG"},{"floor":32.0,"key":"REST"},{"data":"sneckomod:SerpentMind","floor":37.0,"key":"SMITH"}],"circlet_count":0,"master_deck":["sneckomod:Strike+1","sneckomod:Strike","sneckomod:Strike","sneckomod:Defend+1","sneckomod:Defend","sneckomod:Defend","sneckomod:TailWhip+1","sneckomod:SnekBite","sneckomod:Unknown","sneckomod:Unknown","Bandage Up+1","sneckomod:QuickBite","downfall:Icky","downfall:Icky","downfall:Icky","sneckomod:UnendingSupply+1","sneckomod:WideSting","sneckomod:UnknownUncommonSkill","sneckomod:CheapStock","sneckomod:QuickMove","sneckomod:SoulDraw","sneckomod:SerpentMind+1","sneckomod:UnknownCommonAttack+1","sneckomod:WideSting","sneckomod:Unknown0Cost+1","sneckomod:QuickBite+1","sneckomod:UnknownRareAttack","sneckomod:UnknownRareSkill","sneckomod:UnknownRarePower","sneckomod:IronFang+1","sneckomod:PureSnecko","sneckomod:UnknownWeak","sneckomod:Unknown0Cost+1","sneckomod:UnknownClassRED+1","downfall:Bewildered","sneckomod:ImprovisedAttack","sneckomod:DiceBoulder","sneckomod:ImprovisedGuard","sneckomod:UnknownDraw+1","sneckomod:UnknownRarePower","sneckomod:SerpentIdol+1","sneckomod:UnknownClassSLIMEBOUND","sneckomod:DiceBoulder","sneckomod:DiceCrush","sneckomod:Cheat","sneckomod:UnlimitedRolls","sneckomod:SoulDraw","sneckomod:UnknownStrength+1","sneckomod:DiceBlock","sneckomod:SlitherStrike","sneckomod:TrashToTreasure+1","sneckomod:ImprovisedGuard+1","expansioncontent:Hexaburn","sneckomod:UnknownClassGREEN+1","expansioncontent:YouAreMine","expansioncontent:Chronoboost","expansioncontent:PrepareCrush","sneckomod:QuickMove+1"],"relics":["Burning Blood","infinitespire:Cubic Diamond","Counterbalance","Ring of Panic","ReplayTheSpireMod:Ring of Addiction","Toy Ornithopter","White Beast Statue","reliquary:BallBearing","Replay:Baseball","Mirror","Replay:Ancient Bell","Pet Ghost","Divine Protection","StoneCalendar","infinitespire:BottledMercury","sneckomod:RareBoosterPack","Durian","Calipers","reliquary:TuningFork","Simple Rune","sneckomod:BabySnecko","Enchiridion","SlaversCollar","infinitespire:ShieldingShard","reliquary:Knoch","Orrery","reliquary:FingerTrap","Question Card","Replay:Arrowhead","Chameleon Ring","Toy Ornithopter"],"acts_visited":["Exordium","TheCity","TheBeyond"],"potions_floor_usage":[45,49,51,52,52,52],"damage_taken":[{"damage":6.0,"enemies":"Small Slimes","floor":2.0,"turns":3.0},{"damage":5.0,"enemies":"downfall:FleeingMerchant","floor":8.0,"turns":4.0},{"damage":0.0,"enemies":"2 Louse","floor":11.0,"turns":3.0},{"damage":3.0,"enemies":"Cultist","floor":13.0,"turns":2.0},{"damage":12.0,"enemies":"Gremlin Gang","floor":16.0,"turns":4.0},{"damage":4.0,"enemies":"Lots of Slimes","floor":17.0,"turns":3.0},{"damage":13.0,"enemies":"SI_SHIV_ARCHETYPE","floor":18.0,"turns":7.0},{"damage":46.0,"enemies":"3 Byrds","floor":21.0,"turns":7.0},{"damage":29.0,"enemies":"Shell Parasite","floor":22.0,"turns":7.0},{"damage":32.0,"enemies":"Sentry and Sphere","floor":23.0,"turns":6.0},{"damage":0.0,"enemies":"downfall:FleeingMerchant","floor":24.0,"turns":4.0},{"damage":44.0,"enemies":"Slavers","floor":25.0,"turns":7.0},{"damage":0.0,"enemies":"Snecko","floor":27.0,"turns":4.0},{"damage":0.0,"enemies":"Cultist and Chosen","floor":29.0,"turns":5.0},{"damage":18.0,"enemies":"Shelled Parasite and Fungi","floor":30.0,"turns":5.0},{"damage":0.0,"enemies":"Sentry and Sphere","floor":33.0,"turns":3.0},{"damage":0.0,"enemies":"Snecko","floor":34.0,"turns":4.0},{"damage":50.0,"enemies":"IC_MUSHROOM_ARCHETYPE","floor":35.0,"turns":7.0},{"damage":36.0,"enemies":"Orb Walker","floor":38.0,"turns":5.0},{"damage":12.0,"enemies":"downfall:FleeingMerchant","floor":39.0,"turns":4.0},{"damage":0.0,"enemies":"3 Shapes","floor":41.0,"turns":3.0},{"damage":0.0,"enemies":"Spire Growth","floor":42.0,"turns":6.0},{"damage":0,"enemies":"downfall:FleeingMerchant","floor":45,"turns":3},{"damage":7,"enemies":"Sphere and 2 Shapes","floor":46,"turns":4},{"damage":3,"enemies":"4 Shapes","floor":49,"turns":4},{"damage":2,"enemies":"Transient","floor":51,"turns":5},{"damage":122,"enemies":"DF_ARCHETYPE_ORBS","floor":52,"turns":11}],"seed_played":"4832578668797467221","potions_obtained":[{"floor":2.0,"key":"AttackPotion"},{"floor":6.0,"key":"EssenceOfSteel"},{"floor":6.0,"key":"infinitespire:BlackPotion"},{"floor":6.0,"key":"BlessingOfTheForge"},{"floor":17.0,"key":"DuplicationPotion"},{"floor":18.0,"key":"Flashbang"},{"floor":21.0,"key":"FearPotion"},{"floor":22.0,"key":"Block Potion"},{"floor":23.0,"key":"LiquidBronze"},{"floor":24.0,"key":"SkillPotion"},{"floor":25.0,"key":"Dexterity Potion"},{"floor":27.0,"key":"champ:CounterPotion"},{"floor":29.0,"key":"Guardian:BlockOnCardUsePotion"},{"floor":30.0,"key":"Strength Potion"},{"floor":35.0,"key":"DuplicationPotion"},{"floor":38.0,"key":"Explosive Potion"},{"floor":39.0,"key":"Flashbang"},{"floor":45,"key":"ColorlessPotion"},{"floor":51,"key":"Reflective Coating"}],"is_trial":false,"path_per_floor":["R","M","?","?","?","?","T","$","R","?","M","R","M","PTL","PTL","M","M","B",null,"R","M","M","M","$","E","T","M","?","M","M","?","R","M","M","B",null,"R","M","$","?","M","M","T","?","$","M","$","?","M","?","M","B"],"character_chosen":"THE_SNECKO","items_purchased":["Replay:Baseball","Mirror","sneckomod:UnendingSupply","sneckomod:WideSting","sneckomod:RareBoosterPack","sneckomod:IronFang+1","Durian","Calipers","sneckomod:PureSnecko","sneckomod:UnknownWeak","infinitespire:ShieldingShard","sneckomod:DiceBoulder","reliquary:Knoch","sneckomod:DiceCrush","Orrery","reliquary:FingerTrap","Replay:Arrowhead","Chameleon Ring","reliquary:SculptingSteel","expansioncontent:Hexaburn"],"campfire_rested":1,"item_purchase_floors":[8,8,8,8,24,24,24,24,24,24,39,39,39,39,39,39,45,45,45,47],"current_hp_per_floor":[90,84,84,84,84,84,84,90,90,98,98,98,96,96,96,94,94,93,94,94,62,45,35,52,25,25,37,37,43,40,24,53,59,65,37,97,97,67,72,72,78,90,90,90,93,92,92,92,91,81,91,0,0,0],"gold":41,"neow_bonus":"RANDOM_COLORLESS","is_daily":false,"chose_seed":false,"campfire_upgraded":4,"win_rate":0.0,"timestamp":1614418371,"path_taken":["R","M","?","?","?","?","T","$","R","?","M","R","?","PTL","PTL","M","M","BOSS","R","M","?","?","?","E","T","M","?","M","M","?","R","?","M","BOSS","R","M","?","?","?","M","T","?","?","M","$","?","M","?","M","BOSS"],"items_purchased_type":["Relic","Relic","Card","Card","Relic","Card","Relic","Relic","Card","Card","Relic","Card","Relic","Card","Relic","Relic","Relic","Relic","Relic","Card"],"build_version":"2020-12-22","purchased_purges":4,"victory":false,"max_hp_per_floor":[90,90,90,90,90,90,90,90,90,98,98,98,96,96,96,94,94,94,94,94,92,92,92,97,97,97,97,97,95,99,99,99,99,97,97,97,97,97,95,95,95,95,93,93,93,93,93,93,91,91,91,91,91,91],"card_choices":[{"not_picked":["Flash of Steel","Purity"],"picked":"Bandage Up","floor":0.0},{"not_picked":["sneckomod:UnknownWeak","sneckomod:UnknownX"],"picked":"sneckomod:QuickBite","floor":2.0},{"not_picked":["sneckomod:WideSting","sneckomod:DiceBlock"],"picked":"sneckomod:UnknownRareAttack","floor":8.0},{"not_picked":["sneckomod:DiceCrush","sneckomod:UnknownCommonSkill"],"picked":"sneckomod:UnknownUncommonSkill","floor":11.0},{"not_picked":["sneckomod:MasterEye","sneckomod:Memorize"],"picked":"sneckomod:CheapStock","floor":13.0},{"not_picked":["sneckomod:Unknown1Cost","sneckomod:UnknownUncommonSkill"],"picked":"sneckomod:QuickMove","floor":16.0},{"not_picked":["sneckomod:MixItUp","sneckomod:DefensiveFlair"],"picked":"sneckomod:SoulDraw","floor":17.0},{"not_picked":["sneckomod:UnknownBoss","sneckomod:DangerNoodle"],"picked":"sneckomod:SerpentMind","floor":18.0},{"not_picked":["downfall:Aged","Delirium"],"picked":"Sickly","floor":19.0},{"not_picked":["Regret","Looming Evil"],"picked":"ReplayTheSpireMod:Splinters","floor":19.0},{"not_picked":["Normality","ReplayTheSpireMod:Restless Dread"],"picked":"downfall:Aged","floor":19.0},{"not_picked":["sneckomod:SoulRoll+1","sneckomod:UnknownUncommonAttack"],"picked":"sneckomod:UnknownCommonAttack+1","floor":21.0},{"not_picked":["sneckomod:SoulDraw","sneckomod:UnendingSupply"],"picked":"sneckomod:WideSting","floor":22.0},{"not_picked":["sneckomod:Rotation","sneckomod:UnknownClassGREEN+1"],"picked":"sneckomod:Unknown0Cost+1","floor":23.0},{"not_picked":["sneckomod:UnknownX","sneckomod:Unknown0Cost+1"],"picked":"sneckomod:QuickBite+1","floor":24.0},{"not_picked":["sneckomod:UnknownWeak+1","sneckomod:MixItUp"],"picked":"sneckomod:Unknown0Cost+1","floor":25.0},{"not_picked":["sneckomod:UnknownCommonAttack","sneckomod:IronFang"],"picked":"sneckomod:UnknownClassRED+1","floor":27.0},{"not_picked":["sneckomod:UnendingSupply","sneckomod:MixItUp"],"picked":"sneckomod:ImprovisedAttack","floor":29.0},{"not_picked":["sneckomod:UnknownUncommonPower","sneckomod:DiceBlock"],"picked":"sneckomod:DiceBoulder","floor":30.0},{"not_picked":["sneckomod:IronFang","sneckomod:QuickMove"],"picked":"sneckomod:ImprovisedGuard","floor":33.0},{"not_picked":["sneckomod:QuickBite","sneckomod:DiceCrush"],"picked":"sneckomod:UnknownDraw+1","floor":34.0},{"not_picked":["sneckomod:SerpentMind","sneckomod:Unknown3Cost"],"picked":"sneckomod:UnknownRarePower","floor":35.0},{"not_picked":["sneckomod:Nope","sneckomod:UnknownWeak+1"],"picked":"sneckomod:SerpentIdol+1","floor":38.0},{"not_picked":["sneckomod:UnknownDexterity","sneckomod:UnknownClassRED+1"],"picked":"sneckomod:UnknownClassSLIMEBOUND","floor":39.0},{"not_picked":["sneckomod:UnknownBlock+1","sneckomod:WideSting"],"picked":"sneckomod:UnknownUncommonPower+1","floor":39.0},{"not_picked":["sneckomod:CheapStock+1","sneckomod:PureSnecko+1"],"picked":"sneckomod:Cheat","floor":39.0},{"not_picked":["sneckomod:UnendingSupply","sneckomod:UnknownClassRED+1"],"picked":"sneckomod:UnlimitedRolls","floor":39.0},{"not_picked":["sneckomod:QuickMove","sneckomod:UnknownDraw+1"],"picked":"sneckomod:SoulDraw","floor":39.0},{"not_picked":["sneckomod:QuickBite","sneckomod:SerpentMind"],"picked":"sneckomod:UnknownStrength+1","floor":39.0},{"not_picked":["sneckomod:UnknownUncommonPower+1","sneckomod:UnknownX+1"],"picked":"sneckomod:DiceBlock","floor":41.0},{"not_picked":["sneckomod:UnknownX","sneckomod:SnakeSap"],"picked":"sneckomod:SlitherStrike","floor":42.0},{"not_picked":["sneckomod:UnknownExhaust+1","sneckomod:SoulCleanse","sneckomod:SoulDraw+1"],"picked":"sneckomod:TrashToTreasure+1","floor":45},{"not_picked":["sneckomod:MasterEye+1","sneckomod:UnknownBlock+1","sneckomod:PureSnecko"],"picked":"sneckomod:ImprovisedGuard+1","floor":46},{"not_picked":["sneckomod:Unknown2Cost+1","sneckomod:RainOfDice+1","sneckomod:Nope"],"picked":"sneckomod:UnknownClassGREEN+1","floor":49},{"not_picked":["Replay:SS_hec_1","expansioncontent:PolyBeam"],"picked":"expansioncontent:YouAreMine","floor":50},{"not_picked":["expansioncontent:GuardianWhirl","expansioncontent:InvincibleStrength"],"picked":"expansioncontent:Chronoboost","floor":50},{"not_picked":["expansioncontent:YouAreMine","Replay:SS_hec_1"],"picked":"expansioncontent:PrepareCrush","floor":50},{"not_picked":["sneckomod:Mudshield","sneckomod:UnknownUncommonAttack","sneckomod:UnknownCommonSkill"],"picked":"sneckomod:QuickMove+1","floor":51}],"player_experience":69684,"relics_obtained":[{"floor":6.0,"key":"Ring of Panic"},{"floor":6.0,"key":"ReplayTheSpireMod:Ring of Addiction"},{"floor":6.0,"key":"Toy Ornithopter"},{"floor":6.0,"key":"White Beast Statue"},{"floor":7.0,"key":"reliquary:BallBearing"},{"floor":20.0,"key":"infinitespire:BottledMercury"},{"floor":25.0,"key":"reliquary:TuningFork"},{"floor":26.0,"key":"Simple Rune"},{"floor":31.0,"key":"Enchiridion"},{"floor":43.0,"key":"Question Card"}],"event_choices":[{"damage_healed":0.0,"max_hp_gain":0.0,"max_hp_loss":0.0,"gold_gain":0.0,"event_name":"Big Fish","player_choice":"Box","floor":5.0,"gold_loss":0.0,"damage_taken":0.0,"relics_obtained":["Counterbalance"],"cards_obtained":["Regret"]},{"cards_removed":["sneckomod:UnknownRareAttack"],"damage_healed":0.0,"max_hp_gain":10.0,"max_hp_loss":0.0,"gold_gain":0.0,"event_name":"Bonfire Elementals","player_choice":"Offered Rare","floor":10.0,"gold_loss":0.0,"damage_taken":0.0},{"cards_removed":["sneckomod:UnknownUncommonPower"],"damage_healed":0,"gold_gain":0,"player_choice":"Removed Power","damage_taken":0,"max_hp_gain":0,"max_hp_loss":0,"event_name":"Falling","floor":48,"gold_loss":0}],"is_beta":false,"boss_relics":[{"not_picked":["Runic Dome","reliquary:RedPaperclip"],"picked":"Replay:Ancient Bell"},{"not_picked":["Replay:Wax Seal","Regal Pillow"],"picked":"Pet Ghost"},{"not_picked":["reliquary:GummyVitamins","ReplayTheSpireMod:Shallot"],"picked":"Divine Protection"},{"not_picked":["Peace Pipe","Torii"],"picked":"StoneCalendar"},{"not_picked":["Painkiller Herb","bronze:MakeshiftBattery"],"picked":"SlaversCollar"}],"items_purged_floors":[24,24,39,39],"is_endless":false,"potions_floor_spawned":[2,8,11,13,16,17,18,21,22,23,24,25,27,29,30,33,34,35,38,39,41,42,45,46,49,51],"killed_by":"DF_ARCHETYPE_ORBS","ascension_level":0}}