{"host":"rsbhidffjle4v6w5","time":1614453697,"event":{"mods":["Act Like it!","Ascension Reborn","BaseMod","Better Note","Better Third Choice","BetterRewards","Block Reminder","Colored Map","Hermit","Minty Spire (QoL Compilation)","Quick Restart","Replay The Spire","Ruina","StSLib"],"gold_per_floor":[111,74,74,74,13,35,45,65,95,118,151,161,192,218,228,321,331,306,341,361,371,381,411,346,366,376,386,405,415,437,447,445,534,544,554,554],"floor_reached":35,"language":"ENG","playtime":1319,"items_purged":[],"score":693,"play_id":"c42bb650-d41d-45bc-8bee-eec15842e2df","local_time":"20210227222137","is_ascension_mode":true,"campfire_choices":[{"floor":7.0,"key":"RECALL"},{"data":"Clothesline","floor":12.0,"key":"SMITH"},{"data":"Metallicize","floor":12.0,"key":"SMITH"},{"data":"Inflame","floor":15.0,"key":"SMITH"},{"data":"Metallicize","floor":15.0,"key":"SMITH"},{"floor":27.0,"key":"REST"},{"floor":29.0,"key":"REST"}],"circlet_count":0,"master_deck":["Strike_R+1","Strike_R+1","Strike_R+1","Strike_R+1","Defend_R+1","Defend_R+1","Defend_R+1","Defend_R+1","Bash+1","AscMod:ascendersbane","Inflame+1","Pommel Strike+1","Pommel Strike+1","Whirlwind+1","Metallicize+1","Metallicize+1","Clothesline+1","Thunderclap","Inflame","Feed+1","Feel No Pain","Juggernaut"],"relics":["Burning Blood","Gambling Chip","Mirror","Replay:Arrowhead","Lantern","Smiling Mask","Quantum Egg","MawBank","Boot","Red Skull","Self Forming Clay","Busted Crown","Red Mask","Strawberry","Sundial","Whetstone","betterThird:NestCultRelic","Sozu"],"acts_visited":["Exordium","TheCity","TheBeyond"],"potions_floor_usage":[35],"damage_taken":[{"damage":0.0,"enemies":"Small Slimes","floor":1.0,"turns":2.0},{"damage":0.0,"enemies":"Replay:BlueRogue","floor":6.0,"turns":4.0},{"damage":0.0,"enemies":"Jaw Worm","floor":8.0,"turns":3.0},{"damage":0.0,"enemies":"2 Louse","floor":10.0,"turns":1.0},{"damage":10.0,"enemies":"Lagavulin","floor":11.0,"turns":6.0},{"damage":0.0,"enemies":"Replay:BlueRogue","floor":13.0,"turns":6.0},{"damage":0.0,"enemies":"2 Fungi Beasts","floor":14.0,"turns":1.0},{"damage":0.0,"enemies":"Slime Boss","floor":16.0,"turns":5.0},{"damage":2.0,"enemies":"Chosen","floor":18.0,"turns":4.0},{"damage":28.0,"enemies":"Masked Bandits","floor":19.0,"turns":4.0},{"damage":3.0,"enemies":"Shell Parasite","floor":20.0,"turns":5.0},{"damage":21.0,"enemies":"Gremlin Leader","floor":23.0,"turns":7.0},{"damage":23.0,"enemies":"Shelled Parasite and Fungi","floor":25.0,"turns":6.0},{"damage":8.0,"enemies":"Snake Plant","floor":28.0,"turns":5.0},{"damage":10.0,"enemies":"Centurion and Healer","floor":30.0,"turns":6.0},{"damage":8,"enemies":"Champ","floor":33,"turns":9},{"damage":3,"enemies":"3 Darklings","floor":35,"turns":3}],"seed_played":"7097767765125433401","potions_obtained":[{"floor":6.0,"key":"LifebloodPotion"},{"floor":8.0,"key":"Explosive Potion"},{"floor":11.0,"key":"SteroidPotion"},{"floor":14.0,"key":"Elixir"},{"floor":18.0,"key":"SkillPotion"},{"floor":19.0,"key":"DistilledChaos"},{"floor":33,"key":"SkillPotion"}],"is_trial":false,"path_per_floor":["M","$","?","T","$","E","R","M","T","M","E","R","E","M","R","B",null,"M","?","M","?","?","E","?","M","T","R","M","R","M","?","R_BF","B",null,"M"],"character_chosen":"IRONCLAD","items_purchased":["Inflame","Mirror","Lantern","Pommel Strike+1","Whirlwind","Metallicize"],"campfire_rested":2,"item_purchase_floors":[0,0,0,0,2,5],"current_hp_per_floor":[40,40,40,40,40,45,45,50,50,55,50,50,55,60,60,69,82,85,64,68,68,68,58,58,42,42,67,64,89,84,84,84,85,101,98,98],"gold":554,"neow_bonus":"","is_daily":false,"chose_seed":false,"campfire_upgraded":4,"win_rate":0.0,"timestamp":1614453697,"path_taken":["M","$","?","?","?","E","R","M","T","M","E","R","E","M","R","BOSS","M","?","M","?","?","E","?","M","T","R","?","R","?","?","R_BF","BOSS","M"],"items_purchased_type":["Card","Relic","Relic","Card","Card","Card"],"build_version":"2020-12-22","purchased_purges":0,"victory":false,"max_hp_per_floor":[85,85,85,85,85,85,85,85,85,85,85,85,85,85,85,90,90,90,93,96,96,96,103,103,106,106,106,106,106,106,106,106,111,111,111,111],"card_choices":[{"not_picked":["ReplayReversal","Spot Weakness"],"picked":"Pommel Strike","floor":1.0},{"not_picked":["Entrench","Defy Death"],"picked":"Clothesline","floor":6.0},{"not_picked":["ReplayTheSpireMod:LeadingStrike","Run Through"],"picked":"Thunderclap","floor":8.0},{"not_picked":["Entrench","Bloodletting","Iron Wave"],"picked":"SKIP","floor":10.0},{"not_picked":["Headbutt","Sever Soul"],"picked":"Inflame","floor":11.0},{"not_picked":["Wild Strike","Dark Embrace","ReplayReversal"],"picked":"SKIP","floor":13.0},{"not_picked":["ReplayTheSpireMod:Strike From Hell","Clash","Searing Blow"],"picked":"SKIP","floor":14.0},{"not_picked":["Fiend Fire","Hemogenesis"],"picked":"Feed","floor":16.0},{"not_picked":[],"picked":"Feel No Pain","floor":18.0},{"not_picked":["Replay:Undeath\u0027s Touch"],"picked":"SKIP","floor":20.0},{"not_picked":["Searing Blow"],"picked":"SKIP","floor":23.0},{"not_picked":["Flex"],"picked":"SKIP","floor":25.0},{"not_picked":["Spot Weakness"],"picked":"SKIP","floor":28.0},{"not_picked":["Flex"],"picked":"SKIP","floor":30.0},{"not_picked":[],"picked":"Juggernaut","floor":33}],"player_experience":1182454,"relics_obtained":[{"floor":4.0,"key":"Smiling Mask"},{"floor":4.0,"key":"Quantum Egg"},{"floor":6.0,"key":"MawBank"},{"floor":9.0,"key":"Boot"},{"floor":11.0,"key":"Red Skull"},{"floor":13.0,"key":"Self Forming Clay"},{"floor":19.0,"key":"Red Mask"},{"floor":23.0,"key":"Strawberry"},{"floor":26.0,"key":"Sundial"},{"floor":26.0,"key":"Whetstone"}],"event_choices":[{"damage_healed":0.0,"max_hp_gain":0.0,"max_hp_loss":0.0,"gold_gain":0.0,"event_name":"Living Wall","player_choice":"Grow","floor":3.0,"gold_loss":0.0,"damage_taken":0.0,"cards_upgraded":["Whirlwind"]},{"damage_healed":0.0,"max_hp_gain":0.0,"max_hp_loss":0.0,"gold_gain":0.0,"event_name":"Masked Bandits","player_choice":"Fought Bandits","floor":19.0,"gold_loss":0.0,"damage_taken":0.0},{"damage_healed":0.0,"max_hp_gain":0.0,"max_hp_loss":0.0,"gold_gain":0.0,"event_name":"Ghosts","player_choice":"Ignored","floor":21.0,"gold_loss":0.0,"damage_taken":0.0},{"damage_healed":0.0,"max_hp_gain":0.0,"max_hp_loss":0.0,"gold_gain":0.0,"event_name":"Forgotten Altar","player_choice":"Smashed Altar","floor":22.0,"gold_loss":0.0,"damage_taken":0.0,"cards_obtained":["Decay"]},{"cards_removed":["Decay"],"damage_healed":0.0,"max_hp_gain":0.0,"max_hp_loss":0.0,"gold_gain":0.0,"event_name":"Beggar","player_choice":"Gave Gold","floor":24.0,"gold_loss":75.0,"damage_taken":0.0},{"damage_healed":0.0,"max_hp_gain":0.0,"max_hp_loss":0.0,"gold_gain":0.0,"event_name":"betterThird:BetterNest","player_choice":"Madness","floor":31.0,"gold_loss":0.0,"damage_taken":0.0,"relics_obtained":["betterThird:NestCultRelic"]}],"is_beta":false,"boss_relics":[{"not_picked":["TwistingMind"],"picked":"MetallicRebirth"},{"not_picked":["TwistingMind"],"picked":"MetallicRebirth"},{"not_picked":["Kintsugi","ChewingGum"],"picked":"Busted Crown"},{"not_picked":["Scatterbrain"],"picked":"MetallicRebirth"},{"not_picked":["Scatterbrain"],"picked":"MetallicRebirth"},{"not_picked":["Calling Bell","Replay:Drink Me"],"picked":"Sozu"}],"items_purged_floors":[],"is_endless":false,"potions_floor_spawned":[6,8,11,14,18,19,33],"killed_by":"3 Darklings","ascension_level":0}}