{"host":"i41n6wh529970c2c","time":1614417452,"event":{"mods":["Act Like it!","BaseMod","BetterRewards","Gold Saver","Minty Spire (QoL Compilation)","Replay The Spire","Ruina","Shop Mod","StSLib"],"gold_per_floor":[116,133,143,155,175,175,205,225,225,254,254,254,274,303,303,398,398,418,433,71,71,71],"floor_reached":21,"language":"ENG","playtime":1820,"items_purged":["Strike_G","Defend_G"],"score":375,"play_id":"5593f09c-47f3-44a7-9e90-bf4e35263c31","local_time":"20210227041732","is_ascension_mode":true,"campfire_choices":[{"floor":6.0,"key":"REST"},{"floor":12.0,"key":"REST"}],"circlet_count":0,"master_deck":["Strike_G","Strike_G","Strike_G","Strike_G","Defend_G","Defend_G","Defend_G","Survivor","Neutralize","Poisoned Stab","Footwork","Prepared","Concentrate","Draining Mist","Adrenaline","Dagger Throw","Malaise","Poison Darts","ReplayTheSpireMod:Splinters","CommonCold","Writhe","Cloak And Dagger+1","A Thousand Cuts","ruina:Mimicry","Footwork"],"relics":["Ring of the Snake","Shuriken","Tingsha","HornCleat","Snake Skull","Bronze Scales","Replay:Ancient Bell","Nunchaku","Paper Crane","Incense Burner","Frozen Eye"],"acts_visited":["Exordium","ruina:Briah"],"potions_floor_usage":[16,16,16,21],"damage_taken":[{"damage":0.0,"enemies":"Cultist","floor":1.0,"turns":4.0},{"damage":0.0,"enemies":"Jaw Worm","floor":2.0,"turns":4.0},{"damage":1.0,"enemies":"Small Slimes","floor":3.0,"turns":4.0},{"damage":4.0,"enemies":"Red Slaver","floor":4.0,"turns":6.0},{"damage":10.0,"enemies":"Gremlin Gang","floor":5.0,"turns":5.0},{"damage":12.0,"enemies":"Lagavulin","floor":7.0,"turns":8.0},{"damage":0.0,"enemies":"Looter","floor":8.0,"turns":3.0},{"damage":13.0,"enemies":"3 Sentries","floor":10.0,"turns":10.0},{"damage":6.0,"enemies":"Lots of Slimes","floor":13.0,"turns":4.0},{"damage":0.0,"enemies":"Lagavulin","floor":14.0,"turns":7.0},{"damage":4,"enemies":"Slime Boss","floor":16,"turns":4},{"damage":24,"enemies":"ruina:Nosferatu","floor":18,"turns":5},{"damage":31,"enemies":"ruina:3_Bats","floor":19,"turns":6},{"damage":15,"enemies":"ruina:3_Scarecrows","floor":21,"turns":3}],"seed_played":"-5394482389553826028","potions_obtained":[{"floor":4.0,"key":"Fire Potion"},{"floor":7.0,"key":"BlessingOfTheForge"},{"floor":8.0,"key":"Weak Potion"},{"floor":14.0,"key":"AttackPotion"},{"floor":18,"key":"Regen Potion"},{"floor":19,"key":"PowerPotion"}],"is_trial":false,"path_per_floor":["M","M","M","M","M","R","E","M","T","E","?","R","M","E","R","B",null,"M","M","$","M"],"character_chosen":"THE_SILENT","items_purchased":["Shuriken","Poisoned Stab","Footwork","ruina:Mimicry","Footwork"],"campfire_rested":2,"item_purchase_floors":[0,0,0,20,20],"current_hp_per_floor":[31,31,30,26,16,37,25,25,25,12,12,33,27,27,20,16,57,33,2,2,0,0],"gold":71,"neow_bonus":"","is_daily":false,"chose_seed":false,"campfire_upgraded":0,"win_rate":0.0,"timestamp":1614417452,"path_taken":["M","?","M","M","M","R","E","M","T","E","?","R","M","E","R","BOSS","M","M","$","?"],"items_purchased_type":["Relic","Card","Card","Card","Card"],"build_version":"2020-12-22","purchased_purges":2,"victory":false,"max_hp_per_floor":[70,70,70,70,70,70,70,70,70,70,70,70,70,70,70,70,70,70,70,70,70,70],"card_choices":[{"not_picked":["Deflect","Deadly Poison"],"picked":"Prepared","floor":1.0},{"not_picked":["Deflect","Prepared"],"picked":"Concentrate","floor":2.0},{"not_picked":["Sneak Up","Caltrops"],"picked":"Draining Mist","floor":3.0},{"not_picked":["Heel Hook","Dash"],"picked":"Adrenaline","floor":4.0},{"not_picked":["Sucker Punch","Poisoned Stab","Deflect"],"picked":"SKIP","floor":5.0},{"not_picked":["Caltrops","Deflect","Accuracy"],"picked":"SKIP","floor":7.0},{"not_picked":["Poisoned Stab","Acrobatics"],"picked":"Dagger Throw","floor":8.0},{"not_picked":["Backflip","Outmaneuver"],"picked":"Malaise","floor":10.0},{"not_picked":["Slice","Hidden Blade","Terror"],"picked":"SKIP","floor":13.0},{"not_picked":["Sucker Punch","Distraction","Accuracy"],"picked":"SKIP","floor":14.0},{"not_picked":["Night Terror","Wraith Form v2"],"picked":"Poison Darts","floor":16},{"not_picked":["Parasite","ReplayTheSpireMod:Doomed"],"picked":"ReplayTheSpireMod:Splinters","floor":17},{"not_picked":["AbeCurse","Doubt"],"picked":"CommonCold","floor":17},{"not_picked":["Spreading Infection","CurseOfTheBell"],"picked":"Writhe","floor":17},{"not_picked":["Deflect","Masterful Stab"],"picked":"Cloak And Dagger+1","floor":18},{"not_picked":["Dagger Spray","Flying Knee+1"],"picked":"A Thousand Cuts","floor":19}],"player_experience":713814,"relics_obtained":[{"floor":7.0,"key":"HornCleat"},{"floor":10.0,"key":"Snake Skull"},{"floor":14.0,"key":"Bronze Scales"}],"event_choices":[{"damage_healed":0.0,"max_hp_gain":0.0,"max_hp_loss":0.0,"gold_gain":0.0,"event_name":"Shining Light","player_choice":"Ignored","floor":11.0,"gold_loss":0.0,"damage_taken":0.0},{"cards_removed":["Defend_G"],"damage_healed":0,"gold_gain":0,"player_choice":"Card Removal","damage_taken":7,"max_hp_gain":0,"max_hp_loss":0,"event_name":"Golden Wing","floor":15,"gold_loss":0}],"is_beta":false,"boss_relics":[{"not_picked":["Astrolabe","Replay:Drink Me"],"picked":"Replay:Ancient Bell"},{"not_picked":["Bag of Marbles","Replay:Rubber Ducky"],"picked":"Nunchaku"},{"not_picked":["Pantograph","Blue Candle"],"picked":"Paper Crane"},{"not_picked":["Lizard Tail","Du-Vu Doll"],"picked":"Incense Burner"}],"items_purged_floors":[0,20],"is_endless":false,"potions_floor_spawned":[4,7,8,14,18,19],"killed_by":"ruina:3_Scarecrows","ascension_level":7}}