{"host":"gc8yb33y1dm65mio","time":1614387686,"event":{"mods":["BaseMod","Bestiary","Colored Map","Colored Powertips","Curses Come First","Highlight Path","Minty Spire (QoL Compilation)","Quick Restart","Relic Stats","StSLib"],"gold_per_floor":[111,126,136,60,80,110,125,125,125,158,83,97,97,113,113,187,187,203,203,213,232,249,249,249,249,249,249,59,73,73,100,100,178,178,193,35,35,35,72,84,124,136,148,76,76,76,76,76,76,76],"floor_reached":51,"language":"ENG","playtime":2015,"items_purged":["Strike_B","Strike_B"],"score":1312,"play_id":"e1643e50-2e03-4e10-97e1-c22ba0ed34ef","local_time":"20210226170126","is_ascension_mode":true,"campfire_choices":[{"floor":8.0,"key":"REST"},{"data":"Zap","floor":13.0,"key":"SMITH"},{"data":"Capacitor","floor":15.0,"key":"SMITH"},{"data":"Darkness","floor":23.0,"key":"SMITH"},{"data":"Creative AI","floor":25.0,"key":"SMITH"},{"floor":30.0,"key":"REST"},{"floor":32.0,"key":"DIG"},{"floor":40,"key":"DIG"},{"floor":42,"key":"DIG"},{"floor":45,"key":"DIG"},{"floor":47,"key":"REST"},{"floor":49,"key":"DIG"}],"circlet_count":0,"master_deck":["AscendersBane","Defend_B","Defend_B","Defend_B","Defend_B","Zap+1","Dualcast","Cold Snap","Rip and Tear","Compile Driver","Cold Snap","Seek","Capacitor+1","Biased Cognition+1","Coolheaded","Creative AI+1","Darkness+1","Leap+1","Ball Lightning","Rip and Tear","Panacea","Hologram+1","Aggregate","Seek","Skim+1","Sweeping Beam+1","Glacier","Secret Technique","Master of Strategy"],"relics":["Cracked Core","NeowsBlessing","Regal Pillow","Prayer Wheel","White Beast Statue","Nuclear Battery","Emotion Chip","Shovel","Juzu Bracelet","SlaversCollar","ClockworkSouvenir","MawBank","FossilizedHelix","Turnip","Incense Burner","Calipers","Pen Nib","Bag of Marbles","Blood Vial"],"acts_visited":["Exordium","TheCity","TheBeyond"],"potions_floor_usage":[35],"damage_taken":[{"damage":0.0,"enemies":"Cultist","floor":1.0,"turns":1.0},{"damage":0.0,"enemies":"Jaw Worm","floor":2.0,"turns":1.0},{"damage":0.0,"enemies":"Small Slimes","floor":3.0,"turns":1.0},{"damage":14.0,"enemies":"Red Slaver","floor":5.0,"turns":3.0},{"damage":20.0,"enemies":"Gremlin Nob","floor":6.0,"turns":4.0},{"damage":22.0,"enemies":"Exordium Wildlife","floor":7.0,"turns":5.0},{"damage":6.0,"enemies":"Lagavulin","floor":10.0,"turns":7.0},{"damage":0.0,"enemies":"Looter","floor":12.0,"turns":2.0},{"damage":9.0,"enemies":"3 Louse","floor":14.0,"turns":3.0},{"damage":9.0,"enemies":"The Guardian","floor":16.0,"turns":16.0},{"damage":23.0,"enemies":"2 Thieves","floor":18.0,"turns":4.0},{"damage":0.0,"enemies":"Spheric Guardian","floor":20.0,"turns":3.0},{"damage":8.0,"enemies":"Centurion and Healer","floor":21.0,"turns":8.0},{"damage":13.0,"enemies":"3 Cultists","floor":22.0,"turns":6.0},{"damage":2.0,"enemies":"Cultist and Chosen","floor":29.0,"turns":3.0},{"damage":0.0,"enemies":"Gremlin Leader","floor":31.0,"turns":7.0},{"damage":5.0,"enemies":"Collector","floor":33.0,"turns":11.0},{"damage":11,"enemies":"3 Shapes","floor":35,"turns":4},{"damage":0,"enemies":"Mind Bloom Boss Battle","floor":39,"turns":5},{"damage":26,"enemies":"Nemesis","floor":41,"turns":7},{"damage":8,"enemies":"Time Eater","floor":50,"turns":12}],"seed_played":"-6363160966066491391","potions_obtained":[{"floor":6.0,"key":"Energy Potion"},{"floor":7.0,"key":"PowerPotion"},{"floor":10.0,"key":"SkillPotion"},{"floor":12.0,"key":"FairyPotion"},{"floor":16.0,"key":"DuplicationPotion"},{"floor":18.0,"key":"Regen Potion"},{"floor":20.0,"key":"ColorlessPotion"},{"floor":21.0,"key":"Strength Potion"},{"floor":22.0,"key":"ColorlessPotion"},{"floor":29.0,"key":"AttackPotion"},{"floor":31.0,"key":"LiquidMemories"},{"floor":33.0,"key":"Explosive Potion"},{"floor":35,"key":"FearPotion"},{"floor":39,"key":"SmokeBomb"},{"floor":41,"key":"Swift Potion"}],"is_trial":false,"path_per_floor":["M","M","M","$","M","E","M","R","T","E","$","M","R","M","R","B",null,"M","?","M","M","M","R","?","R","T","?","$","M","R","E","R","B",null,"M","$","?","T","?","R","E","R","T","$","R","?","R","?","R","B",null],"character_chosen":"DEFECT","items_purchased":["Rip and Tear","Panacea","ClockworkSouvenir","Glacier"],"campfire_rested":3,"item_purchase_floors":[4,28,36,44],"current_hp_per_floor":[64,64,64,64,50,30,8,44,44,38,38,38,38,29,29,20,58,35,35,44,36,23,23,23,23,23,13,13,11,47,47,47,42,64,53,53,53,53,53,53,27,27,27,27,27,17,53,53,53,47],"gold":76,"neow_bonus":"THREE_ENEMY_KILL","is_daily":false,"chose_seed":false,"campfire_upgraded":4,"win_rate":0.0,"timestamp":1614387686,"path_taken":["M","?","M","?","?","E","M","R","T","E","$","?","R","M","R","BOSS","M","?","M","?","M","R","?","R","T","?","$","M","R","E","R","BOSS","M","$","?","?","?","R","E","R","T","$","R","?","R","?","R","BOSS"],"items_purchased_type":["Card","Card","Relic","Card"],"build_version":"2020-12-22","purchased_purges":2,"victory":true,"max_hp_per_floor":[71,71,71,71,71,71,71,71,71,71,71,71,71,71,71,71,71,71,71,71,71,71,71,71,71,71,71,71,71,71,71,71,71,71,71,71,71,71,71,71,71,71,71,71,71,71,71,67,67,67],"relic_stats":{"Blood Vial":2,"Regal Pillow":45,"Emotion Chip":[30,11,14,1,4],"Shovel":5,"counters":[21,113],"Prayer Wheel":8,"Turnip":[0],"Pen Nib":[1],"Juzu Bracelet":1,"MawBank":72,"obtain_stats":[{"Regal Pillow":6,"Calipers":42,"NeowsBlessing":0,"Pen Nib":43,"Juzu Bracelet":32,"Incense Burner":41,"MawBank":38,"White Beast Statue":10,"Nuclear Battery":17,"ClockworkSouvenir":36,"Blood Vial":49,"SlaversCollar":34,"Emotion Chip":26,"Shovel":31,"Prayer Wheel":9,"Turnip":40,"Bag of Marbles":45,"Cracked Core":0,"FossilizedHelix":39},{"Regal Pillow":5,"Calipers":20,"NeowsBlessing":0,"Pen Nib":20,"Juzu Bracelet":16,"Incense Burner":20,"MawBank":18,"White Beast Statue":7,"Nuclear Battery":10,"ClockworkSouvenir":18,"Blood Vial":20,"SlaversCollar":17,"Emotion Chip":14,"Shovel":16,"Prayer Wheel":6,"Turnip":19,"Bag of Marbles":20,"Cracked Core":0,"FossilizedHelix":19},{"Regal Pillow":10,"Calipers":101,"NeowsBlessing":0,"Pen Nib":101,"Juzu Bracelet":74,"Incense Burner":101,"MawBank":89,"White Beast Statue":22,"Nuclear Battery":43,"ClockworkSouvenir":89,"Blood Vial":101,"SlaversCollar":85,"Emotion Chip":64,"Shovel":74,"Prayer Wheel":15,"Turnip":94,"Bag of Marbles":101,"Cracked Core":0,"FossilizedHelix":94}]},"card_choices":[{"not_picked":["Steam","Double Energy"],"picked":"Cold Snap","floor":1.0},{"not_picked":["Stack","Conserve Battery","White Noise"],"picked":"SKIP","floor":2.0},{"not_picked":["Steam","Static Discharge","Leap"],"picked":"SKIP","floor":3.0},{"not_picked":["Storm","Redo"],"picked":"Compile Driver","floor":5.0},{"not_picked":["Compile Driver","Aggregate"],"picked":"Cold Snap","floor":6.0},{"not_picked":["Steam Power","Heatsinks","Recycle"],"picked":"SKIP","floor":7.0},{"not_picked":["Double Energy","Ball Lightning"],"picked":"Seek","floor":10.0},{"not_picked":["Coolheaded","Steam","Static Discharge"],"picked":"SKIP","floor":12.0},{"not_picked":["Gash","Cold Snap","Redo"],"picked":"SKIP","floor":12.0},{"not_picked":["Turbo","Ball Lightning"],"picked":"Capacitor","floor":14.0},{"not_picked":["Rebound","Streamline","Steam"],"picked":"SKIP","floor":14.0},{"not_picked":["Fission","Hyperbeam"],"picked":"Biased Cognition","floor":16.0},{"not_picked":["Scrape","Gash+1","Redo"],"picked":"SKIP","floor":18.0},{"not_picked":["Hologram","Ball Lightning","Stack"],"picked":"SKIP","floor":18.0},{"not_picked":["Genetic Algorithm","White Noise"],"picked":"Coolheaded","floor":20.0},{"not_picked":["Rebound","Turbo","Go for the Eyes"],"picked":"SKIP","floor":20.0},{"not_picked":["Gash","Genetic Algorithm+1"],"picked":"Ball Lightning","floor":21.0},{"not_picked":["Cold Snap","Reprogram"],"picked":"Creative AI","floor":21.0},{"not_picked":["Scrape","Sweeping Beam"],"picked":"Darkness","floor":22.0},{"not_picked":["Steam Power","Static Discharge"],"picked":"Leap+1","floor":22.0},{"not_picked":["Gash","Steam"],"picked":"Hologram+1","floor":29.0},{"not_picked":["Sweeping Beam","Ball Lightning","Stack"],"picked":"SKIP","floor":29.0},{"not_picked":["White Noise","Sweeping Beam"],"picked":"Aggregate","floor":31.0},{"not_picked":["Multi-Cast","Hyperbeam"],"picked":"Seek","floor":33.0},{"not_picked":["Redo+1","Beam Cell+1"],"picked":"Skim+1","floor":35},{"not_picked":["Leap","Gash"],"picked":"Sweeping Beam+1","floor":35},{"not_picked":["Storm+1","Leap","Hologram"],"picked":"SKIP","floor":41},{"not_picked":["Finesse","Bandage Up"],"picked":"Secret Technique","floor":46},{"not_picked":["Deep Breath","Swift Strike"],"picked":"Master of Strategy","floor":46}],"player_experience":1106273,"relics_obtained":[{"floor":6.0,"key":"Regal Pillow"},{"floor":9.0,"key":"Prayer Wheel"},{"floor":10.0,"key":"White Beast Statue"},{"floor":26.0,"key":"Emotion Chip"},{"floor":31.0,"key":"Shovel"},{"floor":32.0,"key":"Juzu Bracelet"},{"floor":38,"key":"MawBank"},{"floor":39,"key":"FossilizedHelix"},{"floor":40,"key":"Turnip"},{"floor":41,"key":"Incense Burner"},{"floor":42,"key":"Calipers"},{"floor":43,"key":"Pen Nib"},{"floor":45,"key":"Bag of Marbles"},{"floor":49,"key":"Blood Vial"}],"event_choices":[{"damage_healed":0.0,"max_hp_gain":0.0,"max_hp_loss":0.0,"gold_gain":0.0,"event_name":"Upgrade Shrine","player_choice":"Upgraded","floor":19.0,"gold_loss":0.0,"damage_taken":0.0,"cards_upgraded":["Biased Cognition"]},{"damage_healed":0.0,"max_hp_gain":0.0,"max_hp_loss":0.0,"gold_gain":0.0,"cards_transformed":["Strike_B","Strike_B"],"event_name":"Drug Dealer","player_choice":"Became Test Subject","floor":24.0,"gold_loss":0.0,"damage_taken":0.0,"cards_obtained":["Ball Lightning","Rip and Tear"]},{"damage_healed":0.0,"max_hp_gain":0.0,"max_hp_loss":0.0,"gold_gain":0.0,"event_name":"Wheel of Change","player_choice":"Damaged","floor":27.0,"gold_loss":0.0,"damage_taken":10.0},{"cards_removed":["Ball Lightning"],"damage_healed":0,"gold_gain":0,"player_choice":"Removed Attack","damage_taken":0,"max_hp_gain":0,"max_hp_loss":0,"event_name":"Falling","floor":37,"gold_loss":0},{"damage_healed":0,"gold_gain":0,"player_choice":"Fight","damage_taken":0,"max_hp_gain":0,"max_hp_loss":0,"event_name":"MindBloom","floor":39,"gold_loss":0},{"damage_healed":0,"gold_gain":0,"player_choice":"Memory 3","damage_taken":10,"max_hp_gain":0,"max_hp_loss":0,"event_name":"SensoryStone","floor":46,"gold_loss":0},{"damage_healed":0,"gold_gain":0,"player_choice":"Max HP","damage_taken":0,"max_hp_gain":0,"max_hp_loss":4,"event_name":"Winding Halls","floor":48,"gold_loss":0}],"is_beta":false,"boss_relics":[{"not_picked":["Cursed Key","Coffee Dripper"],"picked":"Nuclear Battery"},{"not_picked":["Tiny House","Black Star"],"picked":"SlaversCollar"}],"items_purged_floors":[11,28],"is_endless":false,"potions_floor_spawned":[6,7,10,12,14,16,18,20,21,22,29,31,33,35,39,41],"ascension_level":16}}