{"host":"g792ep1fbt4i7bvb","time":1614443208,"event":{"mods":["BaseMod","Beaked The Cultist","Colored Map","Colored Powertips","DeckTracker","Highlight Path","Minty Spire (QoL Compilation)","Relic Stats","StSLib","SuperFastMode"],"gold_per_floor":[212,212,222,233,233,233,249,260,284,309,320,7,32,63,63,166,166,182,182,38,38,54,71,71,71],"floor_reached":24,"language":"JPN","playtime":975,"items_purged":["beaked:Strike_Y"],"score":303,"play_id":"3649ed20-d5da-4536-bbd8-17dcca13b8a5","local_time":"20210228012648","is_ascension_mode":true,"campfire_choices":[{"data":"beaked:Roost","floor":6,"key":"SMITH"},{"data":"beaked:Roost","floor":15,"key":"SMITH"}],"circlet_count":0,"master_deck":["beaked:Strike_Y","beaked:Strike_Y","beaked:Strike_Y","beaked:Strike_Y","beaked:Strike_Y","beaked:Defend_Y","beaked:Defend_Y","beaked:Defend_Y","beaked:Defend_Y","beaked:Ceremony","beaked:Ceremony","beaked:Ceremony","beaked:Overpower","beaked:Roost+1","beaked:Roost+1","beaked:Insight","beaked:Hexing","beaked:WindBringer","beaked:Foresight","beaked:Insight","beaked:Foresight","beaked:AwakenedForm","beaked:Daydream+1","beaked:Ceremony","beaked:Sacrifice","beaked:Cower","beaked:TuckingFeathers","beaked:WarriorEssence","beaked:RitualOfBody"],"relics":["beaked:MendingPlumage","Nunchaku","Pen Nib","beaked:ThroatLozenge","Ice Cream","Odd Mushroom","Art of War","Philosopher\u0027s Stone"],"acts_visited":["Exordium","TheCity"],"potions_floor_usage":[10,13,16,23,24,24],"damage_taken":[{"damage":7,"enemies":"2 Louse","floor":1,"turns":4},{"damage":1,"enemies":"Cultist","floor":3,"turns":3},{"damage":3,"enemies":"Small Slimes","floor":4,"turns":5},{"damage":0,"enemies":"2 Fungi Beasts","floor":7,"turns":4},{"damage":21,"enemies":"Exordium Thugs","floor":8,"turns":9},{"damage":30,"enemies":"Gremlin Nob","floor":10,"turns":5},{"damage":23,"enemies":"Large Slime","floor":11,"turns":12},{"damage":0,"enemies":"The Mushroom Lair","floor":13,"turns":1},{"damage":3,"enemies":"Lagavulin","floor":14,"turns":6},{"damage":14,"enemies":"Slime Boss","floor":16,"turns":9},{"damage":8,"enemies":"Chosen","floor":18,"turns":6},{"damage":19,"enemies":"Shell Parasite","floor":22,"turns":5},{"damage":21,"enemies":"Snake Plant","floor":23,"turns":4},{"damage":94,"enemies":"Gremlin Leader","floor":24,"turns":6}],"seed_played":"-2510102192386335053","potions_obtained":[{"floor":7,"key":"SpeedPotion"},{"floor":8,"key":"EssenceOfSteel"},{"floor":11,"key":"PowerPotion"},{"floor":13,"key":"SpeedPotion"},{"floor":14,"key":"SteroidPotion"},{"floor":16,"key":"PowerPotion"},{"floor":18,"key":"Dexterity Potion"}],"is_trial":false,"path_per_floor":["M","?","M","M","?","R","M","M","T","E","M","$","?","E","R","B",null,"M","?","$","?","M","M","E"],"character_chosen":"BEAKED_THE_CULTIST","items_purchased":["Ice Cream","beaked:Insight","beaked:TuckingFeathers","beaked:WarriorEssence"],"campfire_rested":0,"item_purchase_floors":[12,12,20,20],"current_hp_per_floor":[50,47,50,50,45,45,50,50,50,24,33,33,35,50,50,50,50,50,50,50,50,52,49,0,0],"gold":71,"neow_bonus":"HUNDRED_GOLD","is_daily":false,"chose_seed":false,"campfire_upgraded":2,"win_rate":0.0,"timestamp":1614443208,"path_taken":["M","?","M","M","?","R","M","?","T","E","M","$","?","E","R","BOSS","M","?","?","?","?","M","E"],"items_purchased_type":["Relic","Card","Card","Card"],"build_version":"2020-12-22","purchased_purges":1,"victory":false,"max_hp_per_floor":[50,50,50,50,50,50,50,50,50,50,50,50,50,50,50,50,50,50,50,50,50,53,53,53,53],"relic_stats":{"Nunchaku":[9],"counters":[14,79],"Pen Nib":[6],"Art of War":[8],"obtain_stats":[{"Ice Cream":12,"Nunchaku":2,"beaked:ThroatLozenge":10,"Philosopher\u0027s Stone":17,"Pen Nib":9,"Art of War":14,"beaked:MendingPlumage":0,"Odd Mushroom":13},{"Ice Cream":7,"Nunchaku":1,"beaked:ThroatLozenge":6,"Philosopher\u0027s Stone":10,"Pen Nib":5,"Art of War":9,"beaked:MendingPlumage":0,"Odd Mushroom":8},{"Ice Cream":42,"Nunchaku":4,"beaked:ThroatLozenge":30,"Philosopher\u0027s Stone":58,"Pen Nib":25,"Art of War":49,"beaked:MendingPlumage":0,"Odd Mushroom":43}]},"card_choices":[{"not_picked":["beaked:WarriorEssence","beaked:Evade"],"picked":"beaked:Overpower","floor":1},{"not_picked":["beaked:SurvivalInstinct","beaked:FeelMyPain"],"picked":"beaked:Roost","floor":3},{"not_picked":["beaked:Mantra","beaked:Flinch"],"picked":"beaked:Roost","floor":4},{"not_picked":["beaked:Evade","beaked:Flinch"],"picked":"beaked:Insight","floor":7},{"not_picked":["beaked:Flinch","beaked:WarriorSpirit"],"picked":"beaked:Hexing","floor":8},{"not_picked":["beaked:CheekyTricks","beaked:BounceBack"],"picked":"beaked:WindBringer","floor":10},{"not_picked":["beaked:Pecker","beaked:DigDeep"],"picked":"beaked:Foresight","floor":11},{"not_picked":["beaked:Tweet","beaked:SurvivalInstinct"],"picked":"beaked:Foresight","floor":14},{"not_picked":["beaked:FullHouse","beaked:SacrificialScars"],"picked":"beaked:AwakenedForm","floor":16},{"not_picked":["beaked:TuckingFeathers","beaked:WindBringer+1"],"picked":"beaked:Daydream+1","floor":18},{"not_picked":["beaked:Windmill","beaked:SurvivalInstinct"],"picked":"beaked:RitualOfBody","floor":22},{"not_picked":["beaked:DigDeep+1","beaked:Cower","beaked:Insight"],"picked":"SKIP","floor":23}],"player_experience":793880,"relics_obtained":[{"floor":9,"key":"Pen Nib"},{"floor":10,"key":"beaked:ThroatLozenge"},{"floor":13,"key":"Odd Mushroom"},{"floor":14,"key":"Art of War"}],"event_choices":[{"damage_healed":0,"gold_gain":0,"player_choice":"Success","damage_taken":3,"relics_obtained":["Nunchaku"],"max_hp_gain":0,"max_hp_loss":0,"event_name":"Scrap Ooze","floor":2,"gold_loss":0},{"damage_healed":0,"gold_gain":0,"player_choice":"Damaged","damage_taken":5,"max_hp_gain":0,"max_hp_loss":0,"event_name":"Wheel of Change","floor":5,"gold_loss":0},{"damage_healed":0,"gold_gain":0,"player_choice":"Fought Mushrooms","damage_taken":0,"max_hp_gain":0,"max_hp_loss":0,"event_name":"Mushrooms","floor":13,"gold_loss":0},{"damage_healed":0,"gold_gain":0,"player_choice":"3 cards matched","damage_taken":0,"max_hp_gain":0,"max_hp_loss":0,"event_name":"Match and Keep!","floor":19,"gold_loss":0,"cards_obtained":["beaked:Ceremony","beaked:Sacrifice","beaked:Cower"]}],"is_beta":false,"boss_relics":[{"not_picked":["Runic Dome","beaked:FlawlessSticks"],"picked":"Philosopher\u0027s Stone"}],"items_purged_floors":[20],"is_endless":false,"potions_floor_spawned":[7,8,11,13,14,16,18,22],"killed_by":"Gremlin Leader","ascension_level":6}}