{"host":"onfdonezo2qmaex3","time":1614455657,"event":{"mods":["2.2 Compatiblity","AchievementEnabler","Act Like it!","Aspiration","BaseMod","Colored Powertips","Downfall","Elementarium","Friendly Minions","Gensokyo","Hallownest","Hermit","Highlight Path","Jorbs\u0027s Wanderer Trilogy","Marisa????????","Marked Mod","Menagerie","Minty Spire (QoL Compilation)","Pale of the Ancients","Quick Restart","Reliquary","Ruina","Shop Mod","StSLib","The Bug Knight","The Disciple","The Forsaken","The Hayseed","The Hierophant","The Marked","The Runesmith"],"gold_per_floor":[115,115,133,133,133,168,183,194,194,225,225,245,262,192,192,293,293,313,50,50,65,65,65,82,117,194,194,194],"floor_reached":27,"language":"ENG","playtime":1437,"items_purged":["Doubt"],"score":279,"play_id":"539fc238-08e2-499c-9c65-07cbceffd3cc","local_time":"20210227205417","is_ascension_mode":true,"campfire_choices":[{"data":"Body Slam","floor":11,"key":"SMITH"},{"data":"Body Slam","floor":15,"key":"SMITH"},{"data":"Barricade","floor":23,"key":"SMITH"}],"circlet_count":0,"master_deck":["Strike_R","Strike_R","Defend_R","Defend_R","Defend_R","Bash","Body Slam+1","Entrench","Menagerie:MirarisWake","Menagerie:LoxodonWarhammer","Menagerie:LoxodonWarhammer","Defend_G","Neutralize","Dash","Body Slam+1","Double Tap","Flame Barrier","Menagerie:QuirionDryad","Menagerie:LightningBolt","Barricade+1","ruina:Smile","Doubt","Shrug It Off"],"relics":["Burning Blood","NeowsBlessing","reliquary:TatteredRug","reliquary:IridiumChain","Centennial Puzzle","reliquary:ThirdArm","Kunai","Happy Flower"],"acts_visited":["Menagerie:Menagerie","ruina:Briah"],"potions_floor_usage":[18,18,24],"damage_taken":[{"damage":1,"enemies":"Menagerie:MonstrousExperiment","floor":1,"turns":1},{"damage":0,"enemies":"Menagerie:StygianBoar","floor":3,"turns":1},{"damage":0,"enemies":"Menagerie:Hydra","floor":6,"turns":1},{"damage":5,"enemies":"Menagerie:2_RABBITS","floor":7,"turns":5},{"damage":8,"enemies":"Menagerie:BEAST_MAGE_AND_PROWLING_AMALGAM","floor":8,"turns":8},{"damage":36,"enemies":"Menagerie:MaskedSummoner","floor":10,"turns":9},{"damage":2,"enemies":"Menagerie:MENAGERIE_WILDLIFE","floor":12,"turns":5},{"damage":9,"enemies":"Menagerie:Hexasnake","floor":13,"turns":5},{"damage":12,"enemies":"Menagerie:Suneater","floor":16,"turns":8},{"damage":19,"enemies":"ruina:BadWolf","floor":18,"turns":6},{"damage":18,"enemies":"ruina:2_Scarecrows","floor":21,"turns":5},{"damage":15,"enemies":"ruina:KingOfGreed","floor":24,"turns":4},{"damage":19,"enemies":"ruina:ServantOfWrath","floor":25,"turns":5},{"damage":51,"enemies":"ruina:RoadHome","floor":27,"turns":4}],"seed_played":"-1547457625611211790","potions_obtained":[{"floor":8,"key":"FearPotion"},{"floor":10,"key":"FearPotion"},{"floor":12,"key":"DuplicationPotion"}],"is_trial":false,"path_per_floor":["M","?","M","?","?","E","M","M","T","E","R","M","M","?","R","B",null,"M","$","?","M","?","R","M","E","T","E"],"character_chosen":"IRONCLAD","items_purchased":["ruina:Smile"],"campfire_rested":0,"item_purchase_floors":[19],"current_hp_per_floor":[80,80,80,72,72,72,72,72,72,53,53,60,62,62,62,68,72,61,61,61,54,61,61,52,44,44,0,0],"gold":194,"neow_bonus":"THREE_ENEMY_KILL","is_daily":false,"chose_seed":false,"campfire_upgraded":3,"win_rate":0.0,"timestamp":1614455657,"path_taken":["M","?","M","?","?","E","M","M","T","E","R","?","M","?","R","BOSS","M","$","?","M","?","R","?","E","T","E"],"items_purchased_type":["Card"],"build_version":"2020-12-22","purchased_purges":1,"victory":false,"max_hp_per_floor":[80,80,80,72,72,72,72,72,72,72,72,72,72,72,72,72,72,72,72,72,72,72,72,72,72,72,72,72],"card_choices":[{"not_picked":["Clash","Searing Blow"],"picked":"Body Slam","floor":1},{"not_picked":["Searing Blow","Pummel"],"picked":"Entrench","floor":3},{"not_picked":["Menagerie:SuddenReclamation","Menagerie:DarkRitual"],"picked":"Menagerie:MirarisWake","floor":4},{"not_picked":["Menagerie:DarkRitual","Menagerie:Languish"],"picked":"Menagerie:LoxodonWarhammer","floor":4},{"not_picked":["Menagerie:SuddenReclamation","Menagerie:Staggershock"],"picked":"Menagerie:LoxodonWarhammer","floor":4},{"not_picked":["True Grit","Twin Strike"],"picked":"Body Slam","floor":6},{"not_picked":["Shockwave","Dark Embrace","Wild Strike"],"picked":"SKIP","floor":7},{"not_picked":["Iron Wave","Intimidate"],"picked":"Double Tap","floor":8},{"not_picked":["Burning Pact","Second Wind"],"picked":"Flame Barrier","floor":10},{"not_picked":["Shockwave","Perfected Strike","Power Through"],"picked":"SKIP","floor":12},{"not_picked":["Armaments","Body Slam","Pummel"],"picked":"SKIP","floor":13},{"not_picked":["Menagerie:SuddenReclamation","Menagerie:Languish"],"picked":"Menagerie:QuirionDryad","floor":14},{"not_picked":["Menagerie:SuddenReclamation","Menagerie:QuirionDryad"],"picked":"Menagerie:LightningBolt","floor":14},{"not_picked":["Corruption","Limit Break"],"picked":"Barricade","floor":16},{"not_picked":["Sword Boomerang","Havoc","True Grit+1"],"picked":"SKIP","floor":18},{"not_picked":["Body Slam","Headbutt","Twin Strike"],"picked":"SKIP","floor":21},{"not_picked":["Hemokinesis","Perfected Strike+1","Shockwave"],"picked":"SKIP","floor":24},{"not_picked":["Cleave","Rampage"],"picked":"Shrug It Off","floor":25}],"player_experience":259400,"relics_obtained":[{"floor":6,"key":"reliquary:TatteredRug"},{"floor":9,"key":"reliquary:IridiumChain"},{"floor":10,"key":"Centennial Puzzle"},{"floor":25,"key":"Happy Flower"}],"event_choices":[{"cards_removed":["Strike_R"],"damage_healed":0,"gold_gain":0,"player_choice":"Snake","damage_taken":0,"max_hp_gain":0,"max_hp_loss":0,"event_name":"Menagerie:ThreeAnimals","floor":2,"gold_loss":0},{"damage_healed":0,"gold_gain":0,"player_choice":"Read","damage_taken":0,"max_hp_gain":0,"max_hp_loss":8,"event_name":"Menagerie:OvergrownLibrary","floor":4,"gold_loss":0,"cards_obtained":["Doubt"]},{"damage_healed":0,"gold_gain":0,"player_choice":"Spells","damage_taken":0,"max_hp_gain":0,"max_hp_loss":0,"event_name":"Menagerie:MagicPeddler","floor":14,"gold_loss":70}],"is_beta":false,"boss_relics":[{"not_picked":["Runic Pyramid","aspiration:SecretTechniqueScroll"],"picked":"reliquary:ThirdArm"}],"items_purged_floors":[19],"is_endless":false,"potions_floor_spawned":[8,10,12,16],"killed_by":"ruina:RoadHome","ascension_level":1}}