{"host":"m0bekkrd201b63ug","time":1614392939,"event":{"mods":["AchievementEnabler","BaseMod","Colored Powertips","Highlight Path","Minty Spire (QoL Compilation)","Rare Cards Sparkle","StSLib","SuperFastMode","everything is the same but u backflip on backflip","slay the spire mod where everything is the same but ironclad has a cowboy hat"],"gold_per_floor":[365,365,383,397,179,205,205,219,219,242,22,22,54,73,73,151,151,161,35,35,51,63,90,90,123,123,123,151,151,4,15,15,90,90,103,157,157,177,30,56,56,74,74,74,106,118,145,170,182,194],"floor_reached":51,"language":"ENG","playtime":1921,"items_purged":["Strike_B"],"score":1268,"play_id":"b676c469-41d5-4200-a927-78c780638c1d","local_time":"20210226232859","is_ascension_mode":true,"campfire_choices":[{"data":"Defragment","floor":7.0,"key":"SMITH"},{"data":"Barrage","floor":12.0,"key":"SMITH"},{"data":"Static Discharge","floor":15.0,"key":"SMITH"},{"floor":24.0,"key":"REST"},{"data":"BootSequence","floor":27.0,"key":"SMITH"},{"data":"Dualcast","floor":29.0,"key":"SMITH"},{"floor":32.0,"key":"REST"},{"floor":41,"key":"REST"},{"floor":46,"key":"REST"},{"floor":49,"key":"REST"}],"circlet_count":0,"master_deck":["AscendersBane","Strike_B","Strike_B+1","Strike_B","Defend_B+1","Defend_B+1","Defend_B","Defend_B","Zap+1","Dualcast+1","BootSequence+1","Glacier","Barrage+1","Defragment+1","Static Discharge+1","Genetic Algorithm","Ball Lightning","Melter","Electrodynamics+1","Go for the Eyes+1","Defragment+1","Coolheaded+1","Compile Driver","Thunder Strike","Storm+1","Cold Snap+1","Hologram","Coolheaded+1","Sweeping Beam+1"],"relics":["Cracked Core","War Paint","Girya","Frozen Egg 2","Happy Flower","Oddly Smooth Stone","Symbiotic Virus","Nuclear Battery","Whetstone","Strawberry","Orichalcum","Bottled Lightning","Bag of Preparation","Fusion Hammer","Lizard Tail","PreservedInsect","Gremlin Horn","MealTicket","MawBank"],"acts_visited":["Exordium","TheCity","TheBeyond"],"potions_floor_usage":[40,40,50],"damage_taken":[{"damage":5.0,"enemies":"Small Slimes","floor":1.0,"turns":3.0},{"damage":1.0,"enemies":"Cultist","floor":3.0,"turns":3.0},{"damage":0.0,"enemies":"Jaw Worm","floor":4.0,"turns":4.0},{"damage":4.0,"enemies":"Gremlin Nob","floor":6.0,"turns":5.0},{"damage":0.0,"enemies":"Red Slaver","floor":8.0,"turns":4.0},{"damage":4.0,"enemies":"3 Sentries","floor":13.0,"turns":10.0},{"damage":0.0,"enemies":"Exordium Wildlife","floor":14.0,"turns":3.0},{"damage":23.0,"enemies":"Hexaghost","floor":16.0,"turns":9.0},{"damage":0.0,"enemies":"3 Byrds","floor":18.0,"turns":2.0},{"damage":5.0,"enemies":"2 Thieves","floor":21.0,"turns":3.0},{"damage":0.0,"enemies":"3 Cultists","floor":22.0,"turns":3.0},{"damage":30.0,"enemies":"Slavers","floor":23.0,"turns":4.0},{"damage":13.0,"enemies":"Book of Stabbing","floor":25.0,"turns":5.0},{"damage":10.0,"enemies":"Slavers","floor":28.0,"turns":4.0},{"damage":0.0,"enemies":"Snake Plant","floor":31.0,"turns":3.0},{"damage":47.0,"enemies":"Automaton","floor":33.0,"turns":8.0},{"damage":0.0,"enemies":"3 Shapes","floor":35.0,"turns":4.0},{"damage":30.0,"enemies":"2 Orb Walkers","floor":36.0,"turns":3.0},{"damage":0.0,"enemies":"Orb Walker","floor":38.0,"turns":2.0},{"damage":35,"enemies":"Nemesis","floor":40,"turns":3},{"damage":0,"enemies":"Spire Growth","floor":42,"turns":4},{"damage":38,"enemies":"Giant Head","floor":45,"turns":7},{"damage":0,"enemies":"4 Shapes","floor":47,"turns":4},{"damage":0,"enemies":"Jaw Worm Horde","floor":48,"turns":2},{"damage":43,"enemies":"Donu and Deca","floor":50,"turns":9}],"seed_played":"2760127608555581070","potions_obtained":[{"floor":1.0,"key":"Dexterity Potion"},{"floor":4.0,"key":"EssenceOfSteel"},{"floor":6.0,"key":"SpeedPotion"},{"floor":16.0,"key":"BlessingOfTheForge"},{"floor":18.0,"key":"Fruit Juice"},{"floor":23.0,"key":"SkillPotion"},{"floor":31.0,"key":"Swift Potion"},{"floor":33.0,"key":"SpeedPotion"},{"floor":36.0,"key":"GamblersBrew"},{"floor":45,"key":"AttackPotion"}],"is_trial":false,"path_per_floor":["M","?","M","M","$","E","R","M","T","T","$","R","E","M","R","B",null,"M","$","?","M","M","E","R","E","T","R","E","R","$","M","R","B",null,"M","?","?","M","$","E","R","M","T","T","E","R","M","M","R","B",null],"character_chosen":"DEFECT","items_purchased":["Defragment","War Paint","Oddly Smooth Stone","Defragment+1","Coolheaded","Bag of Preparation","PreservedInsect"],"campfire_rested":5,"item_purchase_floors":[5,5,11,19,19,30,39],"current_hp_per_floor":[63,63,62,62,62,58,58,58,58,58,58,58,54,54,54,31,59,64,64,64,59,59,29,50,44,44,44,34,34,34,34,58,11,63,63,33,33,33,33,40,64,64,64,64,26,50,50,50,74,31],"gold":206,"neow_bonus":"TWO_FIFTY_GOLD","is_daily":false,"chose_seed":false,"campfire_upgraded":5,"win_rate":0.0,"timestamp":1614392939,"path_taken":["M","?","?","M","$","E","R","M","T","?","$","R","E","?","R","BOSS","M","$","?","?","M","E","R","E","T","R","E","R","$","M","R","BOSS","M","?","?","M","$","E","R","M","T","?","E","R","M","M","R","BOSS"],"items_purchased_type":["Card","Relic","Relic","Card","Card","Relic","Relic"],"build_version":"2020-12-22","purchased_purges":1,"victory":true,"max_hp_per_floor":[68,68,68,68,68,68,68,68,68,68,68,68,68,68,68,68,68,73,73,73,73,73,73,73,80,80,80,80,80,80,80,80,80,80,80,80,80,80,80,80,80,80,80,80,80,80,80,80,80,80],"card_choices":[{"not_picked":["Static Discharge","Double Energy"],"picked":"BootSequence","floor":1.0},{"not_picked":["Redo","Sweeping Beam"],"picked":"Glacier","floor":3.0},{"not_picked":["Rebound","Compile Driver"],"picked":"Barrage","floor":4.0},{"not_picked":["Rebound","Fusion"],"picked":"Static Discharge","floor":6.0},{"not_picked":["Scrape","Skim"],"picked":"Genetic Algorithm","floor":8.0},{"not_picked":["Self Repair+1","Rebound"],"picked":"Ball Lightning","floor":13.0},{"not_picked":["Steam Power","Reinforced Body"],"picked":"Melter","floor":14.0},{"not_picked":["Rainbow","Reboot"],"picked":"Electrodynamics+1","floor":16.0},{"not_picked":["Streamline","Sunder"],"picked":"Go for the Eyes","floor":18.0},{"not_picked":["Ball Lightning","Aggregate","Compile Driver"],"picked":"SKIP","floor":21.0},{"not_picked":["Ball Lightning","Aggregate"],"picked":"Compile Driver","floor":21.0},{"not_picked":["Compile Driver","Cold Snap+1","Ball Lightning"],"picked":"SKIP","floor":22.0},{"not_picked":["Fusion","Rainbow","Cold Snap+1"],"picked":"SKIP","floor":23.0},{"not_picked":["Beam Cell+1","Stack","Cold Snap+1"],"picked":"SKIP","floor":25.0},{"not_picked":["Darkness","Heatsinks+1","Stack"],"picked":"SKIP","floor":28.0},{"not_picked":["BootSequence","Cold Snap","Streamline"],"picked":"SKIP","floor":31.0},{"not_picked":["Biased Cognition+1","Hyperbeam"],"picked":"Thunder Strike","floor":33.0},{"not_picked":["Barrage","Heatsinks+1","Leap+1"],"picked":"SKIP","floor":35.0},{"not_picked":["Turbo","Tempest"],"picked":"Storm+1","floor":36.0},{"not_picked":["Sweeping Beam+1","Rip and Tear","Rebound"],"picked":"SKIP","floor":38.0},{"not_picked":["Recycle+1","White Noise"],"picked":"Cold Snap+1","floor":40},{"not_picked":["Self Repair+1","Redo","Ball Lightning"],"picked":"SKIP","floor":42},{"not_picked":["Chaos","Reboot"],"picked":"Hologram","floor":45},{"not_picked":["Darkness","Fusion"],"picked":"Coolheaded+1","floor":47},{"not_picked":["Sweeping Beam+1","Chill","Leap"],"picked":"SKIP","floor":48},{"not_picked":["Sweeping Beam+1","Chill","Leap"],"picked":"SKIP","floor":48},{"not_picked":["Chill","Leap"],"picked":"Sweeping Beam+1","floor":48}],"player_experience":311568,"relics_obtained":[{"floor":6.0,"key":"Girya"},{"floor":9.0,"key":"Frozen Egg 2"},{"floor":10.0,"key":"Happy Flower"},{"floor":13.0,"key":"Symbiotic Virus"},{"floor":23.0,"key":"Whetstone"},{"floor":25.0,"key":"Strawberry"},{"floor":26.0,"key":"Orichalcum"},{"floor":28.0,"key":"Bottled Lightning"},{"floor":36.0,"key":"Lizard Tail"},{"floor":40,"key":"Gremlin Horn"},{"floor":44,"key":"MealTicket"},{"floor":45,"key":"MawBank"}],"event_choices":[{"damage_healed":0.0,"max_hp_gain":0.0,"max_hp_loss":0.0,"gold_gain":0.0,"event_name":"Upgrade Shrine","player_choice":"Upgraded","floor":2.0,"gold_loss":0.0,"damage_taken":0.0,"cards_upgraded":["Zap"]},{"damage_healed":0.0,"max_hp_gain":0.0,"max_hp_loss":0.0,"gold_gain":0.0,"event_name":"Upgrade Shrine","player_choice":"Upgraded","floor":20.0,"gold_loss":0.0,"damage_taken":0.0,"cards_upgraded":["Coolheaded"]},{"damage_healed":0.0,"max_hp_gain":0.0,"max_hp_loss":0.0,"gold_gain":0.0,"event_name":"Mysterious Sphere","player_choice":"Fight","floor":36.0,"gold_loss":0.0,"damage_taken":0.0},{"damage_healed":0.0,"max_hp_gain":0.0,"max_hp_loss":0.0,"gold_gain":0.0,"event_name":"The Moai Head","player_choice":"Ignored","floor":37.0,"gold_loss":0.0,"damage_taken":0.0}],"is_beta":false,"boss_relics":[{"not_picked":["SlaversCollar","Ectoplasm"],"picked":"Nuclear Battery"},{"not_picked":["SacredBark","Astrolabe"],"picked":"Fusion Hammer"}],"items_purged_floors":[11],"is_endless":false,"potions_floor_spawned":[1,4,6,14,16,18,23,31,33,35,36,38,45],"ascension_level":13}}