{"host":"nwyj08ts91jkyezn","time":1614432115,"event":{"mods":["AchievementEnabler","BaseMod","Colored Map","DeckTracker","Minty Spire (QoL Compilation)","Rare Cards Sparkle","StSLib","SuperFastMode","everything is the same but u backflip on backflip"],"gold_per_floor":[110,185,110,121,121,121,159,239,239,239,274,19,43,66,66,187,187,206,131,131,131,150,150,189,202,281,281,281,24,24,40,40,143,143,161,161,18,29,29,29],"floor_reached":39,"language":"KOR","playtime":1264,"items_purged":["Strike_B","Strike_B"],"score":538,"play_id":"bb4d0a44-3e5c-4e02-9d64-da997d7f5b5b","local_time":"20210227222155","is_ascension_mode":true,"campfire_choices":[{"data":"Coolheaded","floor":6,"key":"SMITH"},{"floor":10,"key":"REST"},{"data":"Chaos","floor":15,"key":"SMITH"},{"data":"Dualcast","floor":23,"key":"SMITH"},{"data":"Ghostly","floor":30,"key":"SMITH"},{"data":"Ghostly","floor":32,"key":"SMITH"}],"circlet_count":0,"master_deck":["Strike_B","Defend_B","Defend_B","Defend_B","Defend_B","Zap","Dualcast+1","Coolheaded+1","Self Repair+1","Compile Driver","Streamline","Tempest","Chaos+1","Echo Form+1","Redo+1","Compile Driver","Ball Lightning","Recycle+1","Ghostly+1","Ghostly+1","Ghostly","Ghostly","Ghostly","Hologram+1","Creative AI+1","Hologram","Flash of Steel","Undo+1"],"relics":["Cracked Core","NeowsBlessing","Bloody Idol","Happy Flower","Frozen Egg 2","Ice Cream","Bottled Lightning","TheAbacus","Runic Dome","Red Mask","Pear","PreservedInsect","Inserter","Membership Card"],"acts_visited":["Exordium","TheCity","TheBeyond"],"potions_floor_usage":[8,8,16,16,22,22,33,33],"damage_taken":[{"damage":0,"enemies":"Cultist","floor":1,"turns":1},{"damage":0,"enemies":"Jaw Worm","floor":4,"turns":1},{"damage":0,"enemies":"Gremlin Nob","floor":7,"turns":1},{"damage":47,"enemies":"Lagavulin Event","floor":8,"turns":8},{"damage":24,"enemies":"3 Sentries","floor":11,"turns":9},{"damage":5,"enemies":"Small Slimes","floor":13,"turns":4},{"damage":13,"enemies":"Looter","floor":14,"turns":3},{"damage":8,"enemies":"Hexaghost","floor":16,"turns":8},{"damage":25,"enemies":"3 Byrds","floor":18,"turns":4},{"damage":22,"enemies":"2 Thieves","floor":22,"turns":4},{"damage":36,"enemies":"Masked Bandits","floor":24,"turns":5},{"damage":20,"enemies":"Cultist and Chosen","floor":25,"turns":4},{"damage":8,"enemies":"Snecko","floor":31,"turns":4},{"damage":6,"enemies":"Champ","floor":33,"turns":12},{"damage":0,"enemies":"3 Shapes","floor":35,"turns":5},{"damage":19,"enemies":"3 Darklings","floor":38,"turns":7},{"damage":42,"enemies":"Maw","floor":39,"turns":9}],"seed_played":"2238673987502149776","potions_obtained":[{"floor":4,"key":"Fruit Juice"},{"floor":7,"key":"Explosive Potion"},{"floor":13,"key":"AttackPotion"},{"floor":14,"key":"LiquidBronze"},{"floor":16,"key":"EssenceOfSteel"},{"floor":18,"key":"Swift Potion"},{"floor":22,"key":"Strength Potion"},{"floor":24,"key":"Block Potion"},{"floor":35,"key":"SteroidPotion"}],"is_trial":false,"path_per_floor":["M","?","$","M","?","R","E","?","T","R","E","$","M","M","R","B",null,"M","?","?","?","M","R","?","M","T","?","?","$","R","M","R","B",null,"M","?","$","M","M"],"character_chosen":"DEFECT","items_purchased":["TheAbacus","Streamline","FocusPotion","PreservedInsect","Membership Card"],"campfire_rested":1,"item_purchase_floors":[12,12,12,29,37],"current_hp_per_floor":[75,64,64,64,64,64,64,22,22,44,30,30,25,22,22,24,62,47,47,71,71,59,59,33,33,43,42,42,42,42,39,39,42,42,42,42,42,38,0,0],"gold":29,"neow_bonus":"THREE_ENEMY_KILL","is_daily":false,"chose_seed":false,"campfire_upgraded":5,"win_rate":0.0,"timestamp":1614432115,"path_taken":["M","?","$","M","?","R","E","?","T","R","E","?","M","M","R","BOSS","M","?","?","?","?","R","?","M","T","?","?","$","R","M","R","BOSS","M","?","$","M","M"],"items_purchased_type":["Relic","Card","Potion","Relic","Relic"],"build_version":"2020-12-22","purchased_purges":2,"victory":false,"max_hp_per_floor":[75,75,75,75,69,69,69,74,74,74,74,74,74,74,74,74,74,74,74,74,74,74,74,74,74,84,42,42,42,42,42,42,42,42,42,42,42,42,42,42],"card_choices":[{"not_picked":["Defragment","Streamline"],"picked":"Coolheaded","floor":1},{"not_picked":["Rip and Tear","Conserve Battery","Beam Cell"],"picked":"SKIP","floor":4},{"not_picked":["Tempest","Aggregate","Beam Cell"],"picked":"SKIP","floor":7},{"not_picked":["Tempest","Storm+1"],"picked":"Self Repair+1","floor":8},{"not_picked":["Machine Learning+1","Tempest"],"picked":"Compile Driver","floor":11},{"not_picked":["Ball Lightning","Stack"],"picked":"Tempest","floor":13},{"not_picked":["Steam","Beam Cell"],"picked":"Chaos","floor":14},{"not_picked":["Multi-Cast","Amplify"],"picked":"Echo Form+1","floor":16},{"not_picked":["BootSequence","Reprogram"],"picked":"Redo+1","floor":18},{"not_picked":["Leap","Heatsinks+1"],"picked":"Ball Lightning","floor":22},{"not_picked":["Ball Lightning","Turbo"],"picked":"Recycle+1","floor":24},{"not_picked":["Force Field","Sweeping Beam","Conserve Battery"],"picked":"SKIP","floor":25},{"not_picked":["Fusion","Scrape"],"picked":"Hologram+1","floor":31},{"not_picked":["Multi-Cast","Core Surge"],"picked":"Creative AI+1","floor":33},{"not_picked":["Force Field","Conserve Battery"],"picked":"Hologram","floor":35},{"not_picked":["Thinking Ahead","PanicButton"],"picked":"Flash of Steel","floor":36},{"not_picked":["Stack","Cold Snap+1"],"picked":"Undo+1","floor":38}],"player_experience":1072798,"relics_obtained":[{"floor":7,"key":"Happy Flower"},{"floor":8,"key":"Frozen Egg 2"},{"floor":9,"key":"Ice Cream"},{"floor":11,"key":"Bottled Lightning"},{"floor":24,"key":"Red Mask"},{"floor":26,"key":"Pear"}],"event_choices":[{"damage_healed":0,"gold_gain":75,"player_choice":"Gather Gold","damage_taken":11,"max_hp_gain":0,"max_hp_loss":0,"event_name":"World of Goop","floor":2,"gold_loss":0},{"damage_healed":0,"gold_gain":0,"player_choice":"Lose Max HP","damage_taken":0,"relics_obtained":["Golden Idol"],"max_hp_gain":0,"max_hp_loss":6,"event_name":"Golden Idol","floor":5,"gold_loss":0},{"damage_healed":0,"gold_gain":0,"player_choice":"Searched \u00272\u0027 times","damage_taken":0,"max_hp_gain":0,"max_hp_loss":0,"event_name":"Dead Adventurer","floor":8,"gold_loss":0},{"cards_removed":["Strike_B"],"damage_healed":0,"gold_gain":0,"player_choice":"Gave Gold","damage_taken":0,"max_hp_gain":0,"max_hp_loss":0,"event_name":"Beggar","floor":19,"gold_loss":75},{"damage_healed":24,"gold_gain":0,"player_choice":"Heal","damage_taken":0,"max_hp_gain":0,"max_hp_loss":0,"event_name":"The Library","floor":20,"gold_loss":0},{"damage_healed":0,"gold_gain":0,"player_choice":"Copied","damage_taken":0,"max_hp_gain":0,"max_hp_loss":0,"event_name":"Duplicator","floor":21,"gold_loss":0,"cards_obtained":["Compile Driver"]},{"damage_healed":0,"gold_gain":0,"player_choice":"Fought Bandits","damage_taken":0,"max_hp_gain":0,"max_hp_loss":0,"event_name":"Masked Bandits","floor":24,"gold_loss":0},{"damage_healed":0,"gold_gain":0,"player_choice":"Became a Ghost","damage_taken":0,"max_hp_gain":0,"max_hp_loss":42,"event_name":"Ghosts","floor":27,"gold_loss":0,"cards_obtained":["Ghostly","Ghostly","Ghostly","Ghostly","Ghostly"]},{"damage_healed":0,"gold_gain":0,"player_choice":"Gave Idol","damage_taken":0,"relics_obtained":["Bloody Idol"],"max_hp_gain":0,"max_hp_loss":0,"event_name":"Forgotten Altar","floor":28,"relics_lost":["Golden Idol"],"gold_loss":0},{"damage_healed":0,"gold_gain":0,"player_choice":"Memory 1","damage_taken":0,"max_hp_gain":0,"max_hp_loss":0,"event_name":"SensoryStone","floor":36,"gold_loss":0}],"is_beta":false,"boss_relics":[{"not_picked":["Cursed Key","Velvet Choker"],"picked":"Runic Dome"},{"not_picked":["Astrolabe","Philosopher\u0027s Stone"],"picked":"Inserter"}],"items_purged_floors":[3,29],"is_endless":false,"potions_floor_spawned":[4,7,13,14,16,18,22,24,35],"killed_by":"Maw","ascension_level":5}}