{"host":"g907ck67u7c3hrs6","time":1614386795,"event":{"mods":["BaseMod","Colored Map","DeckTracker","Force Act Four","Highlight Path","Keyboard Shortcuts","Minty Spire (QoL Compilation)","Permanent Neow","Say the Spire","SuperFastMode"],"gold_per_floor":[144,144,189,234,279,279,369,369,394,493,493,547,321,366,366,675,675,675],"floor_reached":17,"language":"KOR","playtime":476,"items_purged":["Writhe"],"score":167,"play_id":"2fea4dc4-d272-4e23-b77a-ed851b6cbd09","local_time":"20210227094635","daily_mods":["Cursed Run","Diverse","Midas"],"is_ascension_mode":false,"campfire_choices":[{"floor":6,"key":"RECALL"},{"floor":8,"key":"REST"},{"floor":11,"key":"REST"},{"floor":15,"key":"REST"}],"circlet_count":0,"master_deck":["Strike_B","Strike_B","Strike_B","Strike_B","Defend_B","Defend_B","Defend_B","Defend_B","Zap+1","Dualcast","Slice","Glacier","Skewer","Footwork","Disarm","Hologram","Ghostly Armor","All For One","Injury"],"relics":["Cursed Key","Darkstone Periapt","Du-Vu Doll","Matryoshka","Blood Vial","CeramicFish","Ancient Tea Set","Coffee Dripper"],"acts_visited":["Exordium","TheCity"],"potions_floor_usage":[7],"damage_taken":[{"damage":0,"enemies":"Small Slimes","floor":1,"turns":4},{"damage":0,"enemies":"Cultist","floor":3,"turns":3},{"damage":0,"enemies":"2 Louse","floor":4,"turns":2},{"damage":8,"enemies":"Large Slime","floor":5,"turns":5},{"damage":9,"enemies":"3 Sentries","floor":7,"turns":7},{"damage":17,"enemies":"Gremlin Nob","floor":10,"turns":5},{"damage":0,"enemies":"Exordium Thugs","floor":12,"turns":4},{"damage":0,"enemies":"Looter","floor":14,"turns":3},{"damage":32,"enemies":"The Guardian","floor":16,"turns":13}],"seed_played":"-2463471341485849212","potions_obtained":[{"floor":1,"key":"BlessingOfTheForge"},{"floor":4,"key":"LiquidBronze"},{"floor":5,"key":"SpeedPotion"},{"floor":16,"key":"Fire Potion"}],"is_trial":false,"path_per_floor":["M","?","M","M","M","R","E","R","T","E","R","M","$","M","R","B",null],"character_chosen":"DEFECT","items_purchased":["All For One"],"campfire_rested":3,"item_purchase_floors":[13],"current_hp_per_floor":[75,75,75,75,67,67,58,75,81,64,81,81,81,81,81,55,87,87],"gold":675,"neow_bonus":"","is_daily":true,"chose_seed":false,"campfire_upgraded":0,"win_rate":0.0,"timestamp":1614386795,"path_taken":["M","?","M","M","M","R","E","R","T","E","R","M","$","M","R","BOSS"],"items_purchased_type":["Card"],"build_version":"2020-12-22","purchased_purges":1,"victory":false,"max_hp_per_floor":[75,75,75,75,75,75,75,75,81,81,81,81,81,81,81,87,87,87],"card_choices":[{"not_picked":["Infernal Blade","Catalyst"],"picked":"Slice","floor":1},{"not_picked":["PathToVictory","Poisoned Stab"],"picked":"Glacier","floor":3},{"not_picked":["EmptyFist","Protect"],"picked":"Skewer","floor":4},{"not_picked":["Cold Snap","Consecrate"],"picked":"Footwork","floor":5},{"not_picked":["A Thousand Cuts","Wallop"],"picked":"Disarm","floor":7},{"not_picked":["Barrage","Indignation"],"picked":"Hologram","floor":10},{"not_picked":["Force Field","Prepared"],"picked":"Ghostly Armor","floor":12},{"not_picked":["Dash","Feel No Pain","Adaptation"],"picked":"SKIP","floor":14}],"player_experience":366216,"relics_obtained":[{"floor":7,"key":"Matryoshka"},{"floor":9,"key":"Blood Vial"},{"floor":9,"key":"CeramicFish"},{"floor":10,"key":"Ancient Tea Set"}],"event_choices":[{"damage_healed":0,"gold_gain":0,"player_choice":"Grow","damage_taken":0,"max_hp_gain":0,"max_hp_loss":0,"event_name":"Living Wall","floor":2,"gold_loss":0,"cards_upgraded":["Zap"]}],"is_beta":false,"boss_relics":[{"not_picked":["Velvet Choker","Runic Dome"],"picked":"Coffee Dripper"}],"items_purged_floors":[13],"is_endless":false,"potions_floor_spawned":[1,4,5,16],"ascension_level":0}}