{"host":"bx54wbx1b8s5cm4v","time":1614390068,"event":{"mods":["BaseMod","Beaked The Cultist","GifTheSpireLib","Hubris","Minty Spire (QoL Compilation)","StSLib","The Blackbeard","The Forsaken","The Servant 0.9.4"],"gold_per_floor":[110,110,125,50,60,90,90,115,152,164,176,188,225,253,265,377,389,415,387,419,450,495,507,535,547,559,606,634,646,583,49,49,153,153,165,176,176,296,376,376,404,404,472,491,461,461,54,74,74,174],"floor_reached":51,"language":"ENG","playtime":1743,"items_purged":["Pain"],"score":887,"play_id":"044db083-859c-4147-849f-20774f8dd651","local_time":"20210226224108","is_ascension_mode":true,"campfire_choices":[{"data":"Zap","floor":7,"key":"SMITH"},{"data":"Buffer","floor":10,"key":"SMITH"},{"data":"Streamline","floor":15,"key":"SMITH"},{"floor":23,"key":"REST"},{"floor":25,"key":"REST"},{"floor":32,"key":"RECALL"},{"floor":40,"key":"REST"},{"floor":42,"key":"REST"},{"floor":49,"key":"REST"}],"circlet_count":0,"master_deck":["Strike_B+1","Strike_B","Strike_B","Defend_B","Defend_B","Defend_B","Defend_B+1","Zap+1","Dualcast","Reboot","Sweeping Beam","Hologram+1","Lockon","Buffer+1","Steam","Streamline+1","Electrodynamics+1","Stack+1","Barrage+1","Redo","Gash+1","Rebound","Ball Lightning","All For One","Sunder","Barrage+1","FTL","Ball Lightning+1","Rebound+1","Scrape","Fission"],"relics":["Cracked Core","StoneCalendar","MawBank","War Paint","Kunai","Fusion Hammer","Red Mask","Pear","Bronze Scales","Enchiridion","Runic Capacitor","Bottled Lightning","Regal Pillow","Runic Pyramid","hubris:Icosahedron","Cables","Darkstone Periapt","Letter Opener","Singing Bowl","Shuriken","Sling"],"acts_visited":["TheCity","TheBeyond"],"potions_floor_usage":[6,16,22,33,41,45,50,50,50],"damage_taken":[{"damage":7,"enemies":"Jaw Worm","floor":1,"turns":4},{"damage":5,"enemies":"Cultist","floor":3,"turns":3},{"damage":6,"enemies":"2 Louse","floor":5,"turns":2},{"damage":7,"enemies":"Gremlin Nob","floor":6,"turns":3},{"damage":24,"enemies":"Lagavulin","floor":8,"turns":7},{"damage":4,"enemies":"Gremlin Nob","floor":13,"turns":4},{"damage":3,"enemies":"Blue Slaver","floor":14,"turns":5},{"damage":0,"enemies":"Slime Boss","floor":16,"turns":7},{"damage":1,"enemies":"3 Byrds","floor":18,"turns":2},{"damage":0,"enemies":"Spheric Guardian","floor":20,"turns":3},{"damage":15,"enemies":"Centurion and Healer","floor":21,"turns":5},{"damage":7,"enemies":"Masked Bandits","floor":22,"turns":4},{"damage":0,"enemies":"Sentry and Sphere","floor":24,"turns":4},{"damage":6,"enemies":"Gremlin Leader","floor":27,"turns":4},{"damage":13,"enemies":"Shelled Parasite and Fungi","floor":28,"turns":4},{"damage":18,"enemies":"Collector","floor":33,"turns":7},{"damage":0,"enemies":"Orb Walker","floor":35,"turns":3},{"damage":22,"enemies":"3 Darklings","floor":36,"turns":3},{"damage":11,"enemies":"4 Shapes","floor":38,"turns":3},{"damage":47,"enemies":"Reptomancer","floor":41,"turns":5},{"damage":33,"enemies":"Maw","floor":44,"turns":7},{"damage":28,"enemies":"Spire Growth","floor":45,"turns":3},{"damage":0,"enemies":"Transient","floor":48,"turns":5},{"damage":39,"enemies":"Donu and Deca","floor":50,"turns":7}],"seed_played":"-3808317581186093456","potions_obtained":[{"floor":3,"key":"Energy Potion"},{"floor":5,"key":"AttackPotion"},{"floor":13,"key":"Ancient Potion"},{"floor":14,"key":"Fire Potion"},{"floor":18,"key":"EssenceOfSteel"},{"floor":28,"key":"LiquidMemories"},{"floor":33,"key":"Energy Potion"},{"floor":44,"key":"BlessingOfTheForge"},{"floor":45,"key":"DistilledChaos"}],"is_trial":false,"path_per_floor":["M","?","M","$","M","E","R","E","T","R","$","?","E","M","R","B",null,"M","?","M","M","?","R","M","R","T","E","M","?","?","$","R","B",null,"M","M","?","M","T","R","E","R","T","M","M","T","$","M","R","B",null],"character_chosen":"DEFECT","items_purchased":["Runic Capacitor","Bottled Lightning","Regal Pillow","Shuriken","Sling"],"campfire_rested":5,"item_purchase_floors":[31,31,31,47,47],"current_hp_per_floor":[68,68,63,63,57,50,50,26,26,26,26,19,15,12,12,12,75,74,74,74,59,52,74,74,75,85,79,66,50,50,50,50,32,85,85,63,63,52,52,85,38,78,78,45,17,17,17,17,57,18],"gold":174,"neow_bonus":"THREE_RARE_CARDS","is_daily":false,"chose_seed":false,"campfire_upgraded":3,"win_rate":0.0,"timestamp":1614390068,"path_taken":["M","?","M","$","M","E","R","E","T","R","?","?","E","M","R","BOSS","M","?","?","M","?","R","M","R","T","E","M","?","?","?","R","BOSS","M","M","?","M","?","R","E","R","T","?","M","?","?","?","R","BOSS"],"items_purchased_type":["Relic","Relic","Relic","Relic","Relic"],"build_version":"2020-12-22","purchased_purges":1,"victory":true,"max_hp_per_floor":[75,75,75,75,75,75,75,75,75,75,75,75,75,75,75,75,75,75,75,75,75,75,75,75,75,85,85,85,85,85,85,85,85,85,85,85,85,85,85,85,85,85,85,85,85,85,85,85,85,85],"card_choices":[{"not_picked":["hubris:DoWhile","hubris:SpecializedCircuitry"],"picked":"Reboot","floor":0},{"not_picked":["Lockon","Streamline"],"picked":"Sweeping Beam","floor":1},{"not_picked":["Fusion","Leap"],"picked":"Hologram","floor":3},{"not_picked":["Reinforced Body","Tempest"],"picked":"Lockon","floor":5},{"not_picked":["Capacitor","Compile Driver"],"picked":"Glacier","floor":6},{"not_picked":["Multi-Cast","Compile Driver"],"picked":"Buffer","floor":8},{"not_picked":["Undo","Hologram"],"picked":"Steam","floor":13},{"not_picked":["Chaos","Undo"],"picked":"Streamline","floor":14},{"not_picked":["Creative AI","Biased Cognition"],"picked":"Electrodynamics","floor":16},{"not_picked":["Stack","Turbo","Barrage"],"picked":"SKIP","floor":18},{"not_picked":["Streamline+1","Undo"],"picked":"Stack+1","floor":20},{"not_picked":["Glacier+1","Self Repair"],"picked":"Barrage+1","floor":21},{"not_picked":["Sweeping Beam","Beam Cell"],"picked":"Redo","floor":22},{"not_picked":["Steam","Darkness"],"picked":"Gash+1","floor":24},{"not_picked":["Echo Form","Storm"],"picked":"Rebound","floor":27},{"not_picked":["Sweeping Beam","Steam"],"picked":"Ball Lightning","floor":28},{"not_picked":["hubris:Prefetch","Multi-Cast"],"picked":"All For One","floor":33},{"not_picked":["Hologram+1","Streamline+1"],"picked":"Sunder","floor":35},{"not_picked":["Hologram+1","Lockon+1"],"picked":"Barrage+1","floor":36},{"not_picked":["Steam+1","Hologram"],"picked":"FTL","floor":38},{"not_picked":["Lockon+1","Gash+1"],"picked":"Ball Lightning+1","floor":41},{"not_picked":["Sweeping Beam","Gash+1"],"picked":"Rebound+1","floor":44},{"not_picked":["Streamline+1","Beam Cell"],"picked":"Scrape","floor":45},{"not_picked":["Rip and Tear","Redo+1"],"picked":"Fission","floor":48}],"player_experience":80841,"relics_obtained":[{"floor":6,"key":"StoneCalendar"},{"floor":8,"key":"MawBank"},{"floor":9,"key":"War Paint"},{"floor":13,"key":"Kunai"},{"floor":22,"key":"Red Mask"},{"floor":26,"key":"Pear"},{"floor":27,"key":"Bronze Scales"},{"floor":29,"key":"Enchiridion"},{"floor":39,"key":"Cables"},{"floor":41,"key":"Darkstone Periapt"},{"floor":43,"key":"Letter Opener"},{"floor":46,"key":"Singing Bowl"}],"event_choices":[{"damage_healed":0,"gold_gain":0,"player_choice":"Bought 0 Potions","damage_taken":0,"max_hp_gain":0,"max_hp_loss":0,"event_name":"The Woman in Blue","floor":2,"gold_loss":0},{"cards_removed":["Strike_B"],"damage_healed":0,"gold_gain":0,"player_choice":"Card Removal","damage_taken":7,"max_hp_gain":0,"max_hp_loss":0,"event_name":"Golden Wing","floor":12,"gold_loss":0},{"damage_healed":0,"gold_gain":0,"player_choice":"Upgraded Two","damage_taken":0,"max_hp_gain":0,"max_hp_loss":0,"event_name":"Designer","floor":19,"gold_loss":40,"cards_upgraded":["Strike_B","Electrodynamics"]},{"damage_healed":0,"gold_gain":0,"player_choice":"Fought Bandits","damage_taken":0,"max_hp_gain":0,"max_hp_loss":0,"event_name":"Masked Bandits","floor":22,"gold_loss":0},{"damage_healed":0,"gold_gain":0,"player_choice":"Obtained Book","damage_taken":16,"max_hp_gain":0,"max_hp_loss":0,"event_name":"Cursed Tome","floor":29,"gold_loss":0},{"cards_removed":["Glacier"],"damage_healed":0,"gold_gain":0,"player_choice":"Gave Gold","damage_taken":0,"max_hp_gain":0,"max_hp_loss":0,"event_name":"Beggar","floor":30,"gold_loss":75}],"is_beta":false,"boss_relics":[{"not_picked":["Cursed Key","Pandora\u0027s Box"],"picked":"Fusion Hammer"},{"not_picked":["Snecko Eye","Velvet Choker"],"picked":"Runic Pyramid"}],"items_purged_floors":[4],"is_endless":false,"potions_floor_spawned":[3,5,13,14,18,21,28,33,35,44,45],"ascension_level":2}}