{"host":"61ejhfsushs0xmcl","time":1614400708,"event":{"mods":["Act Like it!","BaseMod","Colored Map","Gold Saver","Library of Ruina","Library of Ruina Extra","Minty Spire (QoL Compilation)","MostiFishMod","Spicy Shops","StSLib","óô»ðÖ¸ÄÏ"],"gold_per_floor":[910,927,652,663,674,701,716,748,748,698,731,731,761,779,779,876,876,891,638,652,663,383,411,411,441,509,539,551,551,583,633,633,729,729,749,522,541,591,611,282,307,307,307,319,334,344,380,380,380,380,380,380,380,117,152,152],"floor_reached":57,"language":"ZHS","playtime":3290,"items_purged":["LightDefense","LightDefense","LightDefense","Dodge","Writhe","ChargeAndCover"],"score":1982,"play_id":"b0ed90c6-1b69-4bc1-bfe3-c46e901a5702","local_time":"20210227123828","is_ascension_mode":true,"campfire_choices":[{"data":"TheWillOfTheCity","floor":12.0,"key":"SMITH"},{"floor":15.0,"key":"RECALL"},{"floor":24.0,"key":"DIG"},{"floor":32.0,"key":"DIG"},{"floor":42,"key":"DIG"},{"floor":49,"key":"DIG"},{"floor":53,"key":"DIG"}],"circlet_count":0,"master_deck":["LightAttack","LightAttack","FocusedStrikes","MostiFishMod:PerfectForm+1","NonstopAssault","Lock+1","CleanUp+1","TheWillOfTheCity+1","Parry2","RulesOfTheBackstreets","CrackOfDawn+1","Slice_lor","ChopItOff","CleanUp+1","LeRegole+1","Castigation+1","BoundaryOfDeath+1","TheWillOfTheCity+1","UnforgettableMelody+1","TheRedNotes+1"],"relics":["PageOfLibrarian","DaveBox","PageOfMountain","Membership Card","SynthV:TestCard","BrkXgEgg","PreservedInsect","PageOfForsakenMurderer","Kunai","Pear","Shovel","Fusion Hammer","PageOfScarecrow","OrangePellets","Dodecahedron","PageOfApocalypseBird","Chemical X","Shuriken","DianPoetry","ImprovedEquipment","Toxic Egg 2","PageOfQueenBee","Anchor","Vajra","Potion Belt","Coffee Dripper","PageOfRedShoes","Pocketwatch","Bag of Marbles","PageOfLumberjack","PageOfDeadButterflies","Ginger","Bottled Flame","CeramicFish","TungstenRod","StrikeDummy","Cauldron","Mummified Hand","Blue Candle"],"acts_visited":["Exordium","TheCity","TheBeyond","TheEnding"],"potions_floor_usage":[38,56,56,56,56,56,56,56,56,56,56],"damage_taken":[{"damage":5.0,"enemies":"Cultist","floor":1.0,"turns":4.0},{"damage":0.0,"enemies":"Jaw Worm","floor":2.0,"turns":3.0},{"damage":0.0,"enemies":"Small Slimes","floor":4.0,"turns":3.0},{"damage":0.0,"enemies":"2 Fungi Beasts","floor":5.0,"turns":2.0},{"damage":1.0,"enemies":"3 Sentries","floor":6.0,"turns":5.0},{"damage":9.0,"enemies":"Red Slaver","floor":7.0,"turns":4.0},{"damage":16.0,"enemies":"Gremlin Nob","floor":8.0,"turns":3.0},{"damage":0.0,"enemies":"Lagavulin","floor":11.0,"turns":2.0},{"damage":6.0,"enemies":"Gremlin Nob","floor":13.0,"turns":3.0},{"damage":0.0,"enemies":"Blue Slaver","floor":14.0,"turns":2.0},{"damage":0.0,"enemies":"The Guardian","floor":16.0,"turns":6.0},{"damage":0.0,"enemies":"Shell Parasite","floor":18.0,"turns":3.0},{"damage":3.0,"enemies":"Chosen","floor":20.0,"turns":4.0},{"damage":2.0,"enemies":"Centurion and Healer","floor":21.0,"turns":3.0},{"damage":0.0,"enemies":"Book of Stabbing","floor":23.0,"turns":3.0},{"damage":0.0,"enemies":"Gremlin Leader","floor":25.0,"turns":2.0},{"damage":0.0,"enemies":"Slavers","floor":27.0,"turns":2.0},{"damage":0.0,"enemies":"Snake Plant","floor":28.0,"turns":2.0},{"damage":0.0,"enemies":"Gremlin Leader","floor":30.0,"turns":2.0},{"damage":0.0,"enemies":"KingOfGreed","floor":33.0,"turns":3.0},{"damage":0,"enemies":"3 Darklings","floor":35,"turns":2},{"damage":0,"enemies":"3 Shapes","floor":37,"turns":2},{"damage":0,"enemies":"Mind Bloom Boss Battle","floor":38,"turns":3},{"damage":0,"enemies":"Maw","floor":39,"turns":3},{"damage":0,"enemies":"Reptomancer","floor":41,"turns":1},{"damage":0,"enemies":"Writhing Mass","floor":44,"turns":1},{"damage":0,"enemies":"4 Shapes","floor":45,"turns":1},{"damage":0,"enemies":"Sphere and 2 Shapes","floor":46,"turns":1},{"damage":0,"enemies":"Nemesis","floor":47,"turns":1},{"damage":0,"enemies":"Awakened One","floor":50,"turns":3},{"damage":0,"enemies":"Awakened One","floor":51,"turns":4},{"damage":1,"enemies":"Shield and Spear","floor":55,"turns":2},{"damage":0,"enemies":"The Heart","floor":56,"turns":3}],"seed_played":"-2358130128831841628","potions_obtained":[{"floor":2.0,"key":"FearPotion"},{"floor":5.0,"key":"Fruit Juice"},{"floor":7.0,"key":"Weak Potion"},{"floor":14.0,"key":"Dexterity Potion"},{"floor":25.0,"key":"LiquidMemories"},{"floor":33.0,"key":"Fruit Juice"},{"floor":35,"key":"BlessingOfTheForge"},{"floor":39,"key":"EntropicBrew"}],"is_trial":false,"path_per_floor":["M","M","$","M","M","E","M","E","T","?","E","R","E","M","R","B",null,"M","$","M","M","$","E","R","E","T","E","M","?","E","?","R","B",null,"M","$","M","?","M","R","E","R","T","M","M","M","E","?","R","B",null,null,"R","$","E","B",null],"character_chosen":"Librarian","items_purchased":["BrkXgEgg","PreservedInsect","MostiFishMod:PerfectForm+1","PageOfScarecrow","OrangePellets","Dodecahedron","PageOfApocalypseBird","Chemical X","PageOfRedShoes","Bag of Marbles","UnforgettableMelody+1","PageOfLumberjack","Cauldron","Mummified Hand"],"campfire_rested":0,"item_purchase_floors":[3,3,3,19,19,22,22,22,36,40,40,40,54,54],"current_hp_per_floor":[49,49,49,49,49,48,39,23,23,23,33,33,27,32,32,32,104,104,104,101,99,99,101,101,102,102,102,102,102,103,103,103,104,104,104,104,104,109,109,109,109,109,109,109,109,109,109,109,109,70,157,233,233,233,61,75],"gold":152,"neow_bonus":"ONE_RARE_RELIC","is_daily":false,"chose_seed":false,"campfire_upgraded":1,"win_rate":0.0,"timestamp":1614400708,"path_taken":["M","M","$","M","?","E","M","E","T","?","E","R","E","M","R","BOSS","M","$","M","M","$","E","R","E","T","E","M","?","E","?","R","BOSS","M","$","M","?","M","R","E","R","T","M","M","M","E","?","R","BOSS","R","$","E","BOSS"],"items_purchased_type":["Relic","Relic","Card","Relic","Relic","Relic","Relic","Relic","Relic","Relic","Card","Relic","Relic","Relic"],"build_version":"2020-12-22","purchased_purges":6,"victory":true,"max_hp_per_floor":[89,89,89,89,89,89,89,89,89,89,99,99,99,104,104,104,104,104,104,104,104,104,104,104,104,104,104,104,104,104,104,104,104,104,104,104,104,109,109,109,109,109,109,109,109,109,233,233,233,233,233,233,233,233,233,233],"card_choices":[{"not_picked":["WillOfThePrescript","KeepItFresh","CombatPreparation","FrontalAssault","PinpointShot","BlindFaith","Rampage_lor","Reload","CoordinatedAssault"],"picked":"SKIP","floor":1.0},{"not_picked":["Diversion","Pound","ViolentFlame","GreatSerpentsImpact","EndlessBattle","GuidanceOfTheGears","CoordinatedAssault","SinglePointStab","Multislash","TraceOfFumes","HighKick"],"picked":"SKIP","floor":2.0},{"not_picked":["PinpointShot","Faith","AsThePrescriptOrders","ToOvercomeCrisis","Execute_lor","InnerArdor","StrikeDown","DeepDrag","GuardingStance","PreemptiveStrike"],"picked":"NonstopAssault","floor":4.0},{"not_picked":["BiXi","EndlessBattle","FierceCharge","Leap_lor","FervidEmotions","Reload","SpearedSweep","BlindFaith","StrongStrike","ViolentFlame"],"picked":"Lock+1","floor":5.0},{"not_picked":["HighKick","RapidGashes","BlowItUp","StrikeDown","PinpointShot","FrontalAssault","SharpSwipe","NightInTheBackstreets","PuppetBlockade","StrongStrike","SinglePointStab"],"picked":"SKIP","floor":6.0},{"not_picked":["ExtractFuel","DarkCloud","EnergyCycle","FierceCharge","Preparation","FrontalAssault","NightInTheBackstreets","ProselytesBlade","FleetFootsteps","BlindFaith","Eradication+1"],"picked":"SKIP","floor":7.0},{"not_picked":["Wallop_lor","MirageStorm+1","WaitUp","OminousPower","EndlessBattle","DefenseOrder","Execute_lor","HandleRequest","SwordOfVolition","Concentration"],"picked":"CleanUp+1","floor":8.0},{"not_picked":["HighKick","SerpentineBarrier","QuickAttack","GuardingStance","BindingArms","MindPrepared","SmokingPipe","Ripple","Eradication+1","Preparation"],"picked":"TheWillOfTheCity","floor":11.0},{"not_picked":["Thrust","Unlock1","Parry","DeepDrag","SilentMist","GrazeTheGrass","RatsGuideToSurvival","SkitterAway","OminousPower","PuppetBlockade"],"picked":"Parry2","floor":13.0},{"not_picked":["Pound","Leap_lor","SnakesPrey","FeatherShield","HiddenBlade","EnergyCycle","Parry","PinpointShot","Outburst","MultiHit"],"picked":"RulesOfTheBackstreets","floor":14.0},{"not_picked":["TieShanKao+1","RepressedFlesh+1","RipSpace+1","Commandeering+1"],"picked":"CrackOfDawn+1","floor":16.0},{"not_picked":["EndlessBattle+1","ShrineToMusic","SharpSwipe","SunsetBlade+1","Parry+1","OminousPower","Creak","SummaryJudgment","TraceOfFumes","MindCrush+1","AsThePrescriptOrders"],"picked":"SKIP","floor":18.0},{"not_picked":["MultiBlock+1","NightInTheBackstreets","Gamble+1","Laceration","HiddenBlade","Diversion","SharpSwipe","PinpointShot+1","BlindFaith","StayCalm","DarkCloud"],"picked":"SKIP","floor":20.0},{"not_picked":["CircusKnives+1","OminousPower","TieShanKao+1","DimensionalRift+1","ReadyUp+1","Overpower+1","Wallop_lor+1","HandleRequest","DriedUp","FlashingStrike","MindWhip"],"picked":"SKIP","floor":21.0},{"not_picked":["SomberProcuration","SharpSwipe","ForTheFamily","Parry2","ClassAndRespect","PinpointShot","Thirst","Quickness","Transpierce+1","Pound"],"picked":"Slice_lor","floor":23.0},{"not_picked":["CumulusWall","HandleRequest+1","SunsetBlade","SmokingPipe","Parry2+1","Tailoring","Pound","Wallop_lor","ViolentFlame","ToOvercomeCrisis"],"picked":"ChopItOff","floor":25.0},{"not_picked":["EnergyShield+1","Parry2","UpbeatPerformance+1","BiAn+1","Riposte","FierceCharge+1","SmokingPipe+1","Brawl","CircusKnives","GreatSerpentsImpact"],"picked":"CleanUp+1","floor":27.0},{"not_picked":["BindingArms","BlindFaith+1","Feast+1","HandleRequest","GuidanceOfTheGears+1","EndlessBattle","QuickSuppression","Standoff","ViolentFlame+1","ToOvercomeCrisis+1","Multislash"],"picked":"SKIP","floor":28.0},{"not_picked":["Overpower","Track","WillOfThePrescript+1","InkOver","QuickAttack","FlamingDragonFist+1","Collision","BlindFaith+1","Pound+1","Reload+1"],"picked":"LeRegole+1","floor":30.0},{"not_picked":["RagingStormLove+1","ChargeUp+1","FlamingDragonFist+1","Disposal+1"],"picked":"Castigation+1","floor":33.0},{"not_picked":["StructuralAnalysis+1","Wallop_lor","Gigigig","Rewind+1","Zzzzzap+1","WaitUp+1","HighKick+1","CookingPrep+1","Thrust+1","GreatSerpentsImpact+1"],"picked":"BoundaryOfDeath+1","floor":35},{"not_picked":["GrazeTheGrass","SetFire","SmokingPipe+1","Laceration","BiAn+1","FleetEdge+1","WildCard+1","Leap_lor","Suppress+1","SpearedSweep"],"picked":"TheWillOfTheCity+1","floor":37},{"not_picked":["CoordinatedAssault+1","Leap_lor","TraceOfFumes+1","FleetEdge","StrongStrike+1","LawAndOrder+1","PuppetBlockade+1","VioletBlade+1","Slice_lor+1","FieryWaltz","DefenseOrder+1"],"picked":"SKIP","floor":39},{"not_picked":["Outburst","BoundaryOfDeath+1","InhaleSmoke+1","SearingSword","SenseQuarry+1","RulesOfTheBackstreets+1","YourShield+1","ForcefulGesture+1","QuickSuppression","FleetEdge+1","Concentration+1"],"picked":"SKIP","floor":41},{"not_picked":["UncannyStrike+1","Retaliate","UnavoidableGaze+1","StructuralAnalysis+1","FlashOfSunup+1","HiddenBlade","Laceration","EnergyCycle","Rewind+1","BiAn+1","HighKick"],"picked":"SKIP","floor":44},{"not_picked":["CookingPrep+1","QuickSuppression","WillOfThePrescript+1","GreatSerpentsImpact","DesperateStruggle+1","BiteOff","Parry2","SmokingPipe+1","ExtremeEdge","ClassAndRespect+1","BiAn+1"],"picked":"SKIP","floor":45},{"not_picked":["GrazeTheGrass+1","DesperateStruggle+1","Crush+1","ICanCookAnything","SharpSwipe","FieryDragonSlash","YoureAHindrance","ClassAndRespect","Bvapour","EnergyCycle","EndlessBattle"],"picked":"SKIP","floor":46},{"not_picked":["BindingArms+1","HandleRequest+1","ChargeUp+1","InkOver+1","Diversion+1","WillProduceFineSilk+1","FendThisOffIfYouCan","Faith+1","SummaryJudgment","Brawl"],"picked":"TheRedNotes+1","floor":47},{"not_picked":["SpearedSweep+1","FlashOfSunup","FieryDragonSlash+1","FleetEdge+1","FlyingSword","AsThePrescriptOrders+1","GrazeTheGrass+1","GutHarvesting+1","StructuralAnalysis+1","EnergyCycle+1","FierceCharge+1"],"picked":"SKIP","floor":55}],"player_experience":897397,"relics_obtained":[{"floor":1.0,"key":"SynthV:TestCard"},{"floor":6.0,"key":"PageOfForsakenMurderer"},{"floor":8.0,"key":"Kunai"},{"floor":11.0,"key":"Pear"},{"floor":13.0,"key":"Shovel"},{"floor":23.0,"key":"Shuriken"},{"floor":24.0,"key":"DianPoetry"},{"floor":25.0,"key":"ImprovedEquipment"},{"floor":26.0,"key":"Toxic Egg 2"},{"floor":27.0,"key":"PageOfQueenBee"},{"floor":30.0,"key":"Vajra"},{"floor":32.0,"key":"Potion Belt"},{"floor":38,"key":"Pocketwatch"},{"floor":41,"key":"PageOfDeadButterflies"},{"floor":42,"key":"Ginger"},{"floor":43,"key":"Bottled Flame"},{"floor":47,"key":"CeramicFish"},{"floor":49,"key":"TungstenRod"},{"floor":53,"key":"StrikeDummy"},{"floor":55,"key":"Blue Candle"}],"event_choices":[{"cards_removed":["LightDefense"],"damage_healed":0.0,"max_hp_gain":0.0,"max_hp_loss":0.0,"gold_gain":0.0,"event_name":"The Cleric","player_choice":"Card Removal","floor":10.0,"gold_loss":50.0,"damage_taken":0.0},{"damage_healed":0.0,"max_hp_gain":0.0,"max_hp_loss":0.0,"gold_gain":0.0,"event_name":"The Mausoleum","player_choice":"Opened","floor":29.0,"gold_loss":0.0,"damage_taken":0.0,"relics_obtained":["Anchor"],"cards_obtained":["Writhe"]},{"damage_healed":0.0,"max_hp_gain":0.0,"max_hp_loss":0.0,"gold_gain":100.0,"event_name":"The Joust","player_choice":"Bet on Murderer","floor":31.0,"gold_loss":50.0,"damage_taken":0.0},{"damage_healed":0,"gold_gain":0,"player_choice":"Fight","damage_taken":0,"max_hp_gain":0,"max_hp_loss":0,"event_name":"MindBloom","floor":38,"gold_loss":0},{"cards_removed":["LightAttack"],"damage_healed":0,"gold_gain":0,"player_choice":"Purged","damage_taken":0,"max_hp_gain":0,"max_hp_loss":0,"event_name":"Purifier","floor":48,"gold_loss":0}],"is_beta":false,"boss_relics":[{"not_picked":["FeatherPendant","Astrolabe"],"picked":"Fusion Hammer"},{"not_picked":["SacredBark","SlaversCollar"],"picked":"Coffee Dripper"}],"items_purged_floors":[3,19,22,36,40,54],"is_endless":false,"potions_floor_spawned":[2,5,7,14,18,23,25,33,35,39,46],"ascension_level":3}}