{"host":"gqhy17d1xpb1p3ki","time":1614394384,"event":{"mods":["2.2 Compatiblity","AchievementEnabler","BaseMod","Bestiary","BetterRewards","Colored Map","Colored Powertips","Conspire","Curses Come First","Custom Start","DeckTracker","Downfall","Duelist Mod","Hermit","Highlight Path","Hubris","Infinite Spire","Marisa????????","Minty Spire (QoL Compilation)","Quick Restart","Rare Cards Sparkle","Relic Stats","Remilia??????","Replay The Spire","Robot Space Explorer","Shop Mod","StSLib","Td1madao Mod","The Animator","The Bug Knight","The Cursed","The Disciple","The Hierophant","The Jungle","The Marked","The Mystic","The Necromancer","The Runesmith","The Senshi","The Servant 0.9.4","The Witch","TheBandit","WarShipGirlsR/????R mod","Yuri Mod","ojb\u0027s Info Mod"],"gold_per_floor":[113,288,303,46,46,63,63,80,80,115,115,145,145,181,181,298,298,335,365,365,365,365,414,414,466,466],"floor_reached":25,"language":"ENG","playtime":1500,"items_purged":["yuri:yuriStrike","Doubt"],"score":346,"play_id":"3b497056-f4b6-4f1f-8cb9-823693264d7b","local_time":"20210226215304","is_ascension_mode":false,"campfire_choices":[{"data":"yuri:GlitchedStrike","floor":7,"key":"SMITH"},{"data":"yuri:ThrowBook","floor":11,"key":"SMITH"},{"data":"yuri:yuriQuickStrike","floor":13,"key":"SMITH"},{"data":"yuri:Suicide","floor":15,"key":"SMITH"},{"data":"yuri:MagneticKnives","floor":24,"key":"SMITH"}],"circlet_count":0,"master_deck":["yuri:yuriStrike","yuri:yuriStrike","yuri:yuriStrike","yuri:yuriStrike","yuri:yuriDefend","yuri:yuriDefend","yuri:yuriDefend","yuri:yuriDefend","yuri:Oolong","yuri:yuriStab","yuri:UnstableStrike+1","yuri:BookRed+1","yuri:ThrowingKnives","yuri:BookBlue","yuri:GlitchedStrike+1","yuri:TPose","yuri:yuriQuickStrike+1","yuri:ThrowBook+1","yuri:yuriQuickStrike","yuri:MagneticKnives+1","yuri:InduceGlitch+1","yuri:HeavierStrike+1","Envy_TH","Necronomicurse","yuri:MultiDip"],"relics":["yuri:BloodyKnife","Lizard Tail","Guide Book","Replay:Ringing Soul","Replay:Bandana","Replay:Grab Bag","Coffee Dripper","conspire:SeveredTorchhead","hubris:HollowSoul","Necronomicon","hubris:Teleporter","hubris:Backtick","theDuelist:AknamkanonsEssence","Lantern"],"acts_visited":["Exordium","TheCity"],"potions_floor_usage":[],"damage_taken":[{"damage":0,"enemies":"Jaw Worm","floor":1,"turns":3},{"damage":6,"enemies":"conspire:RoseBush","floor":3,"turns":2},{"damage":2,"enemies":"infinitespire:Voidling","floor":6,"turns":3},{"damage":4,"enemies":"Red Slaver","floor":8,"turns":4},{"damage":10,"enemies":"Lagavulin","floor":10,"turns":4},{"damage":10,"enemies":"2 Fungi Beasts","floor":12,"turns":3},{"damage":5,"enemies":"Large Slime","floor":14,"turns":4},{"damage":1070,"enemies":"Hexaghost","floor":16,"turns":9},{"damage":2,"enemies":"Chosen","floor":18,"turns":3},{"damage":10,"enemies":"conspire:HollyBat","floor":19,"turns":7},{"damage":15,"enemies":"conspire:SneckoGhost","floor":23,"turns":6},{"damage":23,"enemies":"Gremlin Leader","floor":25,"turns":2}],"seed_played":"4320291208043999923","potions_obtained":[{"floor":1,"key":"Ancient Potion"},{"floor":8,"key":"SpeedPotion"},{"floor":12,"key":"EssenceOfSteel"}],"is_trial":false,"path_per_floor":["M","?","M","$","?","M","R","M","T","E","R","M","R","M","R","B",null,"M","M","?","?","AVR","E","R","E"],"character_chosen":"YURI","items_purchased":["yuri:UnstableStrike","yuri:BookRed","Guide Book"],"campfire_rested":0,"item_purchase_floors":[0,0,4],"current_hp_per_floor":[80,80,76,76,76,78,78,79,79,76,76,75,75,80,80,48,92,95,92,95,82,82,76,76,0,0],"gold":466,"neow_bonus":"","is_daily":false,"chose_seed":false,"campfire_upgraded":5,"win_rate":0.0,"timestamp":1614394384,"path_taken":["M","?","M","$","?","M","R","M","T","E","R","?","R","M","R","BOSS","M","M","?","?","AVR","E","R","E"],"items_purchased_type":["Card","Card","Relic"],"build_version":"2020-12-22","purchased_purges":2,"victory":false,"max_hp_per_floor":[80,80,80,80,80,80,80,80,80,83,83,86,86,89,89,92,92,95,98,101,104,104,107,107,107,107],"relic_stats":{"Lizard Tail":44,"counters":[70,319],"Necronomicon":[6],"obtain_stats":[{"hubris:BallOfYels":88,"Golden Egg":0,"theDuelist:MerchantRugbox":88,"Whetstone":88,"theDuelist:MillenniumPuzzle":88,"theDuelist:TrapVortex":88,"sneckomod:SuperSneckoSoul":88,"Replay:Ringing Soul":9,"infinitespire:ShieldingShard":88,"yuri:PortraitOfMarkov":88,"infinitespire:Golems Mask":54,"Fusion Hammer":27,"Necronomicon":21,"Kunai":60,"HollowMod:PaleOreRelic":66,"hubris:RGBLights":88,"MerchantsRug":48,"Pear":13,"rmod:mogul":34,"Blue Candle":59,"Counterbalance":0,"hubris:SphereOfDissonance":40,"Velvet Choker":36,"Slimebound:TarBlob":88,"Cables":88,"animator:ExquisiteBloodVial":88,"hubris:BottledHeart":28,"MysterySword":88,"Pandora\u0027s Box":68,"conspire:BottledYoYo":76,"Lantern":15,"animator:ShionDessert":88,"Torii":14,"downfall:NeowBlessing_Player":88,"hierophant:PropheticMaskRelic":88,"SproutingBranch":88,"Cursed Key":88,"theMarked:KettuFlask":88,"RomanBracelet":88,"Shovel":9,"hubris:Backtick":22,"AntiCross":42,"Chemical X":71,"downfall:ExtraCursedBell":87,"hubris:ChampionShield":88,"InkBottle":43,"Golden Idol":7,"Omamori":58,"hubris:Towel":90,"Nuclear Battery":88,"theDuelist:CardPoolBasicRelic":88,"Turnip":0,"Art of War":49,"Ice Cream":88,"theJungle:Creamberry":73,"theDuelist:BoosterBetterBoostersRelic":88,"hubris:TerracottaHorce":17,"Sozu":85,"conspire:SeveredTorchhead":17,"Centennial Puzzle":25,"Lizard Tail":0,"infinitespire:SolderingIron":88,"HornCleat":12,"Strawberry":26,"Prayer Wheel":45,"hubris:Teleporter":22,"hubris:SoftwareUpdate":88,"Dead Branch":27,"Replay:Grab Bag":17,"Oddly Smooth Stone":64,"yuri:BloodyKnife":16,"conspire:SlowCooker":17,"animator:TheEruzaStone":88,"Charon\u0027s Ashes":88,"hubris:HollowSoul":17,"Letter Opener":80,"Shuriken":77,"hubris:PeanutButter":48,"Molten Egg 2":28,"rmod:firstchargereward":0,"Nloth\u0027s Gift":21,"hubris:ToyBattleship":88,"Grinning Jar":7,"theSenshi:CosmicHeartCompactRelic":88,"Pocketwatch":41,"Meat on the Bone":9,"Mango":48,"conspire:SpecialSausage":51,"Dream Catcher":44,"Nunchaku":83,"theDuelist:BoosterPackPoolRelic":88,"Replay:Bandana":10,"infinitespire:MutagenicDexterity":88,"infinitespire:Chaos":88,"hubris:DisguiseKit":74,"BargainBundle":20,"infinitespire:CursedDice":0,"Guide Book":4,"infinitespire:EmptyRelic":88,"TheCursedMod:PinkPellets":88,"RobotSpaceExplorer:RoboCore":88,"White Beast Statue":57,"Anchor":78,"theDuelist:AknamkanonsEssence":22,"infinitespire:Satchel":87,"sneckomod:SleevedAce":88,"hubris:BundleOfHerbs":32,"Coffee Dripper":17,"Membership Card":0,"yuri:PortableGlitches":87},{"hubris:BallOfYels":39,"Golden Egg":42,"theDuelist:MerchantRugbox":39,"Whetstone":39,"theDuelist:MillenniumPuzzle":39,"theDuelist:TrapVortex":39,"sneckomod:SuperSneckoSoul":39,"Replay:Ringing Soul":62,"infinitespire:ShieldingShard":39,"yuri:PortraitOfMarkov":39,"infinitespire:Golems Mask":25,"Fusion Hammer":11,"Necronomicon":68,"Kunai":28,"HollowMod:PaleOreRelic":30,"hubris:RGBLights":39,"MerchantsRug":22,"Pear":5,"rmod:mogul":14,"Blue Candle":28,"Counterbalance":42,"hubris:SphereOfDissonance":19,"Velvet Choker":57,"Slimebound:TarBlob":39,"Cables":39,"animator:ExquisiteBloodVial":39,"hubris:BottledHeart":11,"MysterySword":39,"Pandora\u0027s Box":31,"conspire:BottledYoYo":35,"Lantern":6,"animator:ShionDessert":39,"Torii":6,"downfall:NeowBlessing_Player":39,"hierophant:PropheticMaskRelic":39,"SproutingBranch":39,"Cursed Key":39,"theMarked:KettuFlask":39,"RomanBracelet":39,"Shovel":4,"hubris:Backtick":68,"AntiCross":19,"Chemical X":33,"downfall:ExtraCursedBell":39,"hubris:ChampionShield":39,"InkBottle":19,"Golden Idol":4,"Omamori":27,"hubris:Towel":40,"Nuclear Battery":39,"theDuelist:CardPoolBasicRelic":39,"Turnip":41,"Art of War":22,"Ice Cream":39,"theJungle:Creamberry":34,"theDuelist:BoosterBetterBoostersRelic":39,"hubris:TerracottaHorce":49,"Sozu":38,"conspire:SeveredTorchhead":66,"Centennial Puzzle":11,"Lizard Tail":58,"infinitespire:SolderingIron":39,"HornCleat":48,"Strawberry":11,"Prayer Wheel":20,"hubris:Teleporter":68,"hubris:SoftwareUpdate":39,"Dead Branch":11,"Replay:Grab Bag":66,"Oddly Smooth Stone":29,"yuri:BloodyKnife":66,"conspire:SlowCooker":7,"animator:TheEruzaStone":39,"Charon\u0027s Ashes":39,"hubris:HollowSoul":66,"Letter Opener":35,"Shuriken":35,"hubris:PeanutButter":22,"Molten Egg 2":53,"rmod:firstchargereward":0,"Nloth\u0027s Gift":9,"hubris:ToyBattleship":39,"Grinning Jar":46,"theSenshi:CosmicHeartCompactRelic":39,"Pocketwatch":19,"Meat on the Bone":46,"Mango":22,"conspire:SpecialSausage":23,"Dream Catcher":19,"Nunchaku":37,"theDuelist:BoosterPackPoolRelic":39,"Replay:Bandana":63,"infinitespire:MutagenicDexterity":39,"infinitespire:Chaos":39,"hubris:DisguiseKit":34,"BargainBundle":51,"infinitespire:CursedDice":0,"Guide Book":60,"infinitespire:EmptyRelic":39,"TheCursedMod:PinkPellets":39,"RobotSpaceExplorer:RoboCore":39,"White Beast Statue":27,"Anchor":35,"theDuelist:AknamkanonsEssence":68,"infinitespire:Satchel":39,"sneckomod:SleevedAce":39,"hubris:BundleOfHerbs":13,"Coffee Dripper":66,"Membership Card":41,"yuri:PortableGlitches":39},{"hubris:BallOfYels":173,"Golden Egg":182,"theDuelist:MerchantRugbox":173,"Whetstone":173,"theDuelist:MillenniumPuzzle":173,"theDuelist:TrapVortex":173,"sneckomod:SuperSneckoSoul":173,"Replay:Ringing Soul":276,"infinitespire:ShieldingShard":173,"yuri:PortraitOfMarkov":173,"infinitespire:Golems Mask":135,"Fusion Hammer":58,"Necronomicon":306,"Kunai":143,"HollowMod:PaleOreRelic":146,"hubris:RGBLights":173,"MerchantsRug":122,"Pear":18,"rmod:mogul":80,"Blue Candle":143,"Counterbalance":182,"hubris:SphereOfDissonance":107,"Velvet Choker":257,"Slimebound:TarBlob":173,"Cables":173,"animator:ExquisiteBloodVial":173,"hubris:BottledHeart":58,"MysterySword":173,"Pandora\u0027s Box":150,"conspire:BottledYoYo":161,"Lantern":24,"animator:ShionDessert":173,"Torii":24,"downfall:NeowBlessing_Player":173,"hierophant:PropheticMaskRelic":173,"SproutingBranch":173,"Cursed Key":173,"theMarked:KettuFlask":173,"RomanBracelet":173,"Shovel":13,"hubris:Backtick":306,"AntiCross":107,"Chemical X":155,"downfall:ExtraCursedBell":173,"hubris:ChampionShield":173,"InkBottle":107,"Golden Idol":13,"Omamori":140,"hubris:Towel":176,"Nuclear Battery":173,"theDuelist:CardPoolBasicRelic":173,"Turnip":179,"Art of War":122,"Ice Cream":173,"theJungle:Creamberry":159,"theDuelist:BoosterBetterBoostersRelic":173,"hubris:TerracottaHorce":216,"Sozu":170,"conspire:SeveredTorchhead":296,"Centennial Puzzle":58,"Lizard Tail":264,"infinitespire:SolderingIron":173,"HornCleat":205,"Strawberry":58,"Prayer Wheel":113,"hubris:Teleporter":306,"hubris:SoftwareUpdate":173,"Dead Branch":58,"Replay:Grab Bag":296,"Oddly Smooth Stone":145,"yuri:BloodyKnife":290,"conspire:SlowCooker":31,"animator:TheEruzaStone":173,"Charon\u0027s Ashes":173,"hubris:HollowSoul":296,"Letter Opener":161,"Shuriken":161,"hubris:PeanutButter":122,"Molten Egg 2":231,"rmod:firstchargereward":0,"Nloth\u0027s Gift":42,"hubris:ToyBattleship":173,"Grinning Jar":200,"theSenshi:CosmicHeartCompactRelic":173,"Pocketwatch":107,"Meat on the Bone":200,"Mango":122,"conspire:SpecialSausage":130,"Dream Catcher":107,"Nunchaku":165,"theDuelist:BoosterPackPoolRelic":173,"Replay:Bandana":280,"infinitespire:MutagenicDexterity":173,"infinitespire:Chaos":173,"hubris:DisguiseKit":159,"BargainBundle":222,"infinitespire:CursedDice":0,"Guide Book":269,"infinitespire:EmptyRelic":173,"TheCursedMod:PinkPellets":173,"RobotSpaceExplorer:RoboCore":173,"White Beast Statue":140,"Anchor":161,"theDuelist:AknamkanonsEssence":306,"infinitespire:Satchel":173,"sneckomod:SleevedAce":173,"hubris:BundleOfHerbs":71,"Coffee Dripper":296,"Membership Card":179,"yuri:PortableGlitches":173}]},"card_choices":[{"not_picked":["yuri:BookBlue","yuri:yuriQuickStrike"],"picked":"yuri:ThrowingKnives","floor":1},{"not_picked":["yuri:RecklessStrike","yuri:ReloadGame"],"picked":"yuri:BookBlue","floor":3},{"not_picked":["yuri:InsanityDefense","yuri:BookBlue"],"picked":"yuri:TPose","floor":6},{"not_picked":["yuri:Spin","yuri:ThrowingKnives"],"picked":"yuri:yuriQuickStrike","floor":8},{"not_picked":["yuri:ChibiInvasion","yuri:RepairCode"],"picked":"yuri:ThrowBook","floor":10},{"not_picked":["yuri:MultiDip","yuri:HeavierStrike"],"picked":"yuri:yuriQuickStrike","floor":12},{"not_picked":["yuri:ThrowBook","yuri:Skip"],"picked":"yuri:Suicide","floor":14},{"not_picked":["yuri:ConsumeGlitch","yuri:GhostForm"],"picked":"yuri:MagneticKnives","floor":16},{"not_picked":["yuri:TPose","yuri:Spin"],"picked":"yuri:InduceGlitch+1","floor":18},{"not_picked":["yuri:ThrowBook","yuri:BookRed"],"picked":"yuri:HeavierStrike+1","floor":19},{"not_picked":["yuri:Spin+1","yuri:TPose"],"picked":"yuri:MultiDip","floor":23}],"player_experience":514363,"relics_obtained":[{"floor":9,"key":"Replay:Ringing Soul"},{"floor":10,"key":"Replay:Bandana"},{"floor":21,"key":"Necronomicon"},{"floor":23,"key":"Lantern"}],"event_choices":[{"damage_healed":0,"gold_gain":175,"player_choice":"AGREE","damage_taken":0,"max_hp_gain":0,"max_hp_loss":0,"event_name":"Liars Game","floor":2,"gold_loss":0,"cards_obtained":["Doubt"]},{"damage_healed":0,"gold_gain":0,"player_choice":"2 cards matched","damage_taken":0,"max_hp_gain":0,"max_hp_loss":0,"event_name":"Match and Keep!","floor":5,"gold_loss":0,"cards_obtained":["conspire:Blindness","yuri:GlitchedStrike"]},{"damage_healed":0,"gold_gain":0,"player_choice":"Obtained Book","damage_taken":16,"max_hp_gain":0,"max_hp_loss":0,"event_name":"Cursed Tome","floor":21,"gold_loss":0}],"is_beta":false,"boss_relics":[{"not_picked":["Astrolabe","Busted Crown"],"picked":"Replay:Grab Bag"},{"not_picked":["conspire:RoyalGoblet","Runesmith:UraniumAnvil"],"picked":"Coffee Dripper"},{"not_picked":["Fusion Hammer","Replay:Bronze Core"],"picked":"conspire:SeveredTorchhead"},{"not_picked":["Runic Pyramid","Snecko Eye"],"picked":"hubris:HollowSoul"}],"items_purged_floors":[0,4],"is_endless":false,"potions_floor_spawned":[1,8,12,14,23],"killed_by":"Gremlin Leader","ascension_level":0}}