{"host":"4udtejx3ummmwg8f","time":1614424482,"event":{"mods":["BaseMod","Minty Spire (QoL Compilation)"],"gold_per_floor":[115,127,143,154,54,54,70,101,126,157,157,177,177,187,187,292,292,307,325,336,336,246,246,277,277,277,311,271,126,159,175,175,279,279,297,218,230,230,230,259,259,278,278,309,48,63,63,78,78,173,173,187,199,209,220,239,239,63,89,89,116,132,82,82,110,110,210,210,230,249,262,278,296,330,330,346,378,395,428,442,460,487,487,584,584,597,118,118,165,182,182,213,223,270,282,320,349,372,24,24,120,120,132,149,165,5,24,24,59,59,94,94,169,195,195,211,211,315,315,329,344,354,374,385,385,411,411,440,440,474,199,225,103,103,202,202,217,231,247,247,257,285,285,312,346,346,346,366,393,424,424,529,529,546,561,578,596,59,59,59,59],"floor_reached":160,"language":"ENG","playtime":16121,"items_purged":[],"score":5114,"play_id":"83ac5ba0-5a96-4041-871d-47563417e747","local_time":"20210227214442","daily_mods":["SealedDeck","Vintage"],"is_ascension_mode":true,"campfire_choices":[{"data":"Flying Knee","floor":6.0,"key":"SMITH"},{"data":"Accuracy","floor":13.0,"key":"SMITH"},{"floor":15.0,"key":"REST"},{"data":"RitualDagger","floor":23.0,"key":"SMITH"},{"data":"Dodge and Roll","floor":25.0,"key":"SMITH"},{"data":"Endless Agony","floor":32.0,"key":"SMITH"},{"data":"Outmaneuver","floor":41.0,"key":"SMITH"},{"data":"Doubt","floor":47.0,"key":"PURGE"},{"data":"Backstab","floor":49.0,"key":"SMITH"},{"data":"Bouncing Flask","floor":57.0,"key":"SMITH"},{"floor":64.0,"key":"REST"},{"floor":66.0,"key":"REST"},{"floor":83.0,"key":"REST"},{"floor":91.0,"key":"REST"},{"floor":95.0,"key":"REST"},{"floor":100.0,"key":"REST"},{"floor":108,"key":"REST"},{"floor":110,"key":"REST"},{"floor":112,"key":"REST"},{"floor":117,"key":"REST"},{"floor":125,"key":"REST"},{"floor":127,"key":"REST"},{"floor":129,"key":"REST"},{"floor":134,"key":"REST"},{"data":"1","floor":143,"key":"LIFT"},{"data":"2","floor":146,"key":"LIFT"},{"data":"3","floor":151,"key":"LIFT"},{"data":"Infinite Blades+1","floor":159,"key":"PURGE"}],"circlet_count":0,"master_deck":["Leg Sweep+1","Noxious Fumes","Flying Knee+1","Outmaneuver+1","Bouncing Flask+1","Backflip+1","Backstab+1","Infinite Blades+1","Accuracy+1","Dodge and Roll+1","Sucker Punch","Blade Dance+1","Venomology+1","RitualDagger+1","Dodge and Roll+1","Backflip+1","Distraction+1","Endless Agony+1","PiercingWail+1","Dark Shackles+1","Backflip+1","Burst+1","Infinite Blades+1","Wraith Form v2+1","Deflect+1","Deadly Poison+1","Apotheosis+1","Accuracy+1","Corpse Explosion+1","Reflex+1","Glass Knife+1","Panache+1","Accuracy+1","Dagger Spray","Acrobatics+1","Acrobatics+1","Tools of the Trade+1","Calculated Gamble+1","Crippling Poison+1","Accuracy+1","Terror+1","Flechettes+1","Storm of Steel+1","Flash of Steel","Magnetism+1","Discovery+1","Blade Dance+1","Dodge and Roll+1","Backflip+1","Quick Slash+1","Underhanded Strike+1","PiercingWail+1","Wraith Form v2+1","Dodge and Roll+1","Acrobatics+1","Backflip+1","Noxious Fumes+1","Accuracy+1","Footwork+1","A Thousand Cuts+1","Glass Knife+1","Accuracy+1","Night Terror+1"],"relics":["Ring of the Snake","Frozen Egg 2","Pen Nib","Orichalcum","Bottled Flame","Ninja Scroll","Paper Crane","PreservedInsect","Torii","Toxic Egg 2","Regal Pillow","HoveringKite","Happy Flower","Lantern","Vajra","Kunai","Dream Catcher","Strawberry","Mercury Hourglass","Bag of Preparation","Cursed Key","Sundial","Bird Faced Urn","White Beast Statue","Mummified Hand","Peace Pipe","Pantograph","Mango","Centennial Puzzle","Astrolabe","Art of War","HornCleat","Bottled Lightning","Blue Candle","Smiling Mask","StrikeDummy","Snake Skull","Philosopher\u0027s Stone","Matryoshka","War Paint","Gremlin Horn","Boot","Eternal Feather","The Courier","Bottled Tornado","Toy Ornithopter","Darkstone Periapt","Fusion Hammer","Ornamental Fan","Strange Spoon","Bronze Scales","Thread and Needle","Ice Cream","Pear","MawBank","Tiny Chest","Meat on the Bone","Frozen Eye","Unceasing Top","SacredBark","Bag of Marbles","Oddly Smooth Stone","Nunchaku","InkBottle","Ancient Tea Set","Singing Bowl","Snecko Eye","Letter Opener","MealTicket","Anchor","Molten Egg 2","Dead Branch","Akabeko","Sling","WristBlade","Omamori","Du-Vu Doll","Girya","Whetstone","Tingsha","Calling Bell","Potion Belt","Lizard Tail","Prayer Wheel","Shuriken","Blood Vial","CeramicFish","Turnip","Membership Card","TungstenRod","Juzu Bracelet","Incense Burner","CaptainsWheel"],"acts_visited":["Exordium","TheCity","TheBeyond","Exordium","TheCity","TheBeyond","TheCity","TheBeyond","Exordium"],"potions_floor_usage":[106,106,118,118,120,122,123,130,131,131,135,145,150,150,152,156,160],"damage_taken":[{"damage":0.0,"enemies":"Small Slimes","floor":1.0,"turns":2.0},{"damage":0.0,"enemies":"Cultist","floor":2.0,"turns":3.0},{"damage":0.0,"enemies":"Jaw Worm","floor":3.0,"turns":4.0},{"damage":4.0,"enemies":"Lots of Slimes","floor":4.0,"turns":3.0},{"damage":7.0,"enemies":"Blue Slaver","floor":7.0,"turns":2.0},{"damage":4.0,"enemies":"3 Sentries","floor":8.0,"turns":4.0},{"damage":0.0,"enemies":"Gremlin Nob","floor":10.0,"turns":1.0},{"damage":0.0,"enemies":"Red Slaver","floor":12.0,"turns":1.0},{"damage":0.0,"enemies":"2 Fungi Beasts","floor":14.0,"turns":1.0},{"damage":0.0,"enemies":"Hexaghost","floor":16.0,"turns":8.0},{"damage":1.0,"enemies":"Chosen","floor":18.0,"turns":2.0},{"damage":0.0,"enemies":"2 Thieves","floor":19.0,"turns":2.0},{"damage":1.0,"enemies":"Centurion and Healer","floor":20.0,"turns":4.0},{"damage":0.0,"enemies":"Book of Stabbing","floor":24.0,"turns":1.0},{"damage":1.0,"enemies":"Slavers","floor":27.0,"turns":2.0},{"damage":0.0,"enemies":"Book of Stabbing","floor":30.0,"turns":4.0},{"damage":0.0,"enemies":"Cultist and Chosen","floor":31.0,"turns":3.0},{"damage":0.0,"enemies":"Automaton","floor":33.0,"turns":8.0},{"damage":3.0,"enemies":"3 Shapes","floor":35.0,"turns":2.0},{"damage":0.0,"enemies":"3 Darklings","floor":37.0,"turns":4.0},{"damage":0.0,"enemies":"Giant Head","floor":40.0,"turns":6.0},{"damage":1.0,"enemies":"Sphere and 2 Shapes","floor":42.0,"turns":4.0},{"damage":0.0,"enemies":"Reptomancer","floor":44.0,"turns":4.0},{"damage":1.0,"enemies":"Spire Growth","floor":46.0,"turns":3.0},{"damage":0.0,"enemies":"Transient","floor":48.0,"turns":5.0},{"damage":0.0,"enemies":"Awakened One","floor":50.0,"turns":7.0},{"damage":0.0,"enemies":"Cultist","floor":52.0,"turns":5.0},{"damage":0.0,"enemies":"Small Slimes","floor":53.0,"turns":1.0},{"damage":0.0,"enemies":"Jaw Worm","floor":54.0,"turns":1.0},{"damage":0.0,"enemies":"3 Louse","floor":55.0,"turns":2.0},{"damage":1.0,"enemies":"Gremlin Gang","floor":56.0,"turns":2.0},{"damage":0.0,"enemies":"3 Sentries","floor":59.0,"turns":2.0},{"damage":0.0,"enemies":"Gremlin Nob","floor":61.0,"turns":2.0},{"damage":0.0,"enemies":"Large Slime","floor":62.0,"turns":4.0},{"damage":0.0,"enemies":"Lagavulin","floor":65.0,"turns":2.0},{"damage":0.0,"enemies":"Hexaghost","floor":67.0,"turns":3.0},{"damage":0.0,"enemies":"Chosen","floor":69.0,"turns":2.0},{"damage":0.0,"enemies":"Spheric Guardian","floor":70.0,"turns":2.0},{"damage":12.0,"enemies":"Chosen and Byrds","floor":71.0,"turns":2.0},{"damage":10.0,"enemies":"Snake Plant","floor":72.0,"turns":2.0},{"damage":0.0,"enemies":"3 Cultists","floor":73.0,"turns":3.0},{"damage":9.0,"enemies":"Slavers","floor":74.0,"turns":2.0},{"damage":16.0,"enemies":"Centurion and Healer","floor":76.0,"turns":4.0},{"damage":20.0,"enemies":"Book of Stabbing","floor":77.0,"turns":2.0},{"damage":0.0,"enemies":"Sentry and Sphere","floor":78.0,"turns":2.0},{"damage":0.0,"enemies":"Gremlin Leader","floor":79.0,"turns":3.0},{"damage":0.0,"enemies":"3 Cultists","floor":80.0,"turns":3.0},{"damage":12.0,"enemies":"Cultist and Chosen","floor":81.0,"turns":2.0},{"damage":9.0,"enemies":"Slavers","floor":82.0,"turns":2.0},{"damage":1.0,"enemies":"Automaton","floor":84.0,"turns":4.0},{"damage":28.0,"enemies":"3 Darklings","floor":86.0,"turns":2.0},{"damage":44.0,"enemies":"2 Orb Walkers","floor":89.0,"turns":3.0},{"damage":0.0,"enemies":"3 Shapes","floor":90.0,"turns":2.0},{"damage":0.0,"enemies":"Reptomancer","floor":92.0,"turns":2.0},{"damage":0.0,"enemies":"Sphere and 2 Shapes","floor":93.0,"turns":3.0},{"damage":1.0,"enemies":"Giant Head","floor":94.0,"turns":2.0},{"damage":0.0,"enemies":"Reptomancer","floor":96.0,"turns":3.0},{"damage":0.0,"enemies":"Maw","floor":97.0,"turns":4.0},{"damage":25.0,"enemies":"Spire Growth","floor":98.0,"turns":2.0},{"damage":0.0,"enemies":"Awakened One","floor":101.0,"turns":5.0},{"damage":0,"enemies":"2 Louse","floor":103,"turns":1},{"damage":0,"enemies":"Cultist","floor":104,"turns":2},{"damage":0,"enemies":"Jaw Worm","floor":105,"turns":1},{"damage":0,"enemies":"Red Slaver","floor":107,"turns":1},{"damage":0,"enemies":"3 Sentries","floor":109,"turns":2},{"damage":0,"enemies":"Gremlin Nob","floor":111,"turns":2},{"damage":0,"enemies":"3 Sentries","floor":114,"turns":2},{"damage":0,"enemies":"Large Slime","floor":116,"turns":2},{"damage":3,"enemies":"The Guardian","floor":118,"turns":3},{"damage":0,"enemies":"2 Thieves","floor":120,"turns":2},{"damage":7,"enemies":"Chosen","floor":121,"turns":2},{"damage":0,"enemies":"Shelled Parasite and Fungi","floor":122,"turns":1},{"damage":0,"enemies":"Snecko","floor":123,"turns":2},{"damage":0,"enemies":"Centurion and Healer","floor":124,"turns":2},{"damage":0,"enemies":"Slavers","floor":126,"turns":2},{"damage":0,"enemies":"Gremlin Leader","floor":128,"turns":2},{"damage":0,"enemies":"Slavers","floor":130,"turns":2},{"damage":0,"enemies":"Book of Stabbing","floor":132,"turns":2},{"damage":0,"enemies":"Collector","floor":135,"turns":3},{"damage":0,"enemies":"Orb Walker","floor":137,"turns":1},{"damage":0,"enemies":"3 Darklings","floor":138,"turns":2},{"damage":1,"enemies":"Writhing Mass","floor":139,"turns":2},{"damage":0,"enemies":"Jaw Worm Horde","floor":141,"turns":2},{"damage":0,"enemies":"Nemesis","floor":142,"turns":2},{"damage":0,"enemies":"Reptomancer","floor":144,"turns":2},{"damage":0,"enemies":"Giant Head","floor":145,"turns":2},{"damage":10,"enemies":"4 Shapes","floor":148,"turns":2},{"damage":0,"enemies":"Reptomancer","floor":149,"turns":2},{"damage":0,"enemies":"Nemesis","floor":150,"turns":1},{"damage":0,"enemies":"Time Eater","floor":152,"turns":6},{"damage":111,"enemies":"2 Louse","floor":154,"turns":7},{"damage":17,"enemies":"Cultist","floor":155,"turns":4},{"damage":74,"enemies":"Small Slimes","floor":156,"turns":4},{"damage":72,"enemies":"Blue Slaver","floor":157,"turns":4},{"damage":85,"enemies":"Gremlin Nob","floor":160,"turns":5}],"seed_played":"950054875180427152","potions_obtained":[{"floor":3.0,"key":"Explosive Potion"},{"floor":4.0,"key":"Strength Potion"},{"floor":10.0,"key":"GamblersBrew"},{"floor":12.0,"key":"AttackPotion"},{"floor":14.0,"key":"PowerPotion"},{"floor":18.0,"key":"SpeedPotion"},{"floor":20.0,"key":"DistilledChaos"},{"floor":35.0,"key":"PowerPotion"},{"floor":37.0,"key":"Strength Potion"},{"floor":42.0,"key":"LiquidMemories"},{"floor":44.0,"key":"FairyPotion"},{"floor":50.0,"key":"PowerPotion"},{"floor":52.0,"key":"CultistPotion"},{"floor":55.0,"key":"LiquidMemories"},{"floor":62.0,"key":"DuplicationPotion"},{"floor":67.0,"key":"SkillPotion"},{"floor":69.0,"key":"Regen Potion"},{"floor":73.0,"key":"Strength Potion"},{"floor":76.0,"key":"AttackPotion"},{"floor":78.0,"key":"SteroidPotion"},{"floor":79.0,"key":"AttackPotion"},{"floor":84.0,"key":"EssenceOfSteel"},{"floor":86.0,"key":"Energy Potion"},{"floor":89.0,"key":"SteroidPotion"},{"floor":93.0,"key":"DistilledChaos"},{"floor":96.0,"key":"LiquidBronze"},{"floor":97.0,"key":"Swift Potion"},{"floor":98.0,"key":"Fruit Juice"},{"floor":101.0,"key":"Energy Potion"},{"floor":107,"key":"LiquidMemories"},{"floor":114,"key":"Strength Potion"},{"floor":118,"key":"DistilledChaos"},{"floor":122,"key":"ColorlessPotion"},{"floor":123,"key":"PowerPotion"},{"floor":126,"key":"LiquidMemories"},{"floor":132,"key":"CunningPotion"},{"floor":135,"key":"LiquidMemories"},{"floor":144,"key":"DuplicationPotion"},{"floor":145,"key":"SteroidPotion"},{"floor":150,"key":"EntropicBrew"},{"floor":154,"key":"Explosive Potion"},{"floor":155,"key":"DistilledChaos"},{"floor":156,"key":"Fruit Juice"},{"floor":157,"key":"FearPotion"}],"is_trial":true,"path_per_floor":["M","M","M","M","$","R","M","E","T","E","?","M","R","M","R","B",null,"M","M","M","?","$","R","E","R","T","E","?","$","E","M","R","B",null,"M","$","M","?","$","E","R","M","T","E","$","M","R","M","R","B",null,"M","M","M","M","M","R","$","E","T","E","M","?","R","E","R","B",null,"M","M","M","M","M","E","?","M","E","M","E","M","M","E","R","B",null,"M","$","?","?","M","R","E","M","E","R","E","M","M","$","R","B",null,"M","M","M","$","M","R","E","R","E","R","?","E","?","M","R","B",null,"M","M","M","M","M","R","E","R","E","R","E","$","E","$","R","B",null,"M","M","M","?","M","E","R","E","E","R","?","M","E","E","R","B",null,"M","M","M","M","$","R","E"],"character_chosen":"THE_SILENT","items_purchased":["Dodge and Roll","Quick Slash","Dodge and Roll+1","Backflip+1","PiercingWail+1","Dark Shackles+1","Infinite Blades+1","Apotheosis+1","Accuracy+1","Panache+1","Strange Spoon","Bronze Scales","Thread and Needle","Frozen Eye","Unceasing Top","Fruit Juice","Fruit Juice","Fruit Juice","Fruit Juice","Akabeko","Sling","Membership Card","TungstenRod","Juzu Bracelet","Incense Burner","CaptainsWheel"],"campfire_rested":15,"item_purchase_floors":[5,5,22,22,29,29,36,45,45,58,87,87,87,99,99,106,106,131,131,131,133,158,158,158,158,158],"current_hp_per_floor":[70,70,70,66,66,66,59,55,55,55,55,55,55,55,70,70,70,69,69,68,62,62,62,62,62,62,68,68,68,68,68,68,77,77,74,74,74,74,74,77,77,76,76,77,77,91,91,91,91,91,91,91,91,91,91,90,90,90,91,91,91,91,91,91,91,91,91,91,91,91,79,79,91,86,86,83,77,83,91,91,85,88,91,91,91,67,67,57,29,58,101,101,101,101,101,101,101,86,86,106,106,106,106,106,106,126,126,126,126,126,126,126,115,126,126,126,128,125,128,128,123,128,128,128,130,132,134,136,138,140,160,162,162,164,164,164,164,164,164,164,164,166,166,168,170,170,170,168,170,172,172,172,172,67,56,59,50,57,75,0,0],"gold":59,"neow_bonus":"","is_daily":false,"chose_seed":false,"campfire_upgraded":8,"win_rate":0.0,"timestamp":1614424482,"path_taken":["M","M","M","M","$","R","M","E","T","E","?","M","R","M","R","BOSS","M","M","M","?","$","R","E","R","T","E","?","$","E","?","R","BOSS","M","$","M","?","$","E","R","M","T","E","$","M","R","M","R","BOSS","M","M","M","M","M","R","$","E","T","E","M","?","R","E","R","BOSS","M","M","M","M","M","E","?","M","E","?","E","M","M","E","R","BOSS","M","$","?","?","M","R","E","M","E","R","E","M","M","$","R","BOSS","M","M","M","$","M","R","E","R","E","R","?","E","?","?","R","BOSS","M","M","M","M","M","R","?","R","E","R","E","$","E","$","R","BOSS","M","M","M","?","M","E","R","E","E","R","?","?","?","E","R","BOSS","M","?","?","M","$","R","E"],"items_purchased_type":["Card","Card","Card","Card","Card","Card","Card","Card","Card","Card","Relic","Relic","Relic","Relic","Relic","Potion","Potion","Potion","Potion","Relic","Relic","Relic","Relic","Relic","Relic","Relic"],"build_version":"2020-12-22","purchased_purges":0,"victory":false,"max_hp_per_floor":[70,70,70,70,70,70,70,70,70,70,70,70,70,70,70,70,70,70,70,70,70,70,70,70,70,70,77,77,77,77,77,77,77,77,77,77,77,77,77,77,77,77,77,77,77,91,91,91,91,91,91,91,91,91,91,91,91,91,91,91,91,91,91,91,91,91,91,91,91,91,91,91,91,91,91,91,91,91,91,91,91,91,91,91,91,91,91,91,91,101,101,101,101,101,101,101,101,106,106,106,106,106,106,106,106,126,126,126,126,126,126,126,126,126,126,126,128,128,128,128,128,128,128,128,130,132,134,136,138,140,160,162,162,164,164,164,164,164,164,164,164,166,166,168,170,170,170,170,170,172,172,172,172,172,172,172,172,172,172,172,172],"card_choices":[{"not_picked":["Underhanded Strike","Dagger Spray"],"picked":"Sucker Punch","floor":8.0},{"not_picked":["Escape Plan","Riddle With Holes"],"picked":"Blade Dance","floor":10.0},{"not_picked":["Die Die Die","Tools of the Trade+1"],"picked":"Venomology+1","floor":16.0},{"not_picked":["Dagger Spray","Acrobatics+1"],"picked":"Distraction+1","floor":24.0},{"not_picked":["Escape Plan+1","Slice"],"picked":"Endless Agony","floor":27.0},{"not_picked":["Prepared+1","Underhanded Strike+1"],"picked":"Backflip+1","floor":30.0},{"not_picked":["Malaise+1","Night Terror+1"],"picked":"Burst+1","floor":33.0},{"not_picked":["Bouncing Flask+1","Infinite Blades+1"],"picked":"Deflect+1","floor":40.0},{"not_picked":["Deflect+1","Underhanded Strike"],"picked":"Deadly Poison+1","floor":44.0},{"not_picked":["Doppelganger+1","Malaise+1"],"picked":"Corpse Explosion+1","floor":50.0},{"not_picked":["Dodge and Roll+1","Caltrops+1"],"picked":"Die Die Die","floor":59.0},{"not_picked":["Dagger Spray","Acrobatics+1"],"picked":"Accuracy+1","floor":61.0},{"not_picked":["Blade Dance+1","Underhanded Strike"],"picked":"Dagger Spray","floor":64.0},{"not_picked":["Distraction+1","Infinite Blades+1"],"picked":"Acrobatics+1","floor":65.0},{"not_picked":["Quick Slash","Bane"],"picked":"Acrobatics+1","floor":66.0},{"not_picked":["Corpse Explosion+1","Night Terror+1"],"picked":"Tools of the Trade+1","floor":67.0},{"not_picked":["Acrobatics+1","Masterful Stab"],"picked":"Calculated Gamble+1","floor":74.0},{"not_picked":["Prepared+1","PiercingWail+1"],"picked":"Crippling Poison+1","floor":77.0},{"not_picked":["Eviscerate+1","Noxious Fumes+1"],"picked":"Accuracy+1","floor":79.0},{"not_picked":["Blur+1","Masterful Stab"],"picked":"Terror+1","floor":82.0},{"not_picked":["Concentrate+1","Dagger Spray"],"picked":"Flechettes+1","floor":83.0},{"not_picked":["Die Die Die","Wraith Form v2+1"],"picked":"Storm of Steel+1","floor":84.0},{"not_picked":["PanicButton+1","Swift Strike"],"picked":"Flash of Steel","floor":88.0},{"not_picked":["Enlightenment+1","Mind Blast"],"picked":"Magnetism+1","floor":88.0},{"not_picked":["Bandage Up+1","Mind Blast"],"picked":"Discovery+1","floor":88.0},{"not_picked":["Endless Agony","Dagger Spray"],"picked":"Blade Dance+1","floor":89.0},{"not_picked":["Crippling Poison+1","Deflect+1"],"picked":"Dodge and Roll+1","floor":91.0},{"not_picked":["Slice+1","Escape Plan+1"],"picked":"Catalyst+1","floor":92.0},{"not_picked":["Quick Slash+1","Masterful Stab"],"picked":"Backflip+1","floor":94.0},{"not_picked":["Heel Hook+1","Dagger Spray"],"picked":"Quick Slash","floor":95.0},{"not_picked":["Concentrate+1","Slice+1"],"picked":"Underhanded Strike","floor":96.0},{"not_picked":["Flying Knee","Slice"],"picked":"PiercingWail+1","floor":100.0},{"not_picked":["Tools of the Trade+1","Unload"],"picked":"Wraith Form v2+1","floor":101.0},{"not_picked":["Outmaneuver+1","Calculated Gamble+1"],"picked":"Dodge and Roll+1","floor":108},{"not_picked":["Infinite Blades+1","Underhanded Strike"],"picked":"Acrobatics+1","floor":109},{"not_picked":["Deflect+1","Escape Plan+1"],"picked":"Backflip+1","floor":110},{"not_picked":["Deflect+1","Dagger Throw"],"picked":"Noxious Fumes+1","floor":111},{"not_picked":["Deflect+1","Bane"],"picked":"Accuracy+1","floor":112},{"not_picked":["Quick Slash","Caltrops+1"],"picked":"Footwork+1","floor":114},{"not_picked":["Crippling Poison+1","PiercingWail+1","Dagger Spray"],"picked":"Singing Bowl","floor":117},{"not_picked":["Die Die Die","Burst+1"],"picked":"A Thousand Cuts+1","floor":118},{"not_picked":["Bane+1","Deflect+1","Choke+1"],"picked":"Singing Bowl","floor":125},{"not_picked":["Backflip+1","Deadly Poison+1","Underhanded Strike+1"],"picked":"Singing Bowl","floor":126},{"not_picked":["Cloak And Dagger+1","Backflip+1","Caltrops+1"],"picked":"Singing Bowl","floor":127},{"not_picked":["Finisher+1","Dodge and Roll+1","Dash+1"],"picked":"Singing Bowl","floor":128},{"not_picked":["Tools of the Trade+1","Bouncing Flask+1","Prepared+1"],"picked":"Singing Bowl","floor":129},{"not_picked":["Backflip+1","Tactician+1","All Out Attack+1"],"picked":"Singing Bowl","floor":130},{"not_picked":["Skewer+1","Terror+1","Catalyst+1"],"picked":"Singing Bowl","floor":132},{"not_picked":["Bane+1","Deflect+1","Flying Knee+1"],"picked":"Singing Bowl","floor":134},{"not_picked":["Die Die Die+1","Doppelganger+1"],"picked":"Glass Knife+1","floor":135},{"not_picked":["Dagger Spray+1","Dodge and Roll+1","Underhanded Strike+1"],"picked":"Singing Bowl","floor":142},{"not_picked":["Cloak And Dagger+1","Well Laid Plans+1","Caltrops+1"],"picked":"Singing Bowl","floor":144},{"not_picked":["Wraith Form v2+1","PiercingWail+1","Outmaneuver+1"],"picked":"Singing Bowl","floor":145},{"not_picked":["Choke+1","Eviscerate+1"],"picked":"Accuracy+1","floor":149},{"not_picked":["Dash+1","Terror+1","Expertise+1"],"picked":"Singing Bowl","floor":150},{"not_picked":["Doppelganger+1","Bullet Time+1"],"picked":"Night Terror+1","floor":152}],"player_experience":170885,"relics_obtained":[{"floor":1.0,"key":"Frozen Egg 2"},{"floor":2.0,"key":"Pen Nib"},{"floor":3.0,"key":"Orichalcum"},{"floor":4.0,"key":"Bottled Flame"},{"floor":7.0,"key":"Ninja Scroll"},{"floor":8.0,"key":"Paper Crane"},{"floor":9.0,"key":"PreservedInsect"},{"floor":10.0,"key":"Torii"},{"floor":12.0,"key":"Toxic Egg 2"},{"floor":14.0,"key":"Regal Pillow"},{"floor":18.0,"key":"Happy Flower"},{"floor":19.0,"key":"Lantern"},{"floor":20.0,"key":"Vajra"},{"floor":24.0,"key":"Kunai"},{"floor":26.0,"key":"Dream Catcher"},{"floor":27.0,"key":"Strawberry"},{"floor":30.0,"key":"Mercury Hourglass"},{"floor":31.0,"key":"Bag of Preparation"},{"floor":35.0,"key":"Sundial"},{"floor":37.0,"key":"Bird Faced Urn"},{"floor":40.0,"key":"White Beast Statue"},{"floor":42.0,"key":"Mummified Hand"},{"floor":43.0,"key":"Peace Pipe"},{"floor":44.0,"key":"Pantograph"},{"floor":46.0,"key":"Mango"},{"floor":48.0,"key":"Centennial Puzzle"},{"floor":52.0,"key":"Art of War"},{"floor":53.0,"key":"HornCleat"},{"floor":54.0,"key":"Bottled Lightning"},{"floor":55.0,"key":"Blue Candle"},{"floor":56.0,"key":"Smiling Mask"},{"floor":60.0,"key":"StrikeDummy"},{"floor":62.0,"key":"Snake Skull"},{"floor":69.0,"key":"Matryoshka"},{"floor":70.0,"key":"War Paint"},{"floor":71.0,"key":"Gremlin Horn"},{"floor":72.0,"key":"Boot"},{"floor":73.0,"key":"Eternal Feather"},{"floor":76.0,"key":"The Courier"},{"floor":78.0,"key":"Bottled Tornado"},{"floor":80.0,"key":"Toy Ornithopter"},{"floor":81.0,"key":"Darkstone Periapt"},{"floor":86.0,"key":"Ornamental Fan"},{"floor":89.0,"key":"Ice Cream"},{"floor":90.0,"key":"Pear"},{"floor":93.0,"key":"MawBank"},{"floor":97.0,"key":"Tiny Chest"},{"floor":98.0,"key":"Meat on the Bone"},{"floor":103,"key":"Bag of Marbles"},{"floor":104,"key":"Oddly Smooth Stone"},{"floor":105,"key":"Nunchaku"},{"floor":107,"key":"InkBottle"},{"floor":116,"key":"Singing Bowl"},{"floor":120,"key":"Letter Opener"},{"floor":121,"key":"MealTicket"},{"floor":122,"key":"Anchor"},{"floor":123,"key":"Molten Egg 2"},{"floor":124,"key":"Dead Branch"},{"floor":137,"key":"Omamori"},{"floor":138,"key":"Du-Vu Doll"},{"floor":139,"key":"Girya"},{"floor":141,"key":"Whetstone"},{"floor":148,"key":"Tingsha"},{"floor":153,"key":"Potion Belt"},{"floor":153,"key":"Lizard Tail"},{"floor":153,"key":"Prayer Wheel"},{"floor":154,"key":"Shuriken"},{"floor":155,"key":"Blood Vial"},{"floor":156,"key":"CeramicFish"},{"floor":157,"key":"Turnip"}],"event_choices":[{"damage_healed":0.0,"max_hp_gain":0.0,"max_hp_loss":0.0,"gold_gain":0.0,"event_name":"Upgrade Shrine","player_choice":"Upgraded","floor":11.0,"gold_loss":0.0,"damage_taken":0.0,"cards_upgraded":["Backflip"]},{"damage_healed":0.0,"max_hp_gain":0.0,"max_hp_loss":0.0,"gold_gain":0.0,"event_name":"Nest","player_choice":"Joined the Cult","floor":21.0,"gold_loss":0.0,"damage_taken":6.0,"cards_obtained":["RitualDagger"]},{"damage_healed":0.0,"max_hp_gain":0.0,"max_hp_loss":0.0,"gold_gain":0.0,"event_name":"Designer","player_choice":"Upgraded Two","floor":28.0,"gold_loss":40.0,"damage_taken":0.0,"cards_upgraded":["Blade Dance","Infinite Blades"]},{"damage_healed":0.0,"max_hp_gain":0.0,"max_hp_loss":0.0,"gold_gain":0.0,"event_name":"Match and Keep!","player_choice":"2 cards matched","floor":38.0,"gold_loss":0.0,"damage_taken":0.0,"cards_obtained":["Neutralize","Wraith Form v2"]},{"cards_removed":["Normality"],"damage_healed":0.0,"max_hp_gain":0.0,"max_hp_loss":0.0,"gold_gain":0.0,"event_name":"The Cleric","player_choice":"Card Removal","floor":63.0,"gold_loss":50.0,"damage_taken":0.0},{"damage_healed":0.0,"max_hp_gain":0.0,"max_hp_loss":0.0,"gold_gain":0.0,"event_name":"Upgrade Shrine","player_choice":"Upgraded","floor":75.0,"gold_loss":0.0,"damage_taken":0.0,"cards_upgraded":["Die Die Die"]},{"damage_healed":0.0,"max_hp_gain":0.0,"max_hp_loss":0.0,"gold_gain":0.0,"event_name":"SensoryStone","player_choice":"Memory 3","floor":88.0,"gold_loss":0.0,"damage_taken":10.0},{"damage_healed":0.0,"max_hp_gain":0.0,"max_hp_loss":0.0,"gold_gain":0.0,"event_name":"Mysterious Sphere","player_choice":"Fight","floor":89.0,"gold_loss":0.0,"damage_taken":0.0},{"damage_healed":0,"gold_gain":75,"player_choice":"Gather Gold","damage_taken":11,"max_hp_gain":0,"max_hp_loss":0,"event_name":"World of Goop","floor":113,"gold_loss":0},{"cards_removed":["Catalyst"],"damage_healed":0,"gold_gain":0,"player_choice":"Gave Card","damage_taken":0,"relics_obtained":["Ancient Tea Set"],"max_hp_gain":0,"max_hp_loss":0,"event_name":"WeMeetAgain","floor":115,"gold_loss":0},{"cards_removed":["Die Die Die"],"damage_healed":0,"gold_gain":0,"player_choice":"Removed Attack","damage_taken":0,"max_hp_gain":0,"max_hp_loss":0,"event_name":"Falling","floor":140,"gold_loss":0},{"damage_healed":43,"gold_gain":0,"player_choice":"Writhe","damage_taken":0,"max_hp_gain":0,"max_hp_loss":0,"event_name":"Winding Halls","floor":147,"gold_loss":0,"cards_obtained":["Writhe"]}],"is_beta":false,"boss_relics":[{"not_picked":["Empty Cage","Coffee Dripper"],"picked":"HoveringKite"},{"not_picked":["Velvet Choker","Fusion Hammer"],"picked":"Cursed Key"},{"not_picked":["Sozu","Snecko Eye"],"picked":"Astrolabe"},{"not_picked":["Calling Bell","Ring of the Serpent"],"picked":"Philosopher\u0027s Stone"},{"not_picked":["Sozu","Runic Pyramid"],"picked":"Fusion Hammer"},{"not_picked":["Black Star","Tiny House"],"picked":"SacredBark"},{"not_picked":["Empty Cage","Runic Pyramid"],"picked":"Snecko Eye"},{"not_picked":["Runic Dome","Velvet Choker"],"picked":"WristBlade"},{"not_picked":["SlaversCollar","Ring of the Serpent"],"picked":"Calling Bell"}],"items_purged_floors":[],"is_endless":true,"potions_floor_spawned":[3,4,10,12,14,18,20,31,35,37,42,44,46,48,50,52,53,54,55,56,59,61,62,65,67,69,70,71,72,73,74,76,77,78,79,80,81,82,84,86,89,90,92,93,94,96,97,98,101,103,104,105,107,109,111,114,116,118,120,121,122,123,124,126,128,130,132,135,137,138,139,141,142,144,145,148,149,150,152,154,155,156,157],"killed_by":"Gremlin Nob","ascension_level":1}}