{"host":"q75fusloz6zmuoth","time":1614459220,"event":{"mods":["BaseMod","Clawfect","Minty Spire (QoL Compilation)","Relic Stats","StSLib"],"gold_per_floor":[110,110,110,128,143,174,194,194,194,42,42,76,86,112,112,186,186,196,118,8,20,30,64,64,78,78,78,78,78,78],"floor_reached":29,"language":"ENG","playtime":1054,"items_purged":[],"score":525,"play_id":"98d29f05-6781-426e-971b-9cb0efeec3b8","local_time":"20210227215340","is_ascension_mode":true,"campfire_choices":[{"data":"Clawfect:ClawpileDriver","floor":8.0,"key":"SMITH"},{"data":"Defend_B","floor":11.0,"key":"SMITH"},{"data":"Clawfect:Clawrage","floor":15.0,"key":"SMITH"},{"floor":24,"key":"REST"},{"data":"Self Repair","floor":28,"key":"SMITH"}],"circlet_count":0,"master_deck":["AscendersBane","Gash+1","Gash","Gash","Gash","Defend_B","Defend_B","Defend_B+1","Gash","Self Repair+1","Conserve Battery","Clawfect:ClawpileDriver+1","Echo Form","Core Surge","Clawfect:Clawrage+1","Hologram+1","Steam+1","Auto Shields+1","FTL+1","Clawfect:Clawrage+1","Clawfect:ClawCell"],"relics":["Nuclear Battery","Symbiotic Virus","Pantograph","Toxic Egg 2","Darkstone Periapt","SlaversCollar","Bronze Scales","Emotion Chip","MutagenicStrength"],"acts_visited":["Exordium","TheCity"],"potions_floor_usage":[21,29],"damage_taken":[{"damage":6.0,"enemies":"Cultist","floor":1.0,"turns":5.0},{"damage":2.0,"enemies":"Jaw Worm","floor":4.0,"turns":4.0},{"damage":8.0,"enemies":"Small Slimes","floor":5.0,"turns":4.0},{"damage":8.0,"enemies":"Lagavulin","floor":6.0,"turns":7.0},{"damage":4.0,"enemies":"Blue Slaver","floor":7.0,"turns":5.0},{"damage":15.0,"enemies":"3 Sentries","floor":12.0,"turns":6.0},{"damage":11.0,"enemies":"2 Fungi Beasts","floor":13.0,"turns":4.0},{"damage":13.0,"enemies":"Gremlin Nob","floor":14.0,"turns":4.0},{"damage":33.0,"enemies":"Slime Boss","floor":16.0,"turns":4.0},{"damage":24.0,"enemies":"Shell Parasite","floor":18.0,"turns":4.0},{"damage":11,"enemies":"2 Thieves","floor":21,"turns":4},{"damage":1,"enemies":"Centurion and Healer","floor":22,"turns":4},{"damage":38,"enemies":"Gremlin Leader","floor":23,"turns":5},{"damage":5,"enemies":"Snecko","floor":25,"turns":4},{"damage":46,"enemies":"Slavers","floor":29,"turns":5}],"seed_played":"8501409087939376300","potions_obtained":[{"floor":6.0,"key":"FocusPotion"},{"floor":12.0,"key":"EssenceOfSteel"},{"floor":13.0,"key":"PowerPotion"},{"floor":14.0,"key":"Weak Potion"},{"floor":16.0,"key":"ColorlessPotion"},{"floor":21,"key":"Energy Potion"}],"is_trial":false,"path_per_floor":["M","?","?","M","M","E","M","R","T","$","R","E","M","E","R","B",null,"M","$","?","M","M","E","R","M","T","?","R","E"],"character_chosen":"DEFECT","items_purchased":["Echo Form","Auto Shields+1"],"campfire_rested":1,"item_purchase_floors":[10,19],"current_hp_per_floor":[58,51,51,49,48,47,50,50,50,50,50,42,38,32,32,31,61,44,44,44,40,46,15,36,38,38,38,38,0,0],"gold":78,"neow_bonus":"BOSS_RELIC","is_daily":false,"chose_seed":false,"campfire_upgraded":4,"win_rate":0.0,"timestamp":1614459220,"path_taken":["M","?","?","M","?","E","M","R","T","$","R","E","M","E","R","BOSS","M","$","?","M","?","E","R","M","T","?","R","E"],"items_purchased_type":["Card","Card"],"build_version":"2020-12-22","purchased_purges":0,"victory":false,"max_hp_per_floor":[71,71,71,71,71,71,71,71,71,71,71,71,71,71,71,71,71,71,71,71,71,71,71,71,71,71,71,71,71,71],"relic_stats":{"Darkstone Periapt":0,"Emotion Chip":[6,0,0,3,3],"counters":[15,69],"Pantograph":25,"Bronze Scales":[36],"obtain_stats":[{"Darkstone Periapt":14,"SlaversCollar":17,"Emotion Chip":26,"Pantograph":9,"Bronze Scales":23,"MutagenicStrength":27,"Toxic Egg 2":12,"Clawfect:DRClaw":0,"Symbiotic Virus":6,"Nuclear Battery":0},{"Darkstone Periapt":8,"SlaversCollar":9,"Emotion Chip":14,"Pantograph":5,"Bronze Scales":13,"MutagenicStrength":14,"Toxic Egg 2":6,"Clawfect:DRClaw":0,"Symbiotic Virus":4,"Nuclear Battery":0},{"Darkstone Periapt":39,"SlaversCollar":43,"Emotion Chip":64,"Pantograph":25,"Bronze Scales":60,"MutagenicStrength":64,"Toxic Egg 2":31,"Clawfect:DRClaw":0,"Symbiotic Virus":20,"Nuclear Battery":0}]},"card_choices":[{"not_picked":["Steam","Recycle"],"picked":"Gash","floor":1.0},{"not_picked":["Conserve Battery","Lockon"],"picked":"Self Repair","floor":4.0},{"not_picked":["Clawfect:Clawline","Rebound"],"picked":"Conserve Battery","floor":5.0},{"not_picked":["Chaos","Amplify","Darkness"],"picked":"SKIP","floor":6.0},{"not_picked":["Stack","Rebound"],"picked":"Clawfect:ClawpileDriver","floor":7.0},{"not_picked":["Loop","Clawfect:Clawline"],"picked":"Core Surge","floor":12.0},{"not_picked":["Leap+1","Gash"],"picked":"Clawfect:Clawrage","floor":13.0},{"not_picked":["Steam+1","Clawfect:ClawForTheEyes"],"picked":"Hologram+1","floor":14.0},{"not_picked":["Recycle+1","Conserve Battery+1"],"picked":"Steam+1","floor":18.0},{"not_picked":["Rebound","Sunder"],"picked":"FTL+1","floor":21},{"not_picked":["Multi-Cast+1","Stack+1"],"picked":"Clawfect:Clawrage+1","floor":22},{"not_picked":["Darkness+1","Clawfect:ClawAndGloom","Turbo+1"],"picked":"SKIP","floor":23},{"not_picked":["Leap+1","Clawfect:ClawAndTear"],"picked":"Clawfect:ClawCell","floor":25}],"player_experience":691735,"relics_obtained":[{"floor":6.0,"key":"Symbiotic Virus"},{"floor":9.0,"key":"Pantograph"},{"floor":12.0,"key":"Toxic Egg 2"},{"floor":14.0,"key":"Darkstone Periapt"},{"floor":23,"key":"Bronze Scales"},{"floor":26,"key":"Emotion Chip"}],"event_choices":[{"cards_removed":["Defend_B"],"damage_healed":0.0,"max_hp_gain":0.0,"max_hp_loss":0.0,"gold_gain":0.0,"event_name":"Golden Wing","player_choice":"Card Removal","floor":2.0,"gold_loss":0.0,"damage_taken":7.0},{"cards_removed":["Gash"],"damage_healed":0.0,"max_hp_gain":0.0,"max_hp_loss":0.0,"gold_gain":0.0,"event_name":"Wheel of Change","player_choice":"Card Removal","floor":3.0,"gold_loss":0.0,"damage_taken":0.0},{"cards_removed":["Defend_B"],"damage_healed":0,"gold_gain":0,"player_choice":"Upgrade and Remove","damage_taken":0,"max_hp_gain":0,"max_hp_loss":0,"event_name":"Designer","floor":20,"gold_loss":110,"cards_upgraded":["Gash"]},{"damage_healed":0,"gold_gain":0,"player_choice":"Inject Mutagens","damage_taken":0,"relics_obtained":["MutagenicStrength"],"max_hp_gain":0,"max_hp_loss":0,"event_name":"Drug Dealer","floor":27,"gold_loss":0}],"is_beta":false,"boss_relics":[{"not_picked":["Pandora\u0027s Box","Snecko Eye"],"picked":"SlaversCollar"}],"items_purged_floors":[],"is_endless":false,"potions_floor_spawned":[6,12,13,14,16,21,23,25],"killed_by":"Slavers","ascension_level":18}}