{"host":"w3q5ijqu8eoknil3","time":1614450103,"event":{"mods":["AchievementEnabler","BaseMod","Block Reminder","Colored Map","Colored Powertips","Curses Come First","Dark Map","Minty Spire (QoL Compilation)","Quick Restart","Relic Stats","StSLib","ojb\u0027s Better Paths Mod","ojb\u0027s Info Mod","slay the spire mod where everything is the same but ironclad has a cowboy hat"],"gold_per_floor":[117,117,128,141,159,159,189,189,189,189,214,289,306,306,306,380,380,393,406,424,20,20,52,72,72,72,72,85,102,128,146,146,146,146],"floor_reached":33,"language":"ENG","playtime":1050,"items_purged":[],"score":583,"play_id":"d6ff7ace-a586-4e7b-8a5d-2946f7e766b3","local_time":"20210227182143","is_ascension_mode":true,"campfire_choices":[{"data":"Noxious Fumes","floor":6,"key":"SMITH"},{"data":"Crippling Poison","floor":8,"key":"SMITH"},{"data":"Poisoned Stab","floor":10,"key":"SMITH"},{"floor":15,"key":"REST"},{"data":"Bouncing Flask","floor":25,"key":"SMITH"},{"data":"Footwork","floor":27,"key":"SMITH"},{"data":"Deadly Poison","floor":32,"key":"SMITH"}],"circlet_count":0,"master_deck":["AscendersBane","Strike_G","Strike_G","Strike_G","Strike_G","Defend_G","Defend_G","Defend_G","Defend_G","Defend_G","Survivor","Neutralize","Crippling Poison+1","Blade Dance+1","Footwork+1","Noxious Fumes+1","Deadly Poison+1","Poisoned Stab+1","Endless Agony+1","Poisoned Stab+1","Die Die Die+1","Dagger Spray+1","Sucker Punch+1","Skewer+1","Bouncing Flask+1","Predator+1","Bullet Time","Dagger Throw+1","Poisoned Stab+1","Dash+1"],"relics":["Ring of the Snake","Turnip","Paper Crane","Molten Egg 2","Coffee Dripper","Membership Card","Meat on the Bone","Oddly Smooth Stone","Pantograph","Eternal Feather","Blood Vial"],"acts_visited":["Exordium","TheCity"],"potions_floor_usage":[11,16,20,24,28,33],"damage_taken":[{"damage":2,"enemies":"2 Louse","floor":1,"turns":3},{"damage":0,"enemies":"Cultist","floor":3,"turns":4},{"damage":2,"enemies":"Jaw Worm","floor":4,"turns":4},{"damage":1,"enemies":"Blue Slaver","floor":5,"turns":4},{"damage":18,"enemies":"Lagavulin","floor":7,"turns":7},{"damage":7,"enemies":"Gremlin Nob","floor":11,"turns":3},{"damage":4,"enemies":"2 Fungi Beasts","floor":13,"turns":4},{"damage":13,"enemies":"Hexaghost","floor":16,"turns":9},{"damage":3,"enemies":"3 Byrds","floor":18,"turns":4},{"damage":9,"enemies":"Spheric Guardian","floor":19,"turns":5},{"damage":24,"enemies":"Shelled Parasite and Fungi","floor":20,"turns":5},{"damage":29,"enemies":"Book of Stabbing","floor":23,"turns":6},{"damage":0,"enemies":"Snecko","floor":24,"turns":3},{"damage":0,"enemies":"3 Cultists","floor":28,"turns":3},{"damage":2,"enemies":"Sentry and Sphere","floor":29,"turns":3},{"damage":15,"enemies":"Gremlin Leader","floor":30,"turns":4},{"damage":1,"enemies":"Snecko","floor":31,"turns":4},{"damage":69,"enemies":"Champ","floor":33,"turns":11}],"seed_played":"-3202383767277144320","potions_obtained":[{"floor":1,"key":"SteroidPotion"},{"floor":7,"key":"SneckoOil"},{"floor":16,"key":"FairyPotion"},{"floor":18,"key":"Explosive Potion"},{"floor":23,"key":"PowerPotion"},{"floor":24,"key":"DuplicationPotion"},{"floor":31,"key":"SpeedPotion"}],"is_trial":false,"path_per_floor":["M","?","M","M","M","R","E","R","T","R","E","?","M","?","R","B",null,"M","M","M","$","?","E","M","R","T","R","M","M","E","M","R","B"],"character_chosen":"THE_SILENT","items_purchased":["Membership Card","Bouncing Flask","Meat on the Bone","Oddly Smooth Stone"],"campfire_rested":1,"item_purchase_floors":[21,21,21,21],"current_hp_per_floor":[57,57,57,55,54,54,36,36,36,36,29,18,14,3,22,9,52,49,40,16,16,16,19,31,31,31,46,46,44,41,42,60,0,0],"gold":146,"neow_bonus":"THREE_CARDS","is_daily":false,"chose_seed":false,"campfire_upgraded":6,"win_rate":0.0,"timestamp":1614450103,"path_taken":["M","?","?","M","M","R","E","R","T","R","E","?","M","?","R","BOSS","M","M","M","$","?","E","M","R","T","R","M","?","E","M","R","BOSS"],"items_purchased_type":["Relic","Card","Relic","Relic"],"build_version":"2020-12-22","purchased_purges":0,"victory":false,"max_hp_per_floor":[66,66,66,66,66,66,66,66,66,66,66,66,66,66,66,66,66,66,66,66,66,66,66,66,66,66,66,66,66,66,66,66,66,66],"relic_stats":{"Blood Vial":4,"counters":[18,86],"Pantograph":4,"Eternal Feather":33,"Turnip":[18],"obtain_stats":[{"Blood Vial":30,"Pantograph":23,"Oddly Smooth Stone":21,"Molten Egg 2":11,"Eternal Feather":26,"Turnip":7,"Coffee Dripper":17,"Membership Card":21,"Paper Crane":9,"Ring of the Snake":0,"Meat on the Bone":21},{"Blood Vial":16,"Pantograph":12,"Oddly Smooth Stone":11,"Molten Egg 2":6,"Eternal Feather":13,"Turnip":5,"Coffee Dripper":8,"Membership Card":11,"Paper Crane":5,"Ring of the Snake":0,"Meat on the Bone":11},{"Blood Vial":71,"Pantograph":58,"Oddly Smooth Stone":52,"Molten Egg 2":25,"Eternal Feather":61,"Turnip":22,"Coffee Dripper":38,"Membership Card":52,"Paper Crane":22,"Ring of the Snake":0,"Meat on the Bone":52}],"Ring of the Snake":[36],"Meat on the Bone":36},"card_choices":[{"not_picked":["Dagger Spray","Backflip"],"picked":"Crippling Poison","floor":0},{"not_picked":["Calculated Gamble","Underhanded Strike"],"picked":"Blade Dance","floor":1},{"not_picked":["Backflip","Outmaneuver"],"picked":"Footwork","floor":3},{"not_picked":["Distraction","Deadly Poison"],"picked":"Noxious Fumes","floor":4},{"not_picked":["Backflip","Quick Slash"],"picked":"Deadly Poison","floor":5},{"not_picked":["Underhanded Strike","Acrobatics"],"picked":"Poisoned Stab","floor":7},{"not_picked":["Accuracy","Well Laid Plans"],"picked":"Endless Agony+1","floor":11},{"not_picked":["Footwork","PiercingWail"],"picked":"Poisoned Stab+1","floor":13},{"not_picked":["Malaise","Grand Finale+1"],"picked":"Die Die Die+1","floor":16},{"not_picked":["Deflect","Concentrate"],"picked":"Dagger Spray+1","floor":18},{"not_picked":["Setup","Dodge and Roll+1"],"picked":"Sucker Punch+1","floor":19},{"not_picked":["Outmaneuver","Dagger Throw+1"],"picked":"Skewer+1","floor":20},{"not_picked":["Tactician","Bane+1"],"picked":"Predator+1","floor":23},{"not_picked":["Deadly Poison","Noxious Fumes"],"picked":"Bullet Time","floor":24},{"not_picked":["Deadly Poison","PiercingWail"],"picked":"Dagger Throw+1","floor":28},{"not_picked":["Dagger Spray+1","Skewer+1"],"picked":"Poisoned Stab+1","floor":29},{"not_picked":["Prepared","PiercingWail","Tactician"],"picked":"SKIP","floor":30},{"not_picked":["Underhanded Strike+1","Distraction"],"picked":"Dash+1","floor":31}],"player_experience":1066074,"relics_obtained":[{"floor":7,"key":"Turnip"},{"floor":9,"key":"Paper Crane"},{"floor":11,"key":"Molten Egg 2"},{"floor":23,"key":"Pantograph"},{"floor":26,"key":"Eternal Feather"},{"floor":30,"key":"Blood Vial"}],"event_choices":[{"damage_healed":0,"gold_gain":0,"player_choice":"Upgraded","damage_taken":0,"max_hp_gain":0,"max_hp_loss":0,"event_name":"Upgrade Shrine","floor":2,"gold_loss":0,"cards_upgraded":["Blade Dance"]},{"damage_healed":0,"gold_gain":75,"player_choice":"Gather Gold","damage_taken":11,"max_hp_gain":0,"max_hp_loss":0,"event_name":"World of Goop","floor":12,"gold_loss":0},{"damage_healed":0,"gold_gain":0,"player_choice":"Fled","damage_taken":11,"max_hp_gain":0,"max_hp_loss":0,"event_name":"Scrap Ooze","floor":14,"gold_loss":0},{"cards_removed":["Strike_G"],"damage_healed":0,"gold_gain":0,"player_choice":"Purged","damage_taken":0,"max_hp_gain":0,"max_hp_loss":0,"event_name":"Purifier","floor":22,"gold_loss":0}],"is_beta":false,"boss_relics":[{"not_picked":["Philosopher\u0027s Stone","Runic Pyramid"],"picked":"Coffee Dripper"}],"items_purged_floors":[],"is_endless":false,"potions_floor_spawned":[1,7,16,18,23,24,31],"killed_by":"Champ","ascension_level":19}}