{"host":"z439itq93uucuvou","time":1614449508,"event":{"mods":["BaseMod","Colored Powertips","Downfall","Jorbs\u0027s Wanderer Trilogy","Minty Spire (QoL Compilation)","StSLib"],"gold_per_floor":[99,118,133,145,159,159,159,159,189,203,214,230,230,230,249,351,351,351,363,363,363,363],"floor_reached":20,"language":"ENG","playtime":902,"items_purged":[],"score":187,"play_id":"c7a933dd-9ed8-4134-9416-ccec449f8fee","local_time":"20210227101148","is_ascension_mode":true,"campfire_choices":[{"data":"bronze:Goto","floor":1,"key":"SMITH"},{"data":"bronze:Repulsor","floor":8,"key":"SMITH"},{"floor":13,"key":"REST"},{"data":"bronze:AlphaBuild","floor":18,"key":"SMITH"}],"circlet_count":0,"master_deck":["bronze:Strike","bronze:Strike","bronze:Strike","bronze:Strike","bronze:Defend","bronze:Defend","bronze:Defend","bronze:Defend","bronze:Replicate","bronze:Goto+1","bronze:WhirlingStrike","bronze:Refactor","bronze:Terminator","bronze:Repulsor+1","Regret","Normality","bronze:AlphaBuild+1","bronze:Philosophize","Parasite","bronze:Boost","bronze:CleanCode"],"relics":["Cursed Key","hexamod:BolsterEngine","Letter Opener","Orichalcum","SacredBark"],"acts_visited":["Exordium","TheCity"],"potions_floor_usage":[15,15,15,16,16],"damage_taken":[{"damage":0,"enemies":"2 Louse","floor":2,"turns":3},{"damage":1,"enemies":"Jaw Worm","floor":3,"turns":3},{"damage":1,"enemies":"Cultist","floor":4,"turns":3},{"damage":9,"enemies":"Exordium Thugs","floor":5,"turns":3},{"damage":11,"enemies":"Lagavulin","floor":9,"turns":5},{"damage":8,"enemies":"3 Louse","floor":10,"turns":2},{"damage":13,"enemies":"Blue Slaver","floor":11,"turns":4},{"damage":23,"enemies":"Large Slime","floor":12,"turns":7},{"damage":2,"enemies":"Exordium Wildlife","floor":15,"turns":2},{"damage":7,"enemies":"IC_STATUS_ARCHETYPE","floor":16,"turns":10},{"damage":38,"enemies":"Shell Parasite","floor":19,"turns":7},{"damage":24,"enemies":"3 Byrds","floor":20,"turns":3}],"seed_played":"-2145953138546389677","potions_obtained":[{"floor":3,"key":"Explosive Potion"},{"floor":4,"key":"Explosive Potion"},{"floor":5,"key":"EntropicBrew"}],"is_trial":false,"path_per_floor":["R","M","M","M","M","?","T","R","E","M","M","M","R","?","M","B",null,"R","M","M"],"character_chosen":"THE_AUTOMATON","items_purchased":[],"campfire_rested":1,"item_purchase_floors":[],"current_hp_per_floor":[70,70,69,68,59,59,59,59,48,40,27,4,25,42,40,33,70,70,32,8,8,8],"gold":363,"neow_bonus":"BOSS_RELIC","is_daily":false,"chose_seed":false,"campfire_upgraded":3,"win_rate":0.0,"timestamp":1614449508,"path_taken":["R","M","M","M","M","?","T","R","E","M","M","M","R","?","M","BOSS","R","M","M"],"items_purchased_type":[],"build_version":"2020-12-22","purchased_purges":0,"victory":false,"max_hp_per_floor":[70,70,70,70,70,70,70,70,70,70,70,70,70,70,70,70,70,70,70,70,70,70],"card_choices":[{"not_picked":["bronze:DelayedSlice","bronze:BuggyMess"],"picked":"bronze:WhirlingStrike","floor":2},{"not_picked":["bronze:ForLoop","bronze:Turbo"],"picked":"bronze:Refactor","floor":3},{"not_picked":["bronze:Branch","bronze:Invalidate"],"picked":"bronze:Terminator","floor":4},{"not_picked":["bronze:FollowUp","bronze:Constructor"],"picked":"bronze:Repulsor","floor":5},{"not_picked":["bronze:Frontload","bronze:BugBarrage"],"picked":"bronze:AlphaBuild","floor":9},{"not_picked":["bronze:Shell","bronze:BugBarrage","bronze:DelayedGuard"],"picked":"SKIP","floor":10},{"not_picked":["bronze:Overheat","bronze:BuggyMess","bronze:Constructor"],"picked":"SKIP","floor":11},{"not_picked":["bronze:Deprecate","bronze:Turbo"],"picked":"bronze:Philosophize","floor":12},{"not_picked":["bronze:Deprecate","bronze:BugBarrage"],"picked":"bronze:Boost","floor":15},{"not_picked":["bronze:HardenedForm","bronze:InfiniteLoop"],"picked":"bronze:CleanCode","floor":16},{"not_picked":["bronze:OilSpill","bronze:Turbo","bronze:BuggyMess"],"picked":"SKIP","floor":19}],"player_experience":1771156,"relics_obtained":[{"floor":7,"key":"Letter Opener"},{"floor":9,"key":"Orichalcum"}],"event_choices":[{"damage_healed":0,"gold_gain":0,"player_choice":"Box","damage_taken":0,"relics_obtained":["hexamod:BolsterEngine"],"max_hp_gain":0,"max_hp_loss":0,"event_name":"Big Fish","floor":6,"gold_loss":0,"cards_obtained":["Regret"]},{"damage_healed":17,"gold_gain":0,"player_choice":"Healed and dodged fight","damage_taken":0,"max_hp_gain":0,"max_hp_loss":0,"event_name":"Mushrooms","floor":14,"gold_loss":0,"cards_obtained":["Parasite"]}],"is_beta":false,"boss_relics":[{"not_picked":["Sozu","Velvet Choker"],"picked":"SacredBark"}],"items_purged_floors":[],"is_endless":false,"potions_floor_spawned":[3,4,5,12,15],"killed_by":"3 Byrds","ascension_level":1}}