{"host":"tj45uo9npo129mc6","time":1614428907,"event":{"mods":["AchievementEnabler","BaseMod","Colored Powertips","Downfall","Friendly Minions","Hubris","Infinite Spire","Kiyohime????","LagranYue(???·?)","Minty Spire (QoL Compilation)","Quick Restart","Remilia??????","StSLib","The Animator","The Bladedancer","The Cursed","The Servant 0.9.4"],"gold_per_floor":[117,117,117,117,142,177,192,205,228,228,3,3,3,3,3,131,131,154,178,29,29,29,29],"floor_reached":22,"language":"FRA","playtime":1490,"items_purged":[],"score":205,"play_id":"b1119cd0-f0a4-42dc-b151-73840bf99f15","local_time":"20210227132827","is_ascension_mode":false,"campfire_choices":[{"floor":10,"key":"RECALL"},{"data":"Eruption","floor":13,"key":"SMITH"},{"data":"Pray","floor":15,"key":"SMITH"}],"circlet_count":0,"master_deck":["Strike_P","Strike_P","Strike_P","Strike_P","Defend_P","Defend_P","Defend_P","Defend_P","Eruption+1","Vigilance","Prostrate","Pray+1","DeusExMachina","FearNoEvil","Meditate","Devotion","Halt+1","Consecrate","Establishment"],"relics":["PureWater","LagranYue:RandomDrawCardRelic","NeowsBlessing","PreservedInsect","Golden Idol","Bag of Preparation","Blood Vial","infinitespire:Satchel","hubris:Towel","Cursed Key","infinitespire:EmpoweringShard"],"acts_visited":["Exordium","TheCity"],"potions_floor_usage":[16,16],"damage_taken":[{"damage":0,"enemies":"Cultist","floor":1,"turns":1},{"damage":0,"enemies":"Gremlin Nob","floor":6,"turns":1},{"damage":0,"enemies":"Jaw Worm","floor":7,"turns":1},{"damage":0,"enemies":"Small Slimes","floor":8,"turns":3},{"damage":64,"enemies":"Slime Boss","floor":16,"turns":20},{"damage":10,"enemies":"3 Byrds","floor":18,"turns":6},{"damage":0,"enemies":"Chosen","floor":19,"turns":5},{"damage":68,"enemies":"Shelled Parasite and Fungi","floor":22,"turns":5}],"seed_played":"2262048532964533556","potions_obtained":[{"floor":6,"key":"Dexterity Potion"},{"floor":7,"key":"Fire Potion"},{"floor":16,"key":"LiquidBronze"}],"is_trial":false,"path_per_floor":["M","?","?","?","T","E","M","M","T","R","$","?","R","?","R","B",null,"M","M","$","?","M"],"character_chosen":"WATCHER","items_purchased":["infinitespire:Satchel","Meditate","Establishment"],"campfire_rested":0,"item_purchase_floors":[11,11,20],"current_hp_per_floor":[72,69,69,67,67,67,67,67,67,67,67,67,67,67,67,3,67,57,59,59,59,0,0],"gold":29,"neow_bonus":"THREE_ENEMY_KILL","is_daily":false,"chose_seed":false,"campfire_upgraded":2,"win_rate":0.0,"timestamp":1614428907,"path_taken":["M","?","?","?","?","E","?","M","T","R","$","?","R","?","R","BOSS","M","M","$","?","M"],"items_purchased_type":["Relic","Card","Card"],"build_version":"2020-12-22","purchased_purges":0,"victory":false,"max_hp_per_floor":[72,72,72,67,67,67,67,67,67,67,67,67,67,67,67,67,67,67,67,67,67,67,67],"card_choices":[{"not_picked":["BowlingBash","PathToVictory"],"picked":"Prostrate","floor":1},{"not_picked":["SandsOfTime","Vengeance"],"picked":"Pray","floor":6},{"not_picked":["Consecrate","FlurryOfBlows"],"picked":"DeusExMachina","floor":7},{"not_picked":["ReachHeaven","Swivel"],"picked":"FearNoEvil","floor":8},{"not_picked":["LessonLearned","Brilliance"],"picked":"Devotion","floor":16},{"not_picked":["Swivel","PathToVictory+1"],"picked":"Halt+1","floor":18},{"not_picked":["SignatureMove","FlurryOfBlows"],"picked":"Consecrate","floor":19}],"player_experience":274139,"relics_obtained":[{"floor":6,"key":"Bag of Preparation"},{"floor":9,"key":"Blood Vial"}],"event_choices":[{"damage_healed":0,"gold_gain":0,"player_choice":"Success","damage_taken":3,"relics_obtained":["PreservedInsect"],"max_hp_gain":0,"max_hp_loss":0,"event_name":"Scrap Ooze","floor":2,"gold_loss":0},{"damage_healed":0,"gold_gain":0,"player_choice":"Ignored","damage_taken":0,"max_hp_gain":0,"max_hp_loss":0,"event_name":"Golden Wing","floor":3,"gold_loss":0},{"damage_healed":0,"gold_gain":0,"player_choice":"Lose Max HP","damage_taken":0,"relics_obtained":["Golden Idol"],"max_hp_gain":0,"max_hp_loss":5,"event_name":"Golden Idol","floor":4,"gold_loss":0},{"damage_healed":0,"gold_gain":0,"player_choice":"Ignored","damage_taken":0,"max_hp_gain":0,"max_hp_loss":0,"event_name":"Liars Game","floor":14,"gold_loss":0},{"damage_healed":0,"gold_gain":0,"player_choice":"Gave Potion","damage_taken":0,"relics_obtained":["infinitespire:EmpoweringShard"],"max_hp_gain":0,"max_hp_loss":0,"event_name":"WeMeetAgain","floor":21,"gold_loss":0}],"is_beta":false,"boss_relics":[{"not_picked":["Runic Dome","Snecko Eye"],"picked":"Cursed Key"}],"items_purged_floors":[],"is_endless":false,"potions_floor_spawned":[6,7,16],"killed_by":"Shelled Parasite and Fungi","ascension_level":0}}