{"host":"jngeqill3bw7azzz","time":1614443027,"event":{"mods":["BaseMod","Highlight Path","Minty Spire (QoL Compilation)","Permanent Neow","Relic Stats"],"gold_per_floor":[213,213,51,71,89,89,118,133,184,210,210,227,291,322,322,399,399,417,136,61,86,1,1,26,26,53,79,24,50,64,96,96,170,170,180,198,198,212,232,262,262,276,353,388,388,401,416,450,450,450,450,450,450,234,268,268,268],"floor_reached":56,"language":"ENG","playtime":5150,"items_purged":["Strike_R","Strike_R"],"score":2191,"play_id":"8bca33dd-73c1-498c-a92c-2b8f36f37ae4","local_time":"20210227112347","is_ascension_mode":true,"campfire_choices":[{"data":"Heavy Blade","floor":6,"key":"SMITH"},{"data":"Bash","floor":11,"key":"SMITH"},{"data":"Heavy Blade","floor":15,"key":"SMITH"},{"data":"Shockwave","floor":23,"key":"SMITH"},{"floor":25,"key":"REST"},{"data":"Battle Trance","floor":32,"key":"SMITH"},{"data":"Whirlwind","floor":41,"key":"SMITH"},{"floor":49,"key":"RECALL"},{"data":"Madness","floor":53,"key":"SMITH"}],"circlet_count":0,"master_deck":["AscendersBane","Strike_R","Strike_R","Defend_R","Defend_R","Defend_R+1","Bash+1","Anger","Heavy Blade+1","Thunderclap","Fiend Fire","Heavy Blade+1","Intimidate+1","Shockwave+1","Reaper","Whirlwind+1","Double Tap","Shockwave","Battle Trance+1","Clothesline+1","Shrug It Off+1","Pommel Strike+1","Madness","Madness+1","Havoc+1","Reaper+1","Disarm+1","Disarm+1","Berserk+1","Sword Boomerang+1"],"relics":["Burning Blood","Brimstone","Self Forming Clay","Regal Pillow","PreservedInsect","Omamori","Blood Vial","Black Star","Frozen Eye","Red Mask","Molten Egg 2","Magic Flower","Boot","War Paint","Eternal Feather","Strawberry","Centennial Puzzle","Pen Nib","Orichalcum","Mercury Hourglass","FossilizedHelix","SlaversCollar","Dream Catcher","Frozen Egg 2","Letter Opener","Toy Ornithopter","Smiling Mask","CeramicFish","Happy Flower","Blue Candle","Lizard Tail"],"acts_visited":["Exordium","TheCity","TheBeyond","TheEnding"],"potions_floor_usage":[18,31,56,56,56,56],"damage_taken":[{"damage":2,"enemies":"Cultist","floor":1,"turns":4},{"damage":5,"enemies":"Small Slimes","floor":4,"turns":3},{"damage":2,"enemies":"2 Louse","floor":5,"turns":3},{"damage":10,"enemies":"Gremlin Nob","floor":7,"turns":3},{"damage":5,"enemies":"Red Slaver","floor":8,"turns":2},{"damage":0,"enemies":"Lagavulin","floor":10,"turns":4},{"damage":7,"enemies":"Looter","floor":12,"turns":2},{"damage":6,"enemies":"Gremlin Nob","floor":13,"turns":3},{"damage":11,"enemies":"3 Sentries","floor":14,"turns":3},{"damage":4,"enemies":"Slime Boss","floor":16,"turns":6},{"damage":13,"enemies":"2 Thieves","floor":18,"turns":3},{"damage":30,"enemies":"Masked Bandits","floor":21,"turns":4},{"damage":33,"enemies":"Slavers","floor":24,"turns":4},{"damage":20,"enemies":"Book of Stabbing","floor":27,"turns":3},{"damage":25,"enemies":"Slavers","floor":29,"turns":4},{"damage":10,"enemies":"Shell Parasite","floor":30,"turns":2},{"damage":18,"enemies":"Gremlin Leader","floor":31,"turns":4},{"damage":76,"enemies":"Automaton","floor":33,"turns":7},{"damage":28,"enemies":"3 Darklings","floor":35,"turns":4},{"damage":15,"enemies":"Orb Walker","floor":36,"turns":4},{"damage":32,"enemies":"Sphere and 2 Shapes","floor":38,"turns":5},{"damage":23,"enemies":"Maw","floor":39,"turns":6},{"damage":38,"enemies":"Nemesis","floor":40,"turns":3},{"damage":0,"enemies":"4 Shapes","floor":42,"turns":5},{"damage":28,"enemies":"Giant Head","floor":44,"turns":5},{"damage":15,"enemies":"Sphere and 2 Shapes","floor":46,"turns":3},{"damage":19,"enemies":"Maw","floor":47,"turns":6},{"damage":33,"enemies":"Nemesis","floor":48,"turns":5},{"damage":70,"enemies":"Time Eater","floor":50,"turns":9},{"damage":66,"enemies":"Awakened One","floor":51,"turns":8},{"damage":49,"enemies":"Shield and Spear","floor":55,"turns":5},{"damage":217,"enemies":"The Heart","floor":56,"turns":8}],"seed_played":"5187348323435094464","potions_obtained":[{"floor":5,"key":"LiquidMemories"},{"floor":7,"key":"Block Potion"},{"floor":21,"key":"SpeedPotion"},{"floor":24,"key":"Weak Potion"},{"floor":36,"key":"EntropicBrew"}],"is_trial":false,"path_per_floor":["M","?","$","M","M","R","E","M","T","E","R","M","?","E","R","B",null,"M","$","?","?","?","R","E","R","T","E","?","E","M","E","R","B",null,"M","M","?","M","M","E","R","M","T","E","?","M","M","E","R","B","B",null,"R","$","E","B"],"character_chosen":"IRONCLAD","items_purchased":["Brimstone","Whirlwind","Frozen Eye","Happy Flower"],"campfire_rested":1,"item_purchase_floors":[3,19,19,54],"current_hp_per_floor":[72,65,65,66,70,70,66,67,67,73,73,72,72,67,67,71,74,75,75,75,64,64,64,39,75,75,71,71,58,60,82,82,49,74,82,82,67,47,59,33,48,82,82,63,63,82,82,82,82,82,82,82,82,82,82,0,0],"gold":268,"neow_bonus":"HUNDRED_GOLD","is_daily":false,"chose_seed":false,"campfire_upgraded":7,"win_rate":0.0,"timestamp":1614443027,"path_taken":["M","?","$","M","M","R","E","M","T","E","R","M","?","E","R","BOSS","M","$","?","?","?","R","E","R","T","E","?","E","?","E","R","BOSS","M","M","?","M","M","E","R","M","T","E","?","M","M","E","R","BOSS","BOSS","R","$","E","BOSS"],"items_purchased_type":["Relic","Card","Relic","Relic"],"build_version":"2020-12-22","purchased_purges":2,"victory":false,"max_hp_per_floor":[75,75,75,75,75,75,75,75,75,75,75,75,75,75,75,75,75,75,75,75,75,75,75,75,75,75,82,82,82,82,82,82,82,82,82,82,82,82,82,82,82,82,82,82,82,82,82,82,82,82,82,82,82,82,82,82,82],"relic_stats":{"Regal Pillow":14,"Happy Flower":[4],"counters":[32,140],"Self Forming Clay":[312],"CeramicFish":18,"Blue Candle":[0],"Magic Flower":[153],"Eternal Feather":15,"PreservedInsect":531,"Pen Nib":[15],"Letter Opener":[57],"War Paint":["Intimidate","Defend_R"],"Orichalcum":[240],"Boot":[13],"Smiling Mask":50,"Burning Blood":169,"Mercury Hourglass":[281],"Blood Vial":32,"Centennial Puzzle":[51],"Dream Catcher":0,"Lizard Tail":62,"Black Star":8,"obtain_stats":[{"Regal Pillow":9,"CeramicFish":48,"Magic Flower":24,"Boot":24,"Smiling Mask":48,"Burning Blood":0,"Blood Vial":14,"Frozen Eye":19,"Centennial Puzzle":28,"Dream Catcher":40,"Lizard Tail":55,"Strawberry":27,"Red Mask":21,"Happy Flower":54,"Self Forming Clay":7,"Blue Candle":55,"Eternal Feather":27,"PreservedInsect":10,"Pen Nib":29,"Omamori":13,"Letter Opener":44,"War Paint":26,"Orichalcum":29,"Frozen Egg 2":40,"Mercury Hourglass":31,"SlaversCollar":34,"Brimstone":3,"Molten Egg 2":22,"Black Star":17,"FossilizedHelix":31,"Toy Ornithopter":44},{"Regal Pillow":5,"CeramicFish":28,"Magic Flower":13,"Boot":13,"Smiling Mask":28,"Burning Blood":0,"Blood Vial":9,"Frozen Eye":11,"Centennial Puzzle":14,"Dream Catcher":23,"Lizard Tail":31,"Strawberry":14,"Red Mask":12,"Happy Flower":30,"Self Forming Clay":4,"Blue Candle":31,"Eternal Feather":14,"PreservedInsect":6,"Pen Nib":15,"Omamori":8,"Letter Opener":25,"War Paint":13,"Orichalcum":15,"Frozen Egg 2":23,"Mercury Hourglass":17,"SlaversCollar":18,"Brimstone":1,"Molten Egg 2":12,"Black Star":10,"FossilizedHelix":17,"Toy Ornithopter":25},{"Regal Pillow":15,"CeramicFish":110,"Magic Flower":44,"Boot":44,"Smiling Mask":110,"Burning Blood":0,"Blood Vial":27,"Frozen Eye":36,"Centennial Puzzle":47,"Dream Catcher":86,"Lizard Tail":132,"Strawberry":47,"Red Mask":40,"Happy Flower":127,"Self Forming Clay":13,"Blue Candle":132,"Eternal Feather":47,"PreservedInsect":19,"Pen Nib":51,"Omamori":24,"Letter Opener":96,"War Paint":44,"Orichalcum":51,"Frozen Egg 2":86,"Mercury Hourglass":57,"SlaversCollar":64,"Brimstone":4,"Molten Egg 2":40,"Black Star":33,"FossilizedHelix":57,"Toy Ornithopter":96}],"Toy Ornithopter":32},"card_choices":[{"not_picked":["Iron Wave","Infernal Blade"],"picked":"Anger","floor":1},{"not_picked":["True Grit","Demon Form"],"picked":"Heavy Blade","floor":4},{"not_picked":["Flex","Spot Weakness"],"picked":"Thunderclap","floor":5},{"not_picked":["Carnage","Armaments","Infernal Blade"],"picked":"SKIP","floor":7},{"not_picked":["Warcry","Dropkick","Dark Embrace"],"picked":"SKIP","floor":8},{"not_picked":["Pommel Strike","Perfected Strike"],"picked":"Fiend Fire","floor":10},{"not_picked":["Pummel","Anger"],"picked":"Heavy Blade","floor":12},{"not_picked":["True Grit","Thunderclap"],"picked":"Intimidate","floor":13},{"not_picked":["Fiend Fire","Rupture"],"picked":"Shockwave","floor":14},{"not_picked":["Offering","Immolate"],"picked":"Reaper","floor":16},{"not_picked":["Flex+1","Clash","Pommel Strike"],"picked":"SKIP","floor":18},{"not_picked":["Flex+1","Clash","Pommel Strike"],"picked":"SKIP","floor":18},{"not_picked":["Armaments","Seeing Red+1"],"picked":"Double Tap","floor":24},{"not_picked":["Bloodletting","Second Wind"],"picked":"Shockwave","floor":27},{"not_picked":["Infernal Blade","Clash+1","Cleave+1"],"picked":"SKIP","floor":29},{"not_picked":["Wild Strike+1","Thunderclap+1"],"picked":"Battle Trance","floor":30},{"not_picked":["Shrug It Off","Twin Strike+1"],"picked":"Clothesline+1","floor":31},{"not_picked":["Twin Strike+1","Headbutt+1"],"picked":"Shrug It Off+1","floor":35},{"not_picked":["Havoc+1","Perfected Strike+1"],"picked":"Pommel Strike+1","floor":36},{"not_picked":["Body Slam+1","Searing Blow+1","Rage"],"picked":"SKIP","floor":38},{"not_picked":["Rage","Iron Wave+1"],"picked":"Havoc","floor":39},{"not_picked":["Rage","Pummel+1"],"picked":"Reaper+1","floor":40},{"not_picked":["Body Slam+1","Cleave+1","Entrench"],"picked":"SKIP","floor":42},{"not_picked":["Intimidate+1","Blood for Blood+1"],"picked":"Disarm+1","floor":44},{"not_picked":["Shockwave","Clash+1"],"picked":"Disarm+1","floor":46},{"not_picked":["Rupture+1","Second Wind+1","Fire Breathing+1"],"picked":"SKIP","floor":47},{"not_picked":["Warcry+1","Headbutt+1"],"picked":"Berserk+1","floor":48},{"not_picked":["Body Slam+1","Fiend Fire+1"],"picked":"Sword Boomerang+1","floor":55}],"player_experience":2702089,"relics_obtained":[{"floor":7,"key":"Self Forming Clay"},{"floor":9,"key":"Regal Pillow"},{"floor":10,"key":"PreservedInsect"},{"floor":13,"key":"Omamori"},{"floor":14,"key":"Blood Vial"},{"floor":21,"key":"Red Mask"},{"floor":24,"key":"Magic Flower"},{"floor":24,"key":"Boot"},{"floor":26,"key":"War Paint"},{"floor":27,"key":"Eternal Feather"},{"floor":27,"key":"Strawberry"},{"floor":29,"key":"Pen Nib"},{"floor":29,"key":"Orichalcum"},{"floor":31,"key":"Mercury Hourglass"},{"floor":31,"key":"FossilizedHelix"},{"floor":40,"key":"Dream Catcher"},{"floor":40,"key":"Frozen Egg 2"},{"floor":44,"key":"Letter Opener"},{"floor":44,"key":"Toy Ornithopter"},{"floor":48,"key":"Smiling Mask"},{"floor":48,"key":"CeramicFish"},{"floor":55,"key":"Blue Candle"},{"floor":55,"key":"Lizard Tail"}],"event_choices":[{"cards_removed":["Strike_R"],"damage_healed":0,"gold_gain":0,"player_choice":"Card Removal","damage_taken":7,"max_hp_gain":0,"max_hp_loss":0,"event_name":"Golden Wing","floor":2,"gold_loss":0},{"damage_healed":0,"gold_gain":0,"player_choice":"Searched \u00272\u0027 times","damage_taken":0,"max_hp_gain":0,"max_hp_loss":0,"event_name":"Dead Adventurer","floor":13,"gold_loss":0},{"cards_removed":["Defend_R"],"damage_healed":0,"gold_gain":0,"player_choice":"Gave Gold","damage_taken":0,"max_hp_gain":0,"max_hp_loss":0,"event_name":"Beggar","floor":20,"gold_loss":75},{"damage_healed":0,"gold_gain":0,"player_choice":"Fought Bandits","damage_taken":0,"max_hp_gain":0,"max_hp_loss":0,"event_name":"Masked Bandits","floor":21,"gold_loss":0},{"damage_healed":0,"gold_gain":0,"player_choice":"Obtained Relic","damage_taken":0,"relics_obtained":["Molten Egg 2"],"max_hp_gain":0,"max_hp_loss":0,"event_name":"Addict","floor":22,"gold_loss":85},{"damage_healed":0,"gold_gain":0,"player_choice":"Paid Gold","damage_taken":0,"relics_obtained":["Centennial Puzzle"],"max_hp_gain":0,"max_hp_loss":0,"event_name":"WeMeetAgain","floor":28,"gold_loss":55},{"damage_healed":0,"gold_gain":0,"player_choice":"Embrace Madness","damage_taken":15,"max_hp_gain":0,"max_hp_loss":0,"event_name":"Winding Halls","floor":37,"gold_loss":0,"cards_obtained":["Madness","Madness"]},{"damage_healed":0,"gold_gain":0,"player_choice":"Forge","damage_taken":0,"max_hp_gain":0,"max_hp_loss":0,"event_name":"Accursed Blacksmith","floor":45,"gold_loss":0,"cards_upgraded":["Havoc"]}],"is_beta":false,"boss_relics":[{"not_picked":["Empty Cage","Mark of Pain"],"picked":"Black Star"},{"not_picked":["Runic Pyramid","Runic Dome"],"picked":"SlaversCollar"}],"items_purged_floors":[19,54],"is_endless":false,"potions_floor_spawned":[5,7,8,12,14,21,24,36,44,46,47,48,55],"killed_by":"The Heart","ascension_level":20}}