{"host":"gvgax75aunlv59s2","time":1614456286,"event":{"mods":["BaseMod","Bossed Relics","Curses Come First","Decade(???)","Googly Eyes","GungeonMod","Hermit","Highlight Path","Infinite Spire","Minty Spire (QoL Compilation)","Replay The Spire","Robot Space Explorer","Shop Mod","Spicy Shops","Spikes Relics","Spire Arcade","StSLib","Synergy Search","The Bug Knight","The Cursed","The Hierophant","The Runesmith","The Servant 0.9.4","TheBandit","[IsaacMod]????"],"gold_per_floor":[113,124,138,151,151,184,201,74,148,158,333,111,121,131,131,226,226,243,243,296,7,81,81,110,129,208,218,26,41,41,0,0,101,101,114,124,134,134,149,149,149,149],"floor_reached":41,"language":"ENG","playtime":2366,"items_purged":["Strike_R","Doubt","Strike_R"],"score":517,"play_id":"6c83611f-4597-42b7-9486-75ef7418cd3c","local_time":"20210227150446","is_ascension_mode":false,"campfire_choices":[{"data":"Iron Wave","floor":15,"key":"SMITH"},{"data":"Iron Wave","floor":23,"key":"SMITH"},{"data":"Bash","floor":30,"key":"SMITH"},{"floor":32,"key":"REST"},{"data":"DemoMod:BlackBlade","floor":32,"key":"SMITH"},{"data":"Feed","floor":40,"key":"SMITH"}],"circlet_count":0,"master_deck":["Strike_R","Strike_R","Strike_R","Defend_R","Defend_R","Defend_R","Defend_R","Bash+1","Enlightenment","Heavy Blade","Twin Strike","Headbutt","Twin Strike","Warcry","Iron Wave+1","Cleave","Iron Wave+1","Infernal Blade+1","DemoMod:BlackBlade+1","DemoMod:WhiteBlade","Feed+1","Seeing Red","Infernal Blade+1","Seeing Red","Parasite","Uppercut","Power Through+1"],"relics":["Black Blood","HushsDoor","GuppysTail","DemoMod:ClearGuonStone","Kunai","GnawedLeaf","infinitespire:ShieldingShard","Enchiridion","DemoMod:ResourcefulSack","ExplosiveVial","Gremlin Horn","infinitespire:Magic Flask","Paper Frog","SteamSale","GuppysHead","BargainBundle","BelialBook","Replay:Ancient Bell","DemoMod:GlassGuonStoneRelic"],"acts_visited":["Exordium","TheCity","TheBeyond"],"potions_floor_usage":[3,16],"damage_taken":[{"damage":11,"enemies":"infinitespire:Voidling","floor":1,"turns":4},{"damage":6,"enemies":"Jaw Worm","floor":2,"turns":2},{"damage":0,"enemies":"Cultist","floor":3,"turns":3},{"damage":6,"enemies":"Looter","floor":4,"turns":4},{"damage":31,"enemies":"3 Sentries","floor":6,"turns":8},{"damage":4,"enemies":"Blue Slaver","floor":7,"turns":2},{"damage":8,"enemies":"Exordium Thugs","floor":10,"turns":4},{"damage":0,"enemies":"2 Fungi Beasts","floor":13,"turns":3},{"damage":0,"enemies":"Large Slime","floor":14,"turns":4},{"damage":13,"enemies":"Slime Boss","floor":16,"turns":10},{"damage":6,"enemies":"Chosen","floor":18,"turns":6},{"damage":37,"enemies":"Slavers","floor":24,"turns":5},{"damage":0,"enemies":"2 Thieves","floor":25,"turns":3},{"damage":4,"enemies":"Snake Plant","floor":27,"turns":4},{"damage":11,"enemies":"Sentry and Sphere","floor":29,"turns":4},{"damage":0,"enemies":"Automaton","floor":33,"turns":1},{"damage":0,"enemies":"3 Darklings","floor":35,"turns":3},{"damage":14,"enemies":"Orb Walker","floor":36,"turns":3},{"damage":48,"enemies":"Writhing Mass","floor":37,"turns":5},{"damage":0,"enemies":"Jaw Worm Horde","floor":39,"turns":2},{"damage":0,"enemies":"Maw","floor":41,"turns":2}],"seed_played":"-4206969816218612799","potions_obtained":[{"floor":2,"key":"LifebloodPotion"},{"floor":3,"key":"LiquidBronze"},{"floor":4,"key":"SkillPotion"},{"floor":6,"key":"Dexterity Potion"},{"floor":14,"key":"Adrenaline Potion"},{"floor":16,"key":"Elixir"}],"is_trial":false,"path_per_floor":["M","M","M","M","?","E","M","$","T","M","?","$","M","M","R","B",null,"M","?","?","$","T","R","E","M","T","M","$","M","R","$","R","B",null,"M","M","M","?","M","R","M"],"character_chosen":"IRONCLAD","items_purchased":["Cleave","infinitespire:ShieldingShard","DemoMod:ResourcefulSack","ExplosiveVial","SteamSale","GuppysHead","BargainBundle","DemoMod:WhiteBlade","Metallicize","BelialBook","ChaosCard","Seeing Red"],"campfire_rested":1,"item_purchase_floors":[8,12,21,21,28,28,31,31,31,31,31,34],"current_hp_per_floor":[80,80,80,80,65,72,74,74,74,72,72,72,78,80,80,73,80,80,64,64,64,64,64,39,51,51,59,59,60,60,60,80,80,78,78,76,40,40,52,52,52,52],"gold":149,"neow_bonus":"RANDOM_COLORLESS","is_daily":false,"chose_seed":false,"campfire_upgraded":5,"win_rate":0.0,"timestamp":1614456286,"path_taken":["M","M","M","?","?","E","M","$","T","M","?","$","?","M","R","BOSS","M","?","?","?","?","R","E","M","T","M","$","M","R","$","R","BOSS","M","M","M","?","?","R","M"],"items_purchased_type":["Card","Relic","Relic","Relic","Relic","Relic","Relic","Card","Card","Relic","Card","Card"],"build_version":"2020-12-22","purchased_purges":3,"victory":false,"max_hp_per_floor":[80,80,80,80,80,80,80,80,80,80,80,80,80,80,80,80,80,80,80,80,80,80,80,80,80,80,80,80,80,80,80,80,80,78,78,78,78,78,78,78,78,78],"card_choices":[{"not_picked":["Flash of Steel","Dark Shackles"],"picked":"Enlightenment","floor":0},{"not_picked":["Anger","Bomb"],"picked":"Heavy Blade","floor":1},{"not_picked":["Disarm","Invigoration"],"picked":"Twin Strike","floor":2},{"not_picked":["Perfected Strike","Pommel Strike"],"picked":"Headbutt","floor":3},{"not_picked":["Hemokinesis","Wild Strike"],"picked":"Twin Strike","floor":4},{"not_picked":["Bomb","ReplayTheSpireMod:Strike From Hell"],"picked":"Warcry","floor":6},{"not_picked":["Clash","Warcry"],"picked":"Iron Wave","floor":7},{"not_picked":["Intimidate","Dark Embrace","Defy Death"],"picked":"SKIP","floor":10},{"not_picked":["Dual Wield","Replay:Undeath\u0027s Touch","Pommel Strike"],"picked":"SKIP","floor":13},{"not_picked":["Anger","Dual Wield"],"picked":"Iron Wave","floor":14},{"not_picked":["Cleave","Twin Strike"],"picked":"Infernal Blade+1","floor":18},{"not_picked":["Sword Boomerang","Rupture+1","Brutality"],"picked":"SKIP","floor":24},{"not_picked":["Sword Boomerang","Rupture+1","Brutality"],"picked":"SKIP","floor":24},{"not_picked":["Second Wind","True Grit","Shrug It Off"],"picked":"SKIP","floor":25},{"not_picked":["Absolvement+1","Anger","Sword Boomerang"],"picked":"SKIP","floor":27},{"not_picked":["Heavy Blade","True Grit","Shrug It Off"],"picked":"SKIP","floor":29},{"not_picked":["Replay:Many Hands","Immolate"],"picked":"Feed","floor":33},{"not_picked":["ReplayTheSpireMod:Limb From Limb+1","Pommel Strike+1"],"picked":"Infernal Blade+1","floor":35},{"not_picked":["ReplayTheSpireMod:Strike From Hell+1","Rampage"],"picked":"Seeing Red","floor":36},{"not_picked":["Searing Blow+1","Havoc+1"],"picked":"Uppercut","floor":37},{"not_picked":["Thunderclap","Wild Strike+1"],"picked":"Power Through+1","floor":39}],"player_experience":208566,"relics_obtained":[{"floor":6,"key":"Kunai"},{"floor":9,"key":"GnawedLeaf"},{"floor":19,"key":"Enchiridion"},{"floor":22,"key":"Gremlin Horn"},{"floor":24,"key":"infinitespire:Magic Flask"},{"floor":26,"key":"Paper Frog"}],"event_choices":[{"damage_healed":0,"gold_gain":175,"player_choice":"AGREE","damage_taken":0,"max_hp_gain":0,"max_hp_loss":0,"event_name":"Liars Game","floor":11,"gold_loss":0,"cards_obtained":["Doubt"]},{"damage_healed":0,"gold_gain":0,"player_choice":"Obtained Book","damage_taken":16,"max_hp_gain":0,"max_hp_loss":0,"event_name":"Cursed Tome","floor":19,"gold_loss":0},{"cards_removed":["Metallicize"],"damage_healed":0,"gold_gain":0,"player_choice":"Removed Power","damage_taken":0,"max_hp_gain":0,"max_hp_loss":0,"event_name":"Falling","floor":38,"gold_loss":0}],"is_beta":false,"boss_relics":[{"not_picked":["Astrolabe","infinitespire:Cupcake"],"picked":"Black Blood"},{"not_picked":[]},{"not_picked":["Ooze Armor","Tiny House"],"picked":"Replay:Ancient Bell"},{"not_picked":[]}],"items_purged_floors":[8,12,31],"is_endless":false,"potions_floor_spawned":[2,3,4,6,14,16,24,33],"killed_by":"Maw","ascension_level":0}}