{"host":"7cp3z5w0tcrrm8ys","time":1614413307,"event":{"mods":["AchievementEnabler","BaseMod","DeckTracker","Minty Spire (QoL Compilation)","StSLib","SuperFastMode"],"gold_per_floor":[111,131,131,181,181,181,197,42,42,52,24,49,60,78,78,156,156,175,175,175,175,186,186,2,2,2],"floor_reached":25,"language":"KOR","playtime":478,"items_purged":["Pain","Strike_R+1"],"score":402,"play_id":"5eeb4755-f3ce-4cd1-9142-d45daeb0b117","local_time":"20210227170827","is_ascension_mode":true,"campfire_choices":[{"data":"Anger","floor":6,"key":"SMITH"},{"data":"Body Slam","floor":15,"key":"SMITH"},{"floor":23,"key":"REST"}],"circlet_count":0,"master_deck":["AscendersBane","Strike_R+1","Strike_R+1","Strike_R+1","Strike_R+1","Defend_R+1","Defend_R+1","Defend_R+1","Defend_R+1","Bash+1","Anger+1","Wild Strike","Shrug It Off","Clothesline","Body Slam+1","Metallicize","Shrug It Off","Barricade","Body Slam+1","Rage+1","Shockwave"],"relics":["Burning Blood","Ginger","WarpedTongs","MealTicket","Bronze Scales","Sozu"],"acts_visited":["Exordium","TheCity"],"potions_floor_usage":[12,12,16],"damage_taken":[{"damage":9,"enemies":"Small Slimes","floor":1,"turns":4},{"damage":1,"enemies":"Cultist","floor":2,"turns":3},{"damage":12,"enemies":"2 Louse","floor":7,"turns":2},{"damage":23,"enemies":"Large Slime","floor":10,"turns":6},{"damage":20,"enemies":"3 Sentries","floor":12,"turns":8},{"damage":1,"enemies":"Blue Slaver","floor":13,"turns":3},{"damage":3,"enemies":"2 Fungi Beasts","floor":14,"turns":3},{"damage":16,"enemies":"The Guardian","floor":16,"turns":11},{"damage":19,"enemies":"Spheric Guardian","floor":18,"turns":5},{"damage":16,"enemies":"3 Byrds","floor":22,"turns":3},{"damage":70,"enemies":"Slavers","floor":25,"turns":5}],"seed_played":"-6484133121412780202","potions_obtained":[{"floor":2,"key":"ColorlessPotion"},{"floor":12,"key":"GamblersBrew"}],"is_trial":false,"path_per_floor":["M","M","?","?","?","R","M","$","T","M","$","E","M","M","R","B",null,"M","?","?","?","M","R","$","E"],"character_chosen":"IRONCLAD","items_purchased":["Regen Potion","Body Slam","Shockwave"],"campfire_rested":1,"item_purchase_floors":[8,11,24],"current_hp_per_floor":[47,52,52,52,52,52,46,46,46,29,44,45,50,53,53,43,67,54,33,33,33,23,47,62,0,0],"gold":2,"neow_bonus":"ONE_RARE_RELIC","is_daily":false,"chose_seed":false,"campfire_upgraded":2,"win_rate":0.0,"timestamp":1614413307,"path_taken":["M","M","?","?","?","R","M","$","T","?","$","E","M","M","R","BOSS","M","?","?","?","M","R","$","E"],"items_purchased_type":["Potion","Card","Card"],"build_version":"2020-12-22","purchased_purges":2,"victory":false,"max_hp_per_floor":[75,75,75,75,75,75,75,75,75,75,75,75,75,75,75,75,75,75,80,80,80,80,80,80,80,80],"card_choices":[{"not_picked":["Body Slam","Twin Strike"],"picked":"Anger","floor":1},{"not_picked":["Feel No Pain","Headbutt"],"picked":"Wild Strike","floor":2},{"not_picked":["Pommel Strike","Twin Strike"],"picked":"Shrug It Off","floor":7},{"not_picked":["Bloodletting","Blood for Blood"],"picked":"Clothesline","floor":10},{"not_picked":["Sword Boomerang","Hemokinesis"],"picked":"Metallicize","floor":12},{"not_picked":["Infernal Blade","Wild Strike","Flex"],"picked":"SKIP","floor":13},{"not_picked":["Thunderclap","Fire Breathing"],"picked":"Shrug It Off","floor":14},{"not_picked":["Limit Break","Reaper"],"picked":"Barricade","floor":16},{"not_picked":["Pommel Strike","Flex"],"picked":"Body Slam+1","floor":18},{"not_picked":["Cleave","Warcry"],"picked":"Rage+1","floor":22}],"player_experience":838996,"relics_obtained":[{"floor":9,"key":"MealTicket"},{"floor":12,"key":"Bronze Scales"}],"event_choices":[{"damage_healed":0,"gold_gain":0,"player_choice":"Grow","damage_taken":0,"max_hp_gain":0,"max_hp_loss":0,"event_name":"Living Wall","floor":3,"gold_loss":0,"cards_upgraded":["Bash"]},{"damage_healed":0,"gold_gain":50,"player_choice":"Gained Gold","damage_taken":0,"max_hp_gain":0,"max_hp_loss":0,"event_name":"Golden Wing","floor":4,"gold_loss":0},{"damage_healed":0,"gold_gain":0,"player_choice":"Rummage","damage_taken":0,"relics_obtained":["WarpedTongs"],"max_hp_gain":0,"max_hp_loss":0,"event_name":"Accursed Blacksmith","floor":5,"gold_loss":0,"cards_obtained":["Pain"]},{"damage_healed":0,"gold_gain":0,"player_choice":"Shed Blood","damage_taken":26,"max_hp_gain":5,"max_hp_loss":0,"event_name":"Forgotten Altar","floor":19,"gold_loss":0},{"damage_healed":0,"gold_gain":0,"player_choice":"Simplicity","damage_taken":0,"max_hp_gain":0,"max_hp_loss":0,"event_name":"Back to Basics","floor":20,"gold_loss":0,"cards_upgraded":["Strike_R","Strike_R","Strike_R","Strike_R","Strike_R","Defend_R","Defend_R","Defend_R","Defend_R"]},{"damage_healed":0,"gold_gain":0,"player_choice":"Ignored","damage_taken":0,"max_hp_gain":0,"max_hp_loss":0,"event_name":"The Mausoleum","floor":21,"gold_loss":0}],"is_beta":false,"boss_relics":[{"not_picked":["Astrolabe","Velvet Choker"],"picked":"Sozu"}],"items_purged_floors":[8,24],"is_endless":false,"potions_floor_spawned":[2,12,18,22],"killed_by":"Slavers","ascension_level":20}}