{"host":"Lucas","time":1614443681,"event":{"mods":["BaseMod","Downfall","Minty Spire (QoL Compilation)","READ ME - Guardian Mod","StSLib","The Cursed","The Disciple","The Necromancer","The Servant 0.9.4"],"gold_per_floor":[99,109,94,113,98,430,430,430,880,1055,1055,1071,1103,1123,1134,1235,1235,1235,1245,1245,1262,1275,1292,1292,1325,1337,1337,716,745,818,852,870,966,966,966,982,1981,1992,1992,2008,2008,2025,2105,2105,1501,1501,1520,1520],"floor_reached":49,"language":"ENG","playtime":2645,"items_purged":["Pain"],"score":998,"play_id":"5bb29bbe-3c96-4d4e-9dee-a0bda557d4ef","local_time":"20210227163441","is_ascension_mode":true,"campfire_choices":[{"data":"TheCursedMod:CursedWand","floor":1.0,"key":"SMITH"},{"data":"TheCursedMod:WearCloak","floor":11.0,"key":"SMITH"},{"data":"TheCursedMod:CleanUpWorkshop","floor":18,"key":"SMITH"},{"floor":27,"key":"REST"},{"data":"TheCursedMod:VoidForm","floor":35,"key":"SMITH"},{"floor":44,"key":"REST"}],"circlet_count":0,"master_deck":["TheCursedMod:Strike_TheCursed","TheCursedMod:Strike_TheCursed","TheCursedMod:Strike_TheCursed","TheCursedMod:Strike_TheCursed","TheCursedMod:Defend_TheCursed","TheCursedMod:Defend_TheCursed+1","TheCursedMod:Defend_TheCursed","TheCursedMod:Defend_TheCursed","TheCursedMod:CursedWand+1","TheCursedMod:CleanUpWorkshop+1","TheCursedMod:Dregs","TheCursedMod:CursedMace","TheCursedMod:WearCloak+1","TheCursedMod:CircleOfCorruption","TheCursedMod:DemonSword+1","TheCursedMod:CursedAmulet+1","downfall:Icky","downfall:Icky","downfall:Icky","Doubt","TheCursedMod:CircleOfFlame","TheCursedMod:SoulReap+1","TheCursedMod:SmokeScreen","TheCursedMod:SpitefulStrike+1","TheCursedMod:DemonSword+1","TheCursedMod:CursedBlade+1","TheCursedMod:CursedBlade+1","TheCursedMod:AbyssShockwave+1","TheCursedMod:WearCloak+1","TheCursedMod:CursedBlade+1","TheCursedMod:CursedShiv+1","TheCursedMod:Neurasthenia","TheCursedMod:CursedBlade+1","TheCursedMod:HellsGateOpen","TheCursedMod:ManaBullet+1","TheCursedMod:LuckyCharm+1","TheCursedMod:SoulReap+1","expansioncontent:Hexaburn","TheCursedMod:CircleOfFlame+1","TheCursedMod:Stigma+1","TheCursedMod:VoidForm+1","TheCursedMod:Hemoplague+1","Normality","Normality","TheCursedMod:CursedShiv+1","expansioncontent:InvincibleStrength","TheCursedMod:CircleOfCorruption+1","TheCursedMod:SurpriseAttack+1","TheCursedMod:Hemoplague","Madness","TheCursedMod:SpitefulPray+1"],"relics":["TheCursedMod:BlackMagicAdvanced","Bag of Preparation","Old Coin","Molten Egg 2","Vajra","TheCursedMod:FourLeafCloverCharm","WarpedTongs","champ:DeflectingBracers","Pocketwatch","TheCursedMod:CrystalBall","HandDrill","MealTicket","War Paint","Tiny Chest","Potion Belt","Pear","Anchor","Pen Nib","Toolbox","downfall:TeleportStone"],"acts_visited":["Exordium","TheCity","TheBeyond"],"potions_floor_usage":[16,16,25,33],"damage_taken":[{"damage":0.0,"enemies":"2 Louse","floor":2.0,"turns":3.0},{"damage":0.0,"enemies":"downfall:FleeingMerchant","floor":3.0,"turns":4.0},{"damage":3.0,"enemies":"Small Slimes","floor":4.0,"turns":3.0},{"damage":0.0,"enemies":"downfall:FleeingMerchant","floor":5.0,"turns":4.0},{"damage":7.0,"enemies":"Gremlin Nob","floor":6.0,"turns":3.0},{"damage":1.0,"enemies":"Cultist","floor":12.0,"turns":3.0},{"damage":27.0,"enemies":"Lagavulin","floor":13.0,"turns":6.0},{"damage":9.0,"enemies":"3 Louse","floor":14.0,"turns":3.0},{"damage":8.0,"enemies":"downfall:LooterAlt","floor":15.0,"turns":3.0},{"damage":38,"enemies":"WA_ARCHETYPE_RETAIN","floor":16,"turns":8},{"damage":14,"enemies":"3 Byrds","floor":19,"turns":5},{"damage":12,"enemies":"downfall:LooterAlt2","floor":21,"turns":4},{"damage":15,"enemies":"3 Cultists","floor":22,"turns":4},{"damage":3,"enemies":"Cultist and Chosen","floor":23,"turns":4},{"damage":13,"enemies":"Gremlin Leader","floor":25,"turns":6},{"damage":14,"enemies":"Chosen and Byrds","floor":26,"turns":4},{"damage":1,"enemies":"downfall:FleeingMerchant","floor":28,"turns":4},{"damage":30,"enemies":"Slavers","floor":29,"turns":3},{"damage":14,"enemies":"downfall:FleeingMerchant","floor":30,"turns":3},{"damage":13,"enemies":"Book of Stabbing","floor":31,"turns":5},{"damage":0,"enemies":"Sentry and Sphere","floor":32,"turns":3},{"damage":37,"enemies":"IC_MUSHROOM_ARCHETYPE","floor":33,"turns":4},{"damage":32,"enemies":"3 Darklings","floor":36,"turns":6},{"damage":6,"enemies":"Orb Walker","floor":38,"turns":2},{"damage":0,"enemies":"Spire Growth","floor":40,"turns":4},{"damage":31,"enemies":"Writhing Mass","floor":42,"turns":4},{"damage":38,"enemies":"Transient","floor":47,"turns":5},{"damage":29,"enemies":"SI_POISON_ARCHETYPE","floor":48,"turns":6}],"seed_played":"-4720637056510972288","potions_obtained":[{"floor":4.0,"key":"Swift Potion"},{"floor":6.0,"key":"EssenceOfSteel"},{"floor":13.0,"key":"Weak Potion"},{"floor":14.0,"key":"SkillPotion"},{"floor":25,"key":"BlessingOfTheForge"},{"floor":26,"key":"FairyPotion"},{"floor":29,"key":"GamblersBrew"},{"floor":33,"key":"Swift Potion"}],"is_trial":false,"path_per_floor":["R","M","$","M","$","E","T","?","?","?","R","M","E","M","M","B",null,"R","M","?","M","M","M","T","E","M","R","$","E","$","E","M","B",null,"R","M","?","M","?","M","T","M","T","R","$","?","M","B",null],"character_chosen":"THE_CURSED","items_purchased":["TheCursedMod:CrystalBall","TheCursedMod:CursedBlade+1","TheCursedMod:HellsGateOpen","HandDrill","War Paint","TheCursedMod:SoulReap+1","expansioncontent:Hexaburn","Anchor","Pen Nib","Toolbox","TheCursedMod:Hemoplague","Madness"],"campfire_rested":2,"item_purchase_floors":[28,28,28,28,30,30,30,45,45,45,45,45],"current_hp_per_floor":[75,75,75,72,72,65,65,65,65,65,65,64,37,36,40,11,75,75,61,61,49,46,51,51,50,40,62,75,45,46,47,47,10,75,75,55,55,57,57,73,73,55,65,85,85,85,63,85],"gold":1520,"neow_bonus":"RANDOM_COMMON_RELIC","is_daily":false,"chose_seed":false,"campfire_upgraded":4,"win_rate":0.0,"timestamp":1614443681,"path_taken":["R","M","$","M","$","E","T","?","?","?","R","M","E","M","M","BOSS","R","M","?","M","M","M","T","E","?","R","$","E","$","E","M","BOSS","R","M","?","M","?","?","T","M","?","R","$","?","M","BOSS"],"items_purchased_type":["Relic","Card","Card","Relic","Relic","Card","Card","Relic","Relic","Relic","Card","Card"],"build_version":"2020-12-18","purchased_purges":1,"victory":true,"max_hp_per_floor":[75,75,75,75,75,75,75,75,75,75,75,75,75,75,75,75,75,75,75,75,75,75,75,75,75,75,75,75,75,75,75,75,75,75,75,75,75,75,75,75,75,75,85,85,85,85,85,85],"card_choices":[{"not_picked":["TheCursedMod:CursedAmulet","TheCursedMod:RavingStaff"],"picked":"TheCursedMod:CursedMace","floor":2.0},{"not_picked":["TheCursedMod:FleshFromBone","TheCursedMod:LuckyCharm"],"picked":"TheCursedMod:WearCloak","floor":3.0},{"not_picked":["TheCursedMod:RavingStaff","TheCursedMod:Wield"],"picked":"TheCursedMod:CircleOfCorruption","floor":4.0},{"not_picked":["TheCursedMod:Stigma","TheCursedMod:SurpriseAttack"],"picked":"TheCursedMod:DemonSword","floor":5.0},{"not_picked":["TheCursedMod:Obscuration","TheCursedMod:CircleOfCorruption"],"picked":"TheCursedMod:CursedAmulet","floor":6.0},{"not_picked":["TheCursedMod:VitalStrike+1","TheCursedMod:Torture"],"picked":"TheCursedMod:CircleOfFlame","floor":12.0},{"not_picked":["TheCursedMod:CursedSpellbook","TheCursedMod:Stigma+1"],"picked":"TheCursedMod:SoulReap+1","floor":13.0},{"not_picked":["TheCursedMod:UltimatePain","TheCursedMod:RavingStaff+1"],"picked":"TheCursedMod:SmokeScreen","floor":14.0},{"not_picked":["TheCursedMod:Wield+1","TheCursedMod:Grudge"],"picked":"TheCursedMod:SpitefulStrike+1","floor":15.0},{"not_picked":["TheCursedMod:DarkBarrier","TheCursedMod:ParallelWorld"],"picked":"TheCursedMod:DemonSword+1","floor":16},{"not_picked":["TheCursedMod:CircleOfFlame+1","TheCursedMod:Hemoplague"],"picked":"TheCursedMod:CursedBlade+1","floor":19},{"not_picked":["TheCursedMod:VitalStrike+1","TheCursedMod:BlessingInDisguise"],"picked":"TheCursedMod:CursedBlade+1","floor":21},{"not_picked":["TheCursedMod:CircleOfCorruption+1","TheCursedMod:Stigma+1"],"picked":"TheCursedMod:AbyssShockwave+1","floor":22},{"not_picked":["TheCursedMod:CursedAmulet","TheCursedMod:Wield+1"],"picked":"TheCursedMod:WearCloak+1","floor":23},{"not_picked":["TheCursedMod:Obscuration+1","TheCursedMod:CursedShiv+1"],"picked":"TheCursedMod:CursedBlade+1","floor":25},{"not_picked":["TheCursedMod:Wield+1","TheCursedMod:RapidMovement"],"picked":"TheCursedMod:CursedShiv+1","floor":26},{"not_picked":["TheCursedMod:RapidMovement","TheCursedMod:Torture"],"picked":"TheCursedMod:Neurasthenia","floor":28},{"not_picked":["TheCursedMod:LuckyCharm","TheCursedMod:HellsGateOpen"],"picked":"TheCursedMod:ManaBullet+1","floor":29},{"not_picked":["TheCursedMod:ReleasedKnowledge","TheCursedMod:DoubleShield"],"picked":"TheCursedMod:LuckyCharm+1","floor":30},{"not_picked":["TheCursedMod:SpitefulPray","TheCursedMod:AshesToAshes"],"picked":"TheCursedMod:CircleOfFlame+1","floor":31},{"not_picked":["TheCursedMod:Grudge","TheCursedMod:FleshFromBone"],"picked":"TheCursedMod:Stigma+1","floor":32},{"not_picked":["TheCursedMod:OutForBlood","TheCursedMod:AntiAging"],"picked":"TheCursedMod:VoidForm","floor":33},{"not_picked":["TheCursedMod:CircleOfWindfury+1","TheCursedMod:CircleOfFlame+1"],"picked":"TheCursedMod:Hemoplague+1","floor":36},{"not_picked":["TheCursedMod:RapidMovement+1","TheCursedMod:Torture"],"picked":"TheCursedMod:CursedShiv+1","floor":38},{"not_picked":["expansioncontent:Chronoboost","expansioncontent:LastStand"],"picked":"expansioncontent:InvincibleStrength","floor":39},{"not_picked":["TheCursedMod:AbyssShockwave+1","TheCursedMod:RavingStaff+1"],"picked":"TheCursedMod:CircleOfCorruption+1","floor":40},{"not_picked":["TheCursedMod:WearCloak","TheCursedMod:Torture"],"picked":"TheCursedMod:SurpriseAttack+1","floor":42},{"not_picked":["TheCursedMod:TroublousMinions","TheCursedMod:TacticalStrike+1"],"picked":"TheCursedMod:SpitefulPray+1","floor":47}],"player_experience":1354829,"relics_obtained":[{"floor":6.0,"key":"Old Coin"},{"floor":7.0,"key":"Molten Egg 2"},{"floor":13.0,"key":"Vajra"},{"floor":24,"key":"champ:DeflectingBracers"},{"floor":25,"key":"Pocketwatch"},{"floor":29,"key":"MealTicket"},{"floor":31,"key":"Tiny Chest"},{"floor":41,"key":"Potion Belt"},{"floor":43,"key":"Pear"}],"event_choices":[{"damage_healed":0.0,"max_hp_gain":0.0,"max_hp_loss":0.0,"gold_gain":0.0,"event_name":"Living Wall","player_choice":"Grow","floor":8.0,"gold_loss":0.0,"damage_taken":0.0,"cards_upgraded":["TheCursedMod:DemonSword"]},{"damage_healed":0,"gold_gain":0,"player_choice":"Rummage","damage_taken":0,"relics_obtained":["WarpedTongs"],"max_hp_gain":0,"max_hp_loss":0,"event_name":"Accursed Blacksmith","floor":20,"gold_loss":0,"cards_obtained":["Pain"]}],"is_beta":true,"boss_relics":[{"not_picked":["Busted Crown","Runic Pyramid"],"picked":"TheCursedMod:FourLeafCloverCharm"},{"not_picked":["SlaversCollar","Fusion Hammer"],"picked":"TheCursedMod:BlackMagicAdvanced"}],"items_purged_floors":[28],"is_endless":false,"potions_floor_spawned":[4,6,13,14,25,26,29,33,38],"ascension_level":2}}