{"host":"3fq4qkq16k5wd7va","time":1614437356,"event":{"mods":["BaseMod","Better Match","Googly Eyes","Minty Spire (QoL Compilation)","StSLib"],"gold_per_floor":[13,40,40,56,56,85,85,35,84,116,134,134,134,0,0,105,105,115,132,132,146,162,162,182,182,205,239,239,265,265,279,279,279,279],"floor_reached":33,"language":"ENG","playtime":1570,"items_purged":["Strike_R"],"score":350,"play_id":"92c04f1a-01d1-4f4f-a6de-9ad985698942","local_time":"20210228014916","is_ascension_mode":true,"campfire_choices":[{"data":"Limit Break","floor":7,"key":"SMITH"},{"data":"Flex","floor":13,"key":"SMITH"},{"data":"Heavy Blade","floor":15,"key":"SMITH"},{"data":"Entrench","floor":23,"key":"SMITH"},{"floor":25,"key":"REST"},{"data":"Shrug It Off","floor":28,"key":"SMITH"},{"data":"Sword Boomerang","floor":30,"key":"SMITH"},{"floor":32,"key":"REST"}],"circlet_count":0,"master_deck":["Strike_R","Strike_R","Strike_R","Defend_R","Defend_R","Defend_R","Defend_R","Bash","Limit Break+1","Sword Boomerang+1","Heavy Blade+1","Flex+1","Parasite","Ghostly Armor","Impervious","Body Slam+1","Whirlwind+1","Entrench+1","Shrug It Off+1","Shrug It Off+1"],"relics":["Burning Blood","Nunchaku","Ginger","Smiling Mask","HornCleat","Sozu","Blood Vial","Centennial Puzzle","Bottled Lightning"],"acts_visited":["Exordium","TheCity"],"potions_floor_usage":[6,6,16,16],"damage_taken":[{"damage":6,"enemies":"Cultist","floor":1,"turns":4},{"damage":2,"enemies":"2 Louse","floor":4,"turns":3},{"damage":35,"enemies":"3 Sentries","floor":6,"turns":7},{"damage":49,"enemies":"Lagavulin","floor":10,"turns":6},{"damage":0,"enemies":"Small Slimes","floor":11,"turns":3},{"damage":31,"enemies":"The Guardian","floor":16,"turns":13},{"damage":17,"enemies":"2 Thieves","floor":18,"turns":5},{"damage":0,"enemies":"Spheric Guardian","floor":19,"turns":1},{"damage":0,"enemies":"Snecko","floor":21,"turns":5},{"damage":20,"enemies":"Cultist and Chosen","floor":22,"turns":5},{"damage":51,"enemies":"Sentry and Sphere","floor":24,"turns":9},{"damage":11,"enemies":"Book of Stabbing","floor":27,"turns":5},{"damage":16,"enemies":"Gremlin Leader","floor":29,"turns":8},{"damage":41,"enemies":"Centurion and Healer","floor":31,"turns":14},{"damage":53,"enemies":"Collector","floor":33,"turns":6}],"seed_played":"-5091221820995084501","potions_obtained":[{"floor":1,"key":"AttackPotion"},{"floor":4,"key":"PowerPotion"},{"floor":11,"key":"FearPotion"}],"is_trial":false,"path_per_floor":["M","T","$","M","?","E","R","?","T","E","M","?","R","$","R","B",null,"M","M","?","M","M","R","M","R","T","E","R","E","R","M","R","B"],"character_chosen":"IRONCLAD","items_purchased":["Ghostly Armor","PowerPotion"],"campfire_rested":2,"item_purchase_floors":[14,14],"current_hp_per_floor":[80,80,80,80,85,56,56,56,56,13,19,40,40,40,40,15,85,74,80,80,85,71,71,26,51,51,48,48,40,40,7,32,0,0],"gold":279,"neow_bonus":"THREE_RARE_CARDS","is_daily":false,"chose_seed":false,"campfire_upgraded":6,"win_rate":0.0,"timestamp":1614437356,"path_taken":["M","?","$","M","?","E","R","?","T","E","M","?","R","?","R","BOSS","M","M","?","M","M","R","M","R","T","E","R","E","R","M","R","BOSS"],"items_purchased_type":["Card","Potion"],"build_version":"2020-12-22","purchased_purges":1,"victory":false,"max_hp_per_floor":[80,80,80,80,85,85,85,85,85,85,85,85,85,85,85,85,85,85,85,85,85,85,85,85,85,85,85,85,85,85,85,85,85,85],"card_choices":[{"not_picked":["Berserk","Brutality"],"picked":"Limit Break","floor":0},{"not_picked":["Feel No Pain","Sword Boomerang","Iron Wave"],"picked":"SKIP","floor":1},{"not_picked":["Feel No Pain","Iron Wave"],"picked":"Sword Boomerang","floor":1},{"not_picked":["Rupture","Havoc"],"picked":"Heavy Blade","floor":4},{"not_picked":["Reckless Charge","Second Wind","Warcry"],"picked":"SKIP","floor":6},{"not_picked":["Fire Breathing","Power Through","Thunderclap"],"picked":"SKIP","floor":10},{"not_picked":["Sword Boomerang","Warcry"],"picked":"Flex","floor":11},{"not_picked":["Exhume","Juggernaut"],"picked":"Impervious","floor":16},{"not_picked":["True Grit","Warcry+1"],"picked":"Body Slam+1","floor":18},{"not_picked":["Pummel+1","Clash"],"picked":"Whirlwind","floor":19},{"not_picked":["Anger+1","Fire Breathing"],"picked":"Entrench","floor":21},{"not_picked":["Iron Wave","Rampage+1","Havoc"],"picked":"SKIP","floor":22},{"not_picked":["Rupture","Entrench"],"picked":"Shrug It Off","floor":24},{"not_picked":["Sword Boomerang","Warcry+1","Wild Strike"],"picked":"SKIP","floor":27},{"not_picked":["Evolve","Cleave"],"picked":"Shrug It Off+1","floor":29},{"not_picked":["Sword Boomerang","Double Tap","Feel No Pain"],"picked":"SKIP","floor":31}],"player_experience":157974,"relics_obtained":[{"floor":2,"key":"Nunchaku"},{"floor":6,"key":"Ginger"},{"floor":9,"key":"Smiling Mask"},{"floor":10,"key":"HornCleat"},{"floor":26,"key":"Blood Vial"},{"floor":27,"key":"Centennial Puzzle"},{"floor":29,"key":"Bottled Lightning"}],"event_choices":[{"damage_healed":0,"gold_gain":0,"player_choice":"Donut","damage_taken":0,"max_hp_gain":5,"max_hp_loss":0,"event_name":"Big Fish","floor":5,"gold_loss":0},{"cards_removed":["Strike_R"],"damage_healed":0,"gold_gain":0,"player_choice":"Card Removal","damage_taken":0,"max_hp_gain":0,"max_hp_loss":0,"event_name":"The Cleric","floor":8,"gold_loss":50},{"damage_healed":21,"gold_gain":0,"player_choice":"Healed and dodged fight","damage_taken":0,"max_hp_gain":0,"max_hp_loss":0,"event_name":"Mushrooms","floor":12,"gold_loss":0,"cards_obtained":["Parasite"]},{"damage_healed":0,"gold_gain":0,"player_choice":"Forge","damage_taken":0,"max_hp_gain":0,"max_hp_loss":0,"event_name":"Accursed Blacksmith","floor":20,"gold_loss":0,"cards_upgraded":["Whirlwind"]}],"is_beta":false,"boss_relics":[{"not_picked":["Mark of Pain","Black Blood"],"picked":"Sozu"}],"items_purged_floors":[14],"is_endless":false,"potions_floor_spawned":[1,4,11,19,21,22,29],"killed_by":"Collector","ascension_level":2}}