{"host":"alk2ftu785mujiir","time":1614444997,"event":{"mods":["BaseMod","Bossed Relics","Colored Map","Downfall","Minty Spire (QoL Compilation)","StSLib"],"gold_per_floor":[99,117,117,30,42,72,97,114,114,114,126,149,149,175,200,303,303,303,315,315,315,331,364,432,432,432,450,484,500,500,500,516,621,621,621,634,292,344,371,398,398,398,49,67,117,117,145,33,51,51],"floor_reached":51,"language":"ENG","playtime":2496,"items_purged":[],"score":924,"play_id":"4f37daa3-9589-42e6-93b6-9d57dfc128d1","local_time":"20210227115637","is_ascension_mode":true,"campfire_choices":[{"data":"hexamod:Float","floor":1.0,"key":"SMITH"},{"data":"hexamod:RainOfEmbers","floor":10.0,"key":"SMITH"},{"floor":13.0,"key":"REST"},{"data":"hexamod:TurnItUp","floor":18.0,"key":"SMITH"},{"floor":25.0,"key":"REST"},{"data":"hexamod:SuperheatedStrike","floor":30.0,"key":"SMITH"},{"data":"hexamod:FastForward","floor":35.0,"key":"SMITH"},{"floor":42.0,"key":"REST"},{"data":"Finesse","floor":46,"key":"SMITH"}],"circlet_count":0,"master_deck":["hexamod:Defend","hexamod:Defend","hexamod:Defend+1","hexamod:Defend+1","hexamod:Sear+1","hexamod:Float+1","hexamod:ChargedBarrage+1","hexamod:FirstSeal","hexamod:FastForward+1","hexamod:RainOfEmbers+1","hexamod:PhantomFireball+1","hexamod:FastForward","hexamod:PhantomCloak","hexamod:SecondSeal","hexamod:FourthSeal","hexamod:HeatMetal+1","hexamod:StepThrough","hexamod:TurnItUp+1","hexamod:SuperheatedStrike+1","Bite+1","Bite+1","Bite+1","Bite+1","hexamod:GhostLash+1","hexamod:AdvancingGuard+1","hexamod:ThermalTransfer+1","hexamod:SpectersWail+1","hexamod:SixthSeal","hexamod:SkipABeat+1","hexamod:NightmareGuise+1","hexamod:ThirdSeal","hexamod:HauntingEcho+1","Finesse+1","hexamod:TimeWarp+1","hexamod:Incineration+1","expansioncontent:GuardianWhirl+1","hexamod:TimeWarp+1","hexamod:Hexaguard+1","hexamod:ExtraCrispy+1"],"relics":["hexamod:SpiritBrand","bronze:BronzeIdol","Whetstone","Velvet Choker","Molten Egg 2","hexamod:SoulOfChaos","InkBottle","MutagenicStrength","Peace Pipe","Philosopher\u0027s Stone","Strawberry","hexamod:MatchstickCase","StoneCalendar","hexamod:InflammatoryLetter","Turnip","Lee\u0027s Waffle","Calipers"],"acts_visited":["Exordium","TheCity","TheBeyond"],"potions_floor_usage":[45,47,50,50],"damage_taken":[{"damage":0.0,"enemies":"Small Slimes","floor":2.0,"turns":3.0},{"damage":0.0,"enemies":"downfall:FleeingMerchant","floor":4.0,"turns":4.0},{"damage":4.0,"enemies":"2 Louse","floor":5.0,"turns":4.0},{"damage":32.0,"enemies":"Gremlin Nob","floor":6.0,"turns":4.0},{"damage":0.0,"enemies":"Cultist","floor":8.0,"turns":3.0},{"damage":19.0,"enemies":"Exordium Thugs","floor":11.0,"turns":4.0},{"damage":2.0,"enemies":"Large Slime","floor":12.0,"turns":5.0},{"damage":12.0,"enemies":"downfall:LooterAlt","floor":14.0,"turns":3.0},{"damage":11.0,"enemies":"2 Fungi Beasts","floor":15.0,"turns":4.0},{"damage":36.0,"enemies":"IC_STATUS_ARCHETYPE","floor":16.0,"turns":5.0},{"damage":7.0,"enemies":"Chosen","floor":19.0,"turns":4.0},{"damage":11.0,"enemies":"Shell Parasite","floor":22.0,"turns":4.0},{"damage":33.0,"enemies":"Slavers","floor":23.0,"turns":4.0},{"damage":7.0,"enemies":"Chosen and Byrds","floor":27.0,"turns":3.0},{"damage":34.0,"enemies":"Book of Stabbing","floor":28.0,"turns":5.0},{"damage":7.0,"enemies":"Centurion and Healer","floor":29.0,"turns":6.0},{"damage":2.0,"enemies":"Snake Plant","floor":32.0,"turns":3.0},{"damage":57.0,"enemies":"WA_ARCHETYPE_CALM","floor":33.0,"turns":9.0},{"damage":0.0,"enemies":"3 Darklings","floor":36.0,"turns":3.0},{"damage":0.0,"enemies":"downfall:FleeingMerchant","floor":37.0,"turns":4.0},{"damage":24.0,"enemies":"3 Shapes","floor":39.0,"turns":7.0},{"damage":39.0,"enemies":"Jaw Worm Horde","floor":40.0,"turns":5.0},{"damage":4.0,"enemies":"downfall:FleeingMerchant","floor":43.0,"turns":4.0},{"damage":15.0,"enemies":"Maw","floor":44.0,"turns":6.0},{"damage":13,"enemies":"2 Orb Walkers","floor":45,"turns":4},{"damage":33,"enemies":"3 Darklings","floor":47,"turns":4},{"damage":0,"enemies":"downfall:FleeingMerchant","floor":48,"turns":1},{"damage":3,"enemies":"Spire Growth","floor":49,"turns":3},{"damage":37,"enemies":"DF_ARCHETYPE_ORBS","floor":50,"turns":8}],"seed_played":"2968809611711032419","potions_obtained":[{"floor":2.0,"key":"Energy Potion"},{"floor":5.0,"key":"GamblersBrew"},{"floor":8.0,"key":"LiquidBronze"},{"floor":14.0,"key":"Explosive Potion"},{"floor":19.0,"key":"bronze:BurnAndBuffPotion"},{"floor":19.0,"key":"PowerPotion"},{"floor":23.0,"key":"hexamod:SoulburnPotion"},{"floor":27.0,"key":"Fire Potion"},{"floor":29.0,"key":"Explosive Potion"},{"floor":29.0,"key":"Dexterity Potion"},{"floor":33.0,"key":"hexamod:DoubleChargePotion"},{"floor":36.0,"key":"CultistPotion"},{"floor":37.0,"key":"Strength Potion"},{"floor":40.0,"key":"Block Potion"},{"floor":43.0,"key":"Energy Potion"},{"floor":47,"key":"GamblersBrew"},{"floor":47,"key":"Fruit Juice"},{"floor":49,"key":"EssenceOfSteel"}],"is_trial":false,"path_per_floor":["R","M","?","$","M","E","T","M","?","R","M","M","R","M","M","B",null,"R","M","?","?","M","E","T","R","?","M","E","M","R","?","M","B",null,"R","M","$","T","M","M","T","R","$","M","?","R","M","?","M","B",null],"character_chosen":"THE_SPIRIT","items_purchased":["hexamod:RainOfEmbers","hexamod:ThirdSeal","Strawberry","hexamod:HauntingEcho+1","Finesse","hexamod:InflammatoryLetter","expansioncontent:GuardianWhirl","Lee\u0027s Waffle","Calipers"],"campfire_rested":3,"item_purchase_floors":[4,37,37,37,37,43,43,48,48],"current_hp_per_floor":[63,63,56,63,66,41,41,48,48,48,36,41,66,61,57,21,84,84,84,84,58,58,38,38,55,55,58,31,46,46,38,45,12,58,58,58,65,65,48,28,28,47,59,57,57,57,42,77,77,59],"gold":51,"neow_bonus":"TWENTY_PERCENT_HP_BONUS","is_daily":false,"chose_seed":false,"campfire_upgraded":6,"win_rate":0.0,"timestamp":1614444997,"path_taken":["R","M","?","$","M","E","T","M","?","R","M","M","R","?","M","BOSS","R","M","?","?","M","E","T","R","?","M","E","M","R","?","M","BOSS","R","M","$","?","M","M","T","R","$","?","?","R","M","?","M","BOSS"],"items_purchased_type":["Card","Card","Relic","Card","Card","Relic","Card","Relic","Relic"],"build_version":"2020-12-22","purchased_purges":0,"victory":true,"max_hp_per_floor":[84,84,84,84,84,84,84,84,84,84,84,84,84,84,84,84,84,84,84,84,58,58,58,58,58,58,58,58,58,58,58,58,58,58,58,58,65,65,65,65,65,65,65,65,65,65,70,77,77,77],"card_choices":[{"not_picked":["hexamod:RadiantFlame","hexamod:SpectralAdrenaline"],"picked":"hexamod:ChargedBarrage","floor":2.0},{"not_picked":["hexamod:HauntingEcho","hexamod:GhostflameInferno"],"picked":"hexamod:FastForward","floor":4.0},{"not_picked":["hexamod:PowerFromBeyond","hexamod:NecessarySacrifice"],"picked":"hexamod:PhantomFireball","floor":5.0},{"not_picked":["hexamod:FlamesFromBeyond","hexamod:EtherealExpedition"],"picked":"hexamod:FastForward","floor":6.0},{"not_picked":["hexamod:InspiringFlames","hexamod:SpectersWail"],"picked":"hexamod:PhantomCloak","floor":8.0},{"not_picked":["hexamod:SpectersWail","hexamod:SpectralAdrenaline"],"picked":"hexamod:SecondSeal","floor":11.0},{"not_picked":["hexamod:HauntingEcho","hexamod:SpectralSpark"],"picked":"hexamod:FourthSeal","floor":12.0},{"not_picked":["hexamod:SpectersWail","hexamod:HeatCrush"],"picked":"hexamod:HeatMetal","floor":14.0},{"not_picked":["hexamod:NightmareGuise","hexamod:GhostShield"],"picked":"hexamod:StepThrough","floor":15.0},{"not_picked":["hexamod:GhostflameInferno","hexamod:TimeOfNeed"],"picked":"hexamod:TurnItUp","floor":16.0},{"not_picked":["hexamod:BurningTouch","hexamod:ShieldOfDarkness"],"picked":"hexamod:SuperheatedStrike","floor":19.0},{"not_picked":["hexamod:RetreatToShadows","hexamod:FirstSeal"],"picked":"hexamod:GhostLash+1","floor":22.0},{"not_picked":["hexamod:SwordOfDarkness+1","hexamod:FastForward"],"picked":"hexamod:AdvancingGuard+1","floor":23.0},{"not_picked":["hexamod:PhantomCloak","hexamod:SuperheatedStrike+1"],"picked":"hexamod:ThermalTransfer+1","floor":27.0},{"not_picked":["hexamod:HeatMetal+1","hexamod:PhantomFireball+1","hexamod:RetreatToShadows"],"picked":"SKIP","floor":28.0},{"not_picked":["hexamod:RecurringNightmare","hexamod:SwordOfDarkness+1"],"picked":"hexamod:SpectersWail+1","floor":29.0},{"not_picked":["hexamod:Again","hexamod:FastForward","hexamod:SpectralSpark"],"picked":"SKIP","floor":32.0},{"not_picked":["hexamod:UnleashSpirits+1","hexamod:GiftsFromTheDead"],"picked":"hexamod:SixthSeal","floor":33.0},{"not_picked":["hexamod:AdvancingGuard","hexamod:RainOfEmbers+1"],"picked":"hexamod:SkipABeat+1","floor":36.0},{"not_picked":["hexamod:SuperheatedStrike+1","hexamod:SpectersWail+1"],"picked":"hexamod:NightmareGuise","floor":37.0},{"not_picked":["hexamod:RadiantFlame","hexamod:AdvancingGuard"],"picked":"hexamod:TimeWarp+1","floor":39.0},{"not_picked":["hexamod:NightmareGuise+1","hexamod:HeatMetal+1"],"picked":"hexamod:Incineration+1","floor":39.0},{"not_picked":["hexamod:SuperheatedStrike+1","hexamod:Haunt+1","hexamod:FastForward"],"picked":"SKIP","floor":40.0},{"not_picked":["hexamod:Haunt","hexamod:HeatMetal+1","hexamod:EtherealExpedition"],"picked":"SKIP","floor":40.0},{"not_picked":["hexamod:Haunt","hexamod:PowerFromBeyond","hexamod:HeatMetal+1"],"picked":"SKIP","floor":43.0},{"not_picked":["hexamod:ThermalTransfer+1","hexamod:Hexaguard"],"picked":"hexamod:TimeWarp+1","floor":44},{"not_picked":["hexamod:Haunt+1","hexamod:SecondSeal","hexamod:ThirdSeal"],"picked":"SKIP","floor":47},{"not_picked":["hexamod:NecessarySacrifice+1","hexamod:SpectersWail+1"],"picked":"hexamod:Hexaguard+1","floor":48},{"not_picked":["hexamod:ShieldOfDarkness","hexamod:BurningTouch"],"picked":"hexamod:ExtraCrispy+1","floor":49}],"player_experience":1859933,"relics_obtained":[{"floor":6.0,"key":"bronze:BronzeIdol"},{"floor":7.0,"key":"Whetstone"},{"floor":23.0,"key":"hexamod:SoulOfChaos"},{"floor":24.0,"key":"InkBottle"},{"floor":28.0,"key":"Peace Pipe"},{"floor":38.0,"key":"hexamod:MatchstickCase"},{"floor":41.0,"key":"StoneCalendar"},{"floor":45,"key":"Turnip"}],"event_choices":[{"damage_healed":0.0,"max_hp_gain":0.0,"max_hp_loss":26.0,"gold_gain":0.0,"event_name":"Vampires","player_choice":"Became a vampire","floor":21.0,"gold_loss":0.0,"damage_taken":0.0,"cards_obtained":["Bite","Bite","Bite","Bite","Bite"]},{"damage_healed":0.0,"max_hp_gain":0.0,"max_hp_loss":0.0,"gold_gain":0.0,"event_name":"Drug Dealer","player_choice":"Inject Mutagens","floor":26.0,"gold_loss":0.0,"damage_taken":0.0,"relics_obtained":["MutagenicStrength"]},{"damage_healed":0,"gold_gain":0,"player_choice":"Fight","damage_taken":0,"max_hp_gain":0,"max_hp_loss":0,"event_name":"Mysterious Sphere","floor":45,"gold_loss":0}],"is_beta":false,"boss_relics":[{"not_picked":["bronze:MakeshiftBattery","SacredBark"],"picked":"Velvet Choker"},{"not_picked":["Runic Pyramid","Snecko Eye"],"picked":"Philosopher\u0027s Stone"}],"items_purged_floors":[],"is_endless":false,"potions_floor_spawned":[2,5,8,14,19,23,29,36,39,47,49],"ascension_level":4}}