{"host":"9czo1ewqehy3yunx","time":1614429104,"event":{"mods":["AchievementEnabler","Act Like it!","BaseMod","CapriCore","Colored Powertips","DeckTracker","GifTheSpireLib","GungeonMod","Hermit","Keyboard Shortcuts","Koishi","Lobotomy","Marisa£¨Ùöéë¡¡Øª×âÞÞ£©","Minty Spire (QoL Compilation)","Permanent Neow","Quick Restart","StSLib","SuperFastMode","Td1madao Mod","The Bug Knight","The Cursed","The Hierophant","The Immortal","The Jungle","The Poker Player","The Runesmith"],"gold_per_floor":[10,24,99,112,287,287,298,149,149,176,254,529,529,547,547,547,547],"floor_reached":16,"language":"KOR","playtime":588,"items_purged":[],"score":100,"play_id":"25397cd4-c11c-4f30-9460-a53208569403","local_time":"20210227213144","is_ascension_mode":false,"campfire_choices":[{"data":"Koishi:RuptureMind","floor":6,"key":"SMITH"},{"data":"Koishi:HeartStoppingHorror","floor":13,"key":"SMITH"},{"floor":15,"key":"REST"}],"circlet_count":0,"master_deck":["Koishi:BasicStrike","Koishi:BasicStrike","Koishi:BasicStrike","Koishi:BasicStrike","Koishi:BasicDefend","Koishi:BasicDefend","Koishi:BasicDefend","Koishi:BasicDefend","Koishi:Provoke","Koishi:HauntingSlash","Koishi:RuptureMind+1","Koishi:CatchAndRose","Koishi:DreadfulBlow","Koishi:Catatonia","Doubt","Koishi:JumpScare","Koishi:TremblingHands","Koishi:HeartStoppingHorror+1","Regret","Koishi:StingingMind"],"relics":["Koishi:ImaginaryFriend","DemoMod:GnawedKey","DemoMod:MemoryAlloy","Blue Candle"],"acts_visited":["Exordium"],"potions_floor_usage":[16,16,16],"damage_taken":[{"damage":7,"enemies":"Cultist","floor":1,"turns":4},{"damage":0,"enemies":"Small Slimes","floor":2,"turns":4},{"damage":0,"enemies":"2 Louse","floor":4,"turns":2},{"damage":0,"enemies":"Large Slime","floor":7,"turns":7},{"damage":32,"enemies":"Lagavulin","floor":10,"turns":6},{"damage":18,"enemies":"Red Slaver","floor":14,"turns":3},{"damage":45,"enemies":"Slime Boss","floor":16,"turns":8}],"seed_played":"401017077963123757","potions_obtained":[{"floor":2,"key":"Strength Potion"},{"floor":10,"key":"Regen Potion"},{"floor":14,"key":"LiquidBronze"}],"is_trial":false,"path_per_floor":["M","M","?","M","?","R","M","$","T","E","?","?","R","M","R","B"],"character_chosen":"KOISHI","items_purchased":["Koishi:TremblingHands","DemoMod:GnawedKey"],"campfire_rested":1,"item_purchase_floors":[8,8],"current_hp_per_floor":[54,55,44,45,45,45,47,47,47,25,25,25,25,12,30,0,0],"gold":547,"neow_bonus":"THREE_RARE_CARDS","is_daily":false,"chose_seed":false,"campfire_upgraded":2,"win_rate":0.0,"timestamp":1614429104,"path_taken":["M","?","?","M","?","R","M","$","T","E","?","?","R","?","R","BOSS"],"items_purchased_type":["Card","Relic"],"build_version":"2020-12-22","purchased_purges":0,"victory":false,"max_hp_per_floor":[60,60,60,60,60,60,60,60,60,60,60,60,60,60,60,60,60],"card_choices":[{"not_picked":["Koishi:FadingMemory","Koishi:ConfinedInnocent"],"picked":"Koishi:RuptureMind","floor":0},{"not_picked":["Koishi:UnconsciousUrges","Koishi:HeartfeltFancy"],"picked":"Koishi:CatchAndRose","floor":1},{"not_picked":["Koishi:SubterraneanRose","Koishi:PhantomStrike"],"picked":"Koishi:DreadfulBlow","floor":2},{"not_picked":["Koishi:YoukaiPolygraph","Koishi:BramblyRoseGarden"],"picked":"Koishi:Catatonia","floor":4},{"not_picked":["Koishi:EmbryosDream","Koishi:SubterraneanRose"],"picked":"Koishi:JumpScare","floor":7},{"not_picked":["Koishi:UnansweredLove","Koishi:SpiritedAway"],"picked":"Koishi:HeartStoppingHorror","floor":10},{"not_picked":["Koishi:RorschachInDanmaku","Koishi:FormlessExistence"],"picked":"Koishi:StingingMind","floor":14}],"player_experience":263619,"relics_obtained":[{"floor":9,"key":"DemoMod:MemoryAlloy"},{"floor":10,"key":"Blue Candle"}],"event_choices":[{"damage_healed":0,"gold_gain":75,"player_choice":"Gather Gold","damage_taken":11,"max_hp_gain":0,"max_hp_loss":0,"event_name":"World of Goop","floor":3,"gold_loss":0},{"damage_healed":0,"gold_gain":175,"player_choice":"AGREE","damage_taken":0,"max_hp_gain":0,"max_hp_loss":0,"event_name":"Liars Game","floor":5,"gold_loss":0,"cards_obtained":["Doubt"]},{"damage_healed":0,"gold_gain":78,"player_choice":"Gained Gold","damage_taken":0,"max_hp_gain":0,"max_hp_loss":0,"event_name":"Golden Wing","floor":11,"gold_loss":0},{"damage_healed":0,"gold_gain":275,"player_choice":"Desecrate","damage_taken":0,"max_hp_gain":0,"max_hp_loss":0,"event_name":"Golden Shrine","floor":12,"gold_loss":0,"cards_obtained":["Regret"]}],"is_beta":false,"boss_relics":[],"items_purged_floors":[],"is_endless":false,"potions_floor_spawned":[2,10,14],"killed_by":"Slime Boss","ascension_level":0}}