{"host":"xsuxkwaivmtd234a","time":1614439893,"event":{"mods":["BaseMod","Bestiary","Colored Map","Filter the Spire","Minty Spire (QoL Compilation)","Relic Stats","StSLib"],"gold_per_floor":[116,134,151,151,163,176,176,210,210,229,259,259,270,288,288,383,383,401,401,417,22,69,69,98,98,98,98,127,127,145,145,145,240,240,250,250,29,77,4,44,67,67,67],"floor_reached":42,"language":"ENG","playtime":1903,"items_purged":["Strike_R"],"score":814,"play_id":"30690511-5f9a-4483-8726-87e809cffceb","local_time":"20210227103133","is_ascension_mode":true,"campfire_choices":[{"data":"Bash","floor":7.0,"key":"SMITH"},{"floor":12.0,"key":"REST"},{"data":"Bludgeon","floor":15.0,"key":"SMITH"},{"data":"Demon Form","floor":23.0,"key":"SMITH"},{"floor":25.0,"key":"REST"},{"data":"Rage","floor":27.0,"key":"SMITH"},{"data":"Power Through","floor":29.0,"key":"SMITH"},{"floor":32.0,"key":"REST"}],"circlet_count":0,"master_deck":["AscendersBane","Strike_R","Strike_R","Strike_R","Strike_R","Defend_R","Defend_R","Defend_R","Defend_R","Bash+1","Pommel Strike","Wild Strike+1","Sever Soul","Carnage","Thunderclap","Bludgeon+1","Fire Breathing","Dropkick","Rage+1","Demon Form+1","Burning Pact","Wild Strike+1","Second Wind","Power Through+1","Shrug It Off+1","Exhume","Shrug It Off+1","Reaper","CurseOfTheBell","Entrench","Feel No Pain","Power Through+1","Headbutt","Spot Weakness","Armaments","Seeing Red","Clothesline+1","Entrench","Entrench"],"relics":["Burning Blood","Ancient Tea Set","Turnip","Gremlin Horn","StoneCalendar","Velvet Choker","Matryoshka","Kunai","Lantern","Champion Belt","Red Skull","Mummified Hand","StrikeDummy","Calling Bell","Bag of Marbles","Ornamental Fan","Ginger","Orrery","Charon\u0027s Ashes","CeramicFish"],"acts_visited":["Exordium","TheCity","TheBeyond"],"potions_floor_usage":[33,38,38,38,40,42],"damage_taken":[{"damage":8.0,"enemies":"Jaw Worm","floor":1.0,"turns":4.0},{"damage":1.0,"enemies":"2 Louse","floor":2.0,"turns":3.0},{"damage":1.0,"enemies":"Cultist","floor":3.0,"turns":4.0},{"damage":11.0,"enemies":"Looter","floor":5.0,"turns":2.0},{"damage":13.0,"enemies":"Blue Slaver","floor":6.0,"turns":3.0},{"damage":30.0,"enemies":"Lagavulin","floor":8.0,"turns":5.0},{"damage":23.0,"enemies":"Exordium Thugs","floor":10.0,"turns":4.0},{"damage":16.0,"enemies":"Gremlin Nob","floor":11.0,"turns":3.0},{"damage":0.0,"enemies":"2 Fungi Beasts","floor":13.0,"turns":2.0},{"damage":6.0,"enemies":"3 Louse","floor":14.0,"turns":3.0},{"damage":0.0,"enemies":"Slime Boss","floor":16.0,"turns":4.0},{"damage":17.0,"enemies":"3 Byrds","floor":18.0,"turns":5.0},{"damage":12.0,"enemies":"Chosen","floor":20.0,"turns":3.0},{"damage":42.0,"enemies":"Book of Stabbing","floor":24.0,"turns":5.0},{"damage":4.0,"enemies":"Slavers","floor":28.0,"turns":4.0},{"damage":1.0,"enemies":"Snecko","floor":30.0,"turns":3.0},{"damage":70,"enemies":"Champ","floor":33,"turns":13},{"damage":33,"enemies":"3 Darklings","floor":35,"turns":6},{"damage":42,"enemies":"2 Orb Walkers","floor":38,"turns":5},{"damage":29,"enemies":"Nemesis","floor":40,"turns":5},{"damage":4,"enemies":"Orb Walker","floor":41,"turns":2},{"damage":43,"enemies":"Giant Head","floor":42,"turns":6}],"seed_played":"8818858530845504613","potions_obtained":[{"floor":1.0,"key":"DuplicationPotion"},{"floor":11.0,"key":"SpeedPotion"},{"floor":13.0,"key":"Swift Potion"},{"floor":16.0,"key":"SpeedPotion"},{"floor":24.0,"key":"BlessingOfTheForge"},{"floor":33,"key":"FearPotion"},{"floor":35,"key":"Block Potion"},{"floor":36,"key":"GamblersBrew"},{"floor":36,"key":"Fire Potion"},{"floor":41,"key":"Block Potion"}],"is_trial":false,"path_per_floor":["M","M","M","?","M","M","R","E","T","M","E","R","M","M","R","B",null,"M","?","M","$","T","R","E","R","T","R","E","R","M","?","R","B",null,"M","?","$","?","$","E","M","E"],"character_chosen":"IRONCLAD","items_purchased":["Power Through","Matryoshka","Feel No Pain","Orrery","Regen Potion"],"campfire_rested":3,"item_purchase_floors":[21,21,37,37,39],"current_hp_per_floor":[70,75,80,80,75,68,68,44,44,27,17,41,47,47,47,53,73,62,62,56,56,56,56,20,44,44,44,46,46,51,51,75,11,63,53,53,53,37,37,28,38,0,0],"gold":67,"neow_bonus":"RANDOM_COMMON_RELIC","is_daily":false,"chose_seed":false,"campfire_upgraded":5,"win_rate":0.0,"timestamp":1614439893,"path_taken":["M","M","M","?","M","M","R","E","T","M","E","R","M","M","R","BOSS","M","?","M","$","?","R","E","R","T","R","E","R","M","?","R","BOSS","M","?","?","?","$","E","M","E"],"items_purchased_type":["Card","Relic","Card","Relic","Potion"],"build_version":"2020-12-22","purchased_purges":1,"victory":false,"max_hp_per_floor":[80,80,80,80,80,80,80,80,80,80,80,80,80,80,80,80,80,80,80,80,80,80,80,80,80,80,80,80,80,80,80,80,80,80,80,80,80,80,80,80,80,80,80],"relic_stats":{"Gremlin Horn":[13,13],"counters":[22,94],"CeramicFish":18,"StoneCalendar":[52],"Charon\u0027s Ashes":[7],"Ginger":[1],"Burning Blood":126,"Mummified Hand":[12],"Ornamental Fan":[32],"Turnip":[6],"Kunai":[15],"Champion Belt":[26],"obtain_stats":[{"Lantern":22,"Gremlin Horn":9,"CeramicFish":40,"Velvet Choker":17,"StoneCalendar":11,"Charon\u0027s Ashes":38,"Ginger":34,"Ancient Tea Set":0,"Burning Blood":0,"Calling Bell":34,"Matryoshka":21,"Mummified Hand":26,"Ornamental Fan":34,"Orrery":37,"Turnip":8,"Bag of Marbles":34,"Kunai":22,"Champion Belt":24,"StrikeDummy":28,"Red Skull":26},{"Lantern":13,"Gremlin Horn":6,"CeramicFish":20,"Velvet Choker":11,"StoneCalendar":8,"Charon\u0027s Ashes":19,"Ginger":17,"Ancient Tea Set":0,"Burning Blood":0,"Calling Bell":17,"Matryoshka":13,"Mummified Hand":14,"Ornamental Fan":17,"Orrery":18,"Turnip":6,"Bag of Marbles":17,"Kunai":13,"Champion Belt":14,"StrikeDummy":15,"Red Skull":14},{"Lantern":45,"Gremlin Horn":21,"CeramicFish":86,"Velvet Choker":37,"StoneCalendar":28,"Charon\u0027s Ashes":81,"Ginger":70,"Ancient Tea Set":0,"Burning Blood":0,"Calling Bell":70,"Matryoshka":45,"Mummified Hand":50,"Ornamental Fan":70,"Orrery":76,"Turnip":21,"Bag of Marbles":70,"Kunai":45,"Champion Belt":50,"StrikeDummy":54,"Red Skull":50}]},"card_choices":[{"not_picked":["Evolve","Shrug It Off"],"picked":"Pommel Strike","floor":1.0},{"not_picked":["Second Wind","Metallicize"],"picked":"Wild Strike","floor":2.0},{"not_picked":["Rupture","Disarm"],"picked":"Sever Soul","floor":3.0},{"not_picked":["True Grit","Entrench"],"picked":"Carnage","floor":5.0},{"not_picked":["Clash","Hemokinesis"],"picked":"Thunderclap","floor":6.0},{"not_picked":["Barricade","Armaments"],"picked":"Bludgeon","floor":8.0},{"not_picked":["Ghostly Armor","Flex"],"picked":"Fire Breathing","floor":10.0},{"not_picked":["Intimidate","Twin Strike"],"picked":"Dropkick","floor":11.0},{"not_picked":["Havoc","Cleave"],"picked":"Rage","floor":13.0},{"not_picked":["Warcry","Perfected Strike","Infernal Blade"],"picked":"SKIP","floor":14.0},{"not_picked":["Brutality","Juggernaut"],"picked":"Demon Form","floor":16.0},{"not_picked":["Bloodletting+1","Thunderclap"],"picked":"Burning Pact","floor":18.0},{"not_picked":["Havoc","Clash"],"picked":"Second Wind","floor":20.0},{"not_picked":["Perfected Strike","Body Slam"],"picked":"Shrug It Off+1","floor":24.0},{"not_picked":["Iron Wave","Twin Strike"],"picked":"Exhume","floor":28.0},{"not_picked":["Cleave+1","Dark Embrace+1"],"picked":"Shrug It Off+1","floor":30.0},{"not_picked":["Brutality","Exhume"],"picked":"Reaper","floor":33},{"not_picked":["Iron Wave","Body Slam+1"],"picked":"Entrench","floor":35},{"not_picked":["Warcry+1","Clash+1"],"picked":"Power Through+1","floor":37},{"not_picked":["Searing Blow","Berserk"],"picked":"Headbutt","floor":37},{"not_picked":["Rampage","Sever Soul+1"],"picked":"Spot Weakness","floor":37},{"not_picked":["Flex","Hemokinesis"],"picked":"Armaments","floor":37},{"not_picked":["Fire Breathing","Intimidate"],"picked":"Seeing Red","floor":37},{"not_picked":["Heavy Blade","Reckless Charge"],"picked":"Clothesline+1","floor":38},{"not_picked":["Feel No Pain+1","Clothesline"],"picked":"Entrench","floor":40},{"not_picked":["Pummel+1","Combust+1"],"picked":"Entrench","floor":41}],"player_experience":1396384,"relics_obtained":[{"floor":8.0,"key":"Turnip"},{"floor":9.0,"key":"Gremlin Horn"},{"floor":11.0,"key":"StoneCalendar"},{"floor":22.0,"key":"Kunai"},{"floor":22.0,"key":"Lantern"},{"floor":24.0,"key":"Champion Belt"},{"floor":26.0,"key":"Red Skull"},{"floor":26.0,"key":"Mummified Hand"},{"floor":28.0,"key":"StrikeDummy"},{"floor":34,"key":"Bag of Marbles"},{"floor":34,"key":"Ornamental Fan"},{"floor":34,"key":"Ginger"},{"floor":38,"key":"Charon\u0027s Ashes"},{"floor":40,"key":"CeramicFish"}],"event_choices":[{"damage_healed":0.0,"max_hp_gain":0.0,"max_hp_loss":0.0,"gold_gain":0.0,"event_name":"Living Wall","player_choice":"Grow","floor":4.0,"gold_loss":0.0,"damage_taken":0.0,"cards_upgraded":["Wild Strike"]},{"damage_healed":0.0,"max_hp_gain":0.0,"max_hp_loss":0.0,"gold_gain":0.0,"event_name":"Duplicator","player_choice":"Copied","floor":19.0,"gold_loss":0.0,"damage_taken":0.0,"cards_obtained":["Wild Strike"]},{"damage_healed":0.0,"max_hp_gain":0.0,"max_hp_loss":0.0,"gold_gain":0.0,"event_name":"Ghosts","player_choice":"Ignored","floor":31.0,"gold_loss":0.0,"damage_taken":0.0},{"damage_healed":0,"gold_gain":0,"player_choice":"Got Potions","damage_taken":0,"max_hp_gain":0,"max_hp_loss":0,"event_name":"Lab","floor":36,"gold_loss":0},{"damage_healed":0,"gold_gain":0,"player_choice":"Fight","damage_taken":0,"max_hp_gain":0,"max_hp_loss":0,"event_name":"Mysterious Sphere","floor":38,"gold_loss":0}],"is_beta":false,"boss_relics":[{"not_picked":["Sozu","Empty Cage"],"picked":"Velvet Choker"},{"not_picked":["Runic Pyramid","Cursed Key"],"picked":"Calling Bell"}],"items_purged_floors":[21],"is_endless":false,"potions_floor_spawned":[1,11,13,16,24,33,35,41],"killed_by":"Giant Head","ascension_level":10}}