{"host":"pletss163z7s8pvv","time":1614399618,"event":{"mods":["AchievementEnabler","Act Like it!","AlwaysNeverKeys","BaseMod","Better Altar","Better Match","Better Note","Better Sensory Stone","Better Skull","Better Third Choice","BetterRewards","Bossed Relics","CapriCore","ChefMod","Colored Map","Colored Powertips","Conspire","Dio Mod","Displayed Cursed Tome","Energized Spire","Evolution","Gensokyo","GifTheSpireLib","Hallownest","Hermit","Ironclad Rager","Jedi Mod","Marisa????????","Marked Mod","Minty Spire (QoL Compilation)","Reliquary","Replay The Spire","Retaliation","Ruina","Spicy Shops","StS++","StSLib","The Administrix","The Alterego","The Animator","The Blue Laboratory","The Bug Knight","The Construct","The Cursed","The Disciple","The Forsaken","The Hierophant","The Necromancer","The Saiyan","The Vixen","The Wild Card","TheVacant","Transform Curses"],"gold_per_floor":[144,189,271,334,397,503,572,57,82,82,82,147,147,4,4,310,310,367,428,491,491,550,550,102,102,102,208,208,320,45,104,104,416,416,495,556,431,431,131,251,1,62,62,131,131,131,192,302,302,312],"floor_reached":51,"language":"ENG","playtime":2657,"items_purged":["Normality","Regret"],"score":1022,"play_id":"a41fe5a8-8dfd-4c24-8c84-13f2eb715158","local_time":"20210226222018","daily_mods":["Cursed Run","Vintage","Midas"],"is_ascension_mode":false,"campfire_choices":[{"floor":10,"key":"DIG"},{"floor":15,"key":"REST"},{"data":"1","floor":23,"key":"LIFT"},{"data":"2","floor":25,"key":"LIFT"},{"data":"3","floor":28,"key":"LIFT"},{"floor":32,"key":"DIG"},{"floor":45,"key":"DIG"},{"floor":49,"key":"DIG"}],"circlet_count":0,"master_deck":["HollowMod:NailStrikeStart","HollowMod:NailStrikeStart+1","HollowMod:NailStrikeStart","HollowMod:NailStrikeStart+1","HollowMod:QuickDashStart","HollowMod:QuickDashStart","HollowMod:QuickDashStart+1","HollowMod:QuickDashStart","HollowMod:FocusHealStart+1","HollowMod:PogoStrike","HollowMod:MonarchWings","HollowMod:HornetsHelp","HollowMod:BlackTendrils","HollowMod:NewGlowingWomb","Pride","HollowMod:InfectedCysts","Parasite","HollowMod:Weaversong","HollowMod:FastStrike","HollowMod:CycloneSlash+1","HollowMod:SlysStrikes","animator:Curse_Nutcracker","HollowMod:SlysStrikes","HollowMod:NewLastStag","HollowMod:BlackTendrils+1","ReplayTheSpireMod:Brewmster","Apotheosis","Poisoned Strike","Decay","HollowMod:MothsMistake+1","animator:Curse_GriefSeed"],"relics":["Cursed Key","Darkstone Periapt","Du-Vu Doll","EVO:Axolotl","conspire:BottledYoYo","Replay:Bandana","War Paint","StSpp:PetrifiedCaterpillar","HollowMod:MantisClawRelic","HollowMod:QueensCombRelic","Juzu Bracelet","Shovel","jedi:Pinwheel","reliquary:PartyBalloon","CaptainsWheel","Hallownest:DreamNailRelic","reliquary:Stiletto","ReplayTheSpireMod:TigerMarble","BranchBurnRelic","Honey Jar","Girya","conspire:DecoderRing","reliquary:OuijaBoard","Question Card","Gremlin Food","Toolbox","reliquary:PrincelyHelmet","Kunai","Replay:Mystery Machine","Membership Card","conspire:TopHat","Vajra","Snecko Heart","Replay:Accelerometer","Smiling Mask","The Courier","Whetstone","Dream Catcher","Oddly Smooth Stone","ReplayTheSpireMod:ShopPack","Unceasing Top","HollowMod:PaleOreRelic","reliquary:BallBearing","jedi:shrinkray","reliquary:TatteredRug","reliquary:QuartzCube","reliquary:SharkskinSheath","jedi:firstaidkit"],"acts_visited":["Exordium","Hallownest:Greenpath","Hallownest:CityofTears"],"potions_floor_usage":[16,16,16,33,33,33,33,42,48,50,50,50,50,50,50],"damage_taken":[{"damage":3,"enemies":"Hallownest:monsterHuskWarrior","floor":1,"turns":3},{"damage":0,"enemies":"Hallownest:2_MossCreeps","floor":2,"turns":4},{"damage":17,"enemies":"conspire:MimicChest","floor":3,"turns":7},{"damage":2,"enemies":"2_ Uuma","floor":4,"turns":4},{"damage":8,"enemies":"Hallownest:1_Ooma_and_2_Uuma","floor":5,"turns":7},{"damage":16,"enemies":"Hallownest:eliteCrystalGuardian","floor":6,"turns":6},{"damage":0,"enemies":"Hallownest:Wandering_and_Horned","floor":7,"turns":5},{"damage":0,"enemies":"Hallownest:monsterAspidMother","floor":12,"turns":5},{"damage":86,"enemies":"Hallownest:BossHornet","floor":16,"turns":8},{"damage":20,"enemies":"Hallownest:Guard_and_Sentry","floor":18,"turns":4},{"damage":17,"enemies":"Hallownest:3_Youths","floor":19,"turns":5},{"damage":23,"enemies":"Hallownest:Warrior_and_Youth","floor":20,"turns":4},{"damage":22,"enemies":"Hallownest:3_Mistakes","floor":22,"turns":5},{"damage":0,"enemies":"Hallownest:eliteSoulWarrior","floor":27,"turns":5},{"damage":5,"enemies":"Hallownest:Nosk","floor":29,"turns":3},{"damage":17,"enemies":"Hallownest:monsterShrumalOgre","floor":31,"turns":3},{"damage":42,"enemies":"Hallownest:BossGrimm","floor":33,"turns":6},{"damage":27,"enemies":"Hallownest:3_Siblings","floor":35,"turns":4},{"damage":1,"enemies":"Hallownest:2_Littles","floor":36,"turns":3},{"damage":0,"enemies":"Hallownest:eliteHiveKnight","floor":40,"turns":4},{"damage":1,"enemies":"Hallownest:2_Great","floor":42,"turns":3},{"damage":9,"enemies":"Hallownest:2_Wandering_and_1_Horned","floor":44,"turns":3},{"damage":23,"enemies":"Hallownest:Slobbering_and_Violent","floor":47,"turns":4},{"damage":14,"enemies":"Hallownest:StalkingDevout","floor":48,"turns":3},{"damage":22,"enemies":"Hallownest:Radiance","floor":50,"turns":8}],"seed_played":"-2463471341485849212","potions_obtained":[{"floor":1,"key":"Adrenaline Potion"},{"floor":2,"key":"CultistPotion"},{"floor":12,"key":"Venom Potion"},{"floor":16,"key":"jedi:wingpotion"},{"floor":18,"key":"PowerPotion"},{"floor":20,"key":"Weak Potion"},{"floor":22,"key":"SpeedPotion"},{"floor":35,"key":"blueLaboratory:EmptyBottle"},{"floor":42,"key":"Explosive Potion"},{"floor":44,"key":"Strength Potion"}],"is_trial":false,"path_per_floor":["M","M","?","M","M","E","M","$","T","R","?","M","?","$","R_BF","B",null,"M","M","M","?","M","R","$","R","T","E","R","E","$","M","R","B",null,"M","M","?","?","?","E","$","M","T","M","R","?","M","E","R","B",null],"character_chosen":"THE_BUGKNIGHT","items_purchased":["HollowMod:BlackTendrils","Shovel","jedi:Pinwheel","HollowMod:NewGlowingWomb","ReplayTheSpireMod:TigerMarble","HollowMod:InfectedCysts","Gremlin Food","HollowMod:FastStrike","Toolbox","Membership Card","LiquidBronze","Oddly Smooth Stone","ReplayTheSpireMod:ShopPack","Unceasing Top","Strength Potion"],"campfire_rested":1,"item_purchase_floors":[8,8,8,8,14,14,24,24,24,30,30,41,41,41,41],"current_hp_per_floor":[72,72,55,59,63,50,50,50,56,56,56,56,34,40,58,10,68,56,57,47,47,42,42,42,42,48,74,74,74,74,57,57,56,80,62,69,69,69,69,80,80,80,86,85,85,85,75,86,86,92],"gold":312,"neow_bonus":"","is_daily":true,"chose_seed":false,"campfire_upgraded":0,"win_rate":0.0,"timestamp":1614399618,"path_taken":["M","M","?","M","M","E","M","$","T","R","?","M","?","$","R_BF","BOSS","M","M","M","?","M","R","$","R","T","E","R","E","$","M","R","BOSS","M","M","?","?","?","E","$","M","T","M","R","?","M","E","R","BOSS"],"items_purchased_type":["Card","Relic","Relic","Card","Relic","Card","Relic","Card","Relic","Relic","Potion","Relic","Relic","Relic","Potion"],"build_version":"2020-12-22","purchased_purges":2,"victory":true,"max_hp_per_floor":[75,75,75,75,75,50,50,50,56,56,56,56,56,62,62,68,68,68,68,68,68,68,68,68,68,74,74,74,74,74,74,74,80,80,80,80,80,80,80,80,80,80,86,86,86,86,86,86,86,92],"card_choices":[{"not_picked":["HollowMod:DescendingDark","HollowMod:AbyssShriek"],"picked":"HollowMod:MonarchWings","floor":3},{"not_picked":["HollowMod:HowlingWraiths","HollowMod:TaintedHusks"],"picked":"HollowMod:HornetsHelp","floor":6},{"not_picked":["HollowMod:RadiancesLament","HollowMod:WhiteLadysBlessing"],"picked":"HollowMod:Weaversong","floor":16},{"not_picked":["HollowMod:ShapeofUnn","HollowMod:InfectedCysts","HollowMod:FastStrike","HollowMod:SoulVessel"],"picked":"HollowMod:CycloneSlash","floor":27},{"not_picked":["HollowMod:MonarchWings","HollowMod:CycloneSlash","HollowMod:SoulShaman","HollowMod:SoulStrike+1"],"picked":"HollowMod:SlysStrikes","floor":29},{"not_picked":["HollowMod:Hiveblood","HollowMod:HornetsHelp","HollowMod:RadiancesLament","HollowMod:ElderbugsWisdom"],"picked":"HollowMod:SlysStrikes","floor":33},{"not_picked":["HollowMod:SharpenedNail+1","HollowMod:SoulVessel+1","HollowMod:MonomonsArchive+1","HollowMod:HowlingWraiths+1"],"picked":"HollowMod:BlackTendrils+1","floor":40},{"not_picked":["The Bomb","DDmod:PotionAddictCard","jedi:LeechingStrike","jedi:RedIncense"],"picked":"ReplayTheSpireMod:Brewmster","floor":41},{"not_picked":["Transmutation","Replay:Sssssssssstrike","Replay:Sssssssssshield","Flash of Steel"],"picked":"Apotheosis","floor":41},{"not_picked":["jedi:RedIncense","Swift Strike","Replay:Parry","Blind"],"picked":"Poisoned Strike","floor":41},{"not_picked":["HollowMod:NewJinnsSoul+1","HollowMod:ShadowDash","HollowMod:MonarchWings","HollowMod:BlackTendrils+1"],"picked":"HollowMod:MothsMistake+1","floor":48}],"player_experience":562718,"relics_obtained":[{"floor":1,"key":"conspire:BottledYoYo"},{"floor":2,"key":"Replay:Bandana"},{"floor":3,"key":"War Paint"},{"floor":4,"key":"StSpp:PetrifiedCaterpillar"},{"floor":5,"key":"HollowMod:MantisClawRelic"},{"floor":6,"key":"HollowMod:QueensCombRelic"},{"floor":7,"key":"Juzu Bracelet"},{"floor":9,"key":"reliquary:PartyBalloon"},{"floor":10,"key":"CaptainsWheel"},{"floor":12,"key":"Dead Branch"},{"floor":18,"key":"Girya"},{"floor":19,"key":"conspire:DecoderRing"},{"floor":20,"key":"reliquary:OuijaBoard"},{"floor":22,"key":"Question Card"},{"floor":26,"key":"reliquary:PrincelyHelmet"},{"floor":27,"key":"Kunai"},{"floor":29,"key":"Replay:Mystery Machine"},{"floor":31,"key":"conspire:TopHat"},{"floor":32,"key":"Vajra"},{"floor":35,"key":"Replay:Accelerometer"},{"floor":36,"key":"Smiling Mask"},{"floor":40,"key":"Dream Catcher"},{"floor":42,"key":"HollowMod:PaleOreRelic"},{"floor":43,"key":"reliquary:BallBearing"},{"floor":44,"key":"jedi:shrinkray"},{"floor":45,"key":"reliquary:TatteredRug"},{"floor":47,"key":"reliquary:QuartzCube"},{"floor":48,"key":"reliquary:SharkskinSheath"},{"floor":49,"key":"jedi:firstaidkit"}],"event_choices":[{"damage_healed":0,"gold_gain":0,"player_choice":"RE UP ","damage_taken":26,"relics_obtained":["reliquary:Stiletto"],"max_hp_gain":0,"max_hp_loss":0,"event_name":"betterSkull:BetterSkull","floor":13,"gold_loss":0,"cards_upgraded":["HollowMod:NailStrikeStart"]}],"is_beta":false,"boss_relics":[{"not_picked":["StSpp:Balance","StSpp:FireArrow"],"picked":"Honey Jar"},{"not_picked":["Replay:Wanted Poster","StSpp:PileOfSugar"],"picked":"Snecko Heart"}],"items_purged_floors":[24,30],"is_endless":false,"potions_floor_spawned":[1,2,12,16,18,20,22,35,42,44],"ascension_level":0}}