{"host":"d7fiu2yjkssjxoz6","time":1614457034,"event":{"mods":["AchievementEnabler","BaseMod","Duelist Mod","Minty Spire (QoL Compilation)","StSLib"],"gold_per_floor":[143,155,155,305,318,318,318],"floor_reached":6,"language":"ENG","playtime":259,"items_purged":[],"score":72,"play_id":"094a9878-b7b2-4ad4-a7c9-11a27c15b659","local_time":"20210227121714","is_ascension_mode":true,"campfire_choices":[],"circlet_count":0,"master_deck":["theDuelist:ArchfiendSoldier","theDuelist:ArmoredZombie","AscendersBane","theDuelist:CastleWalls","theDuelist:CastleWalls","theDuelist:ClownZombie","theDuelist:PatricianDarkness","theDuelist:ShallowGrave","theDuelist:Sparks","theDuelist:Sparks","theDuelist:SummonedSkull","theDuelist:DesLacooda","theDuelist:CrimsonKnightVampire","theDuelist:GravekeeperCurse","Doubt"],"relics":["theDuelist:CardPoolRelic","theDuelist:CardPoolBasicRelic","theDuelist:BoosterPackPoolRelic","theDuelist:CardPoolAddRelic","theDuelist:CardPoolMinusRelic","theDuelist:CardPoolSaveRelic","theDuelist:CardPoolOptionsRelic","HoveringKite","theDuelist:MillenniumScale"],"acts_visited":["Exordium"],"potions_floor_usage":[],"damage_taken":[{"damage":4,"enemies":"Small Slimes","floor":1,"turns":4},{"damage":8,"enemies":"2 Louse","floor":2,"turns":4},{"damage":12,"enemies":"Jaw Worm","floor":5,"turns":3},{"damage":44,"enemies":"3 Sentries","floor":6,"turns":4}],"seed_played":"3410434163007062500","potions_obtained":[],"is_trial":false,"path_per_floor":["M","M","?","?","M","E"],"character_chosen":"THE_DUELIST","items_purchased":[],"campfire_rested":0,"item_purchase_floors":[],"current_hp_per_floor":[59,51,51,51,39,0,0],"gold":318,"neow_bonus":"BOSS_RELIC","is_daily":false,"chose_seed":false,"campfire_upgraded":0,"win_rate":0.0,"timestamp":1614457034,"path_taken":["M","M","?","?","M","E"],"items_purchased_type":[],"build_version":"2020-12-22","purchased_purges":0,"victory":false,"max_hp_per_floor":[70,70,70,70,70,70,70],"card_choices":[{"not_picked":["theDuelist:Skelesaurus","theDuelist:VampireGenesis","theDuelist:FossilSkullKing","theDuelist:CosmicHorrorGangiel"],"picked":"theDuelist:DesLacooda","floor":1},{"not_picked":["theDuelist:VampireGrimson","theDuelist:GhostrickSkeleton","theDuelist:GhostrickAlucard","theDuelist:Tsukahagi"],"picked":"theDuelist:CrimsonKnightVampire","floor":2},{"not_picked":["theDuelist:Wildfire","theDuelist:DarkEnergy","theDuelist:ZombieWorld","theDuelist:SuperPolymerization","theDuelist:BookEclipse"],"picked":"SKIP","floor":5}],"player_experience":356241,"relics_obtained":[],"event_choices":[{"damage_healed":0,"gold_gain":0,"player_choice":"Took item - Received: Millennium Scale","duelist":true,"damage_taken":0,"max_hp_gain":0,"max_hp_loss":0,"event_name":"Millennium Items","floor":3,"gold_loss":0},{"damage_healed":0,"gold_gain":150,"player_choice":"AGREE","damage_taken":0,"max_hp_gain":0,"max_hp_loss":0,"event_name":"Liars Game","floor":4,"gold_loss":0,"cards_obtained":["Doubt"]}],"is_beta":false,"boss_relics":[],"items_purged_floors":[],"is_endless":false,"potions_floor_spawned":[],"killed_by":"3 Sentries","ascension_level":20}}