{"host":"q9qwbotttpvtd6fn","time":1614445488,"event":{"mods":["BaseMod","Colored Map","Colored Powertips","Highlight Path","Minty Spire (QoL Compilation)","Relic Stats","StSLib"],"gold_per_floor":[118,136,151,226,242,269,269,303,338,350,362,386,77,111,111,111,111],"floor_reached":16,"language":"ENG","playtime":938,"items_purged":["Strike_B"],"score":264,"play_id":"6d020405-7e2d-4821-93c2-8d547d84945e","local_time":"20210227120448","is_ascension_mode":true,"campfire_choices":[{"data":"Fusion","floor":7,"key":"SMITH"},{"data":"Turbo","floor":15,"key":"SMITH"}],"circlet_count":0,"master_deck":["AscendersBane","Strike_B","Strike_B","Defend_B","Defend_B","Defend_B","Defend_B","Zap","Dualcast","Electrodynamics","Turbo+1","Fusion+1","Skim","Cold Snap","Stack","Steam","Conserve Battery","Undo","Consume"],"relics":["Cracked Core","DataDisk","MawBank","Juzu Bracelet","Meat on the Bone","Anchor"],"acts_visited":["Exordium"],"potions_floor_usage":[6,8,14,16,16],"damage_taken":[{"damage":0,"enemies":"Small Slimes","floor":1,"turns":3},{"damage":4,"enemies":"Jaw Worm","floor":2,"turns":4},{"damage":1,"enemies":"Cultist","floor":3,"turns":4},{"damage":11,"enemies":"Red Slaver","floor":5,"turns":4},{"damage":0,"enemies":"3 Sentries","floor":6,"turns":5},{"damage":18,"enemies":"Lagavulin","floor":8,"turns":6},{"damage":6,"enemies":"Exordium Thugs","floor":12,"turns":3},{"damage":0,"enemies":"3 Sentries","floor":14,"turns":2},{"damage":37,"enemies":"The Guardian","floor":16,"turns":12}],"seed_played":"-48619901116505895","potions_obtained":[{"floor":1,"key":"SteroidPotion"},{"floor":5,"key":"SkillPotion"},{"floor":8,"key":"Regen Potion"},{"floor":10,"key":"Weak Potion"},{"floor":14,"key":"Swift Potion"}],"is_trial":false,"path_per_floor":["M","M","M","?","M","E","R","E","T","?","?","M","$","E","R","B"],"character_chosen":"DEFECT","items_purchased":["Meat on the Bone"],"campfire_rested":0,"item_purchase_floors":[13],"current_hp_per_floor":[68,64,63,52,41,41,41,23,23,23,23,17,17,34,34,0,0],"gold":111,"neow_bonus":"THREE_RARE_CARDS","is_daily":false,"chose_seed":false,"campfire_upgraded":2,"win_rate":0.0,"timestamp":1614445488,"path_taken":["M","M","M","?","M","E","R","E","T","?","?","M","?","E","R","BOSS"],"items_purchased_type":["Relic"],"build_version":"2020-12-22","purchased_purges":1,"victory":false,"max_hp_per_floor":[68,68,68,68,68,68,68,68,68,68,68,68,68,68,68,68,68],"relic_stats":{"counters":[9,43],"Juzu Bracelet":1,"MawBank":60,"obtain_stats":[{"DataDisk":6,"Anchor":14,"Juzu Bracelet":9,"Cracked Core":0,"MawBank":8,"Meat on the Bone":13},{"DataDisk":5,"Anchor":8,"Juzu Bracelet":6,"Cracked Core":0,"MawBank":6,"Meat on the Bone":7},{"DataDisk":20,"Anchor":31,"Juzu Bracelet":26,"Cracked Core":0,"MawBank":26,"Meat on the Bone":29}],"Meat on the Bone":12},"card_choices":[{"not_picked":["Machine Learning","All For One"],"picked":"Electrodynamics","floor":0},{"not_picked":["Redo","Sweeping Beam"],"picked":"Turbo","floor":1},{"not_picked":["Steam","Stack"],"picked":"Fusion","floor":2},{"not_picked":["Cold Snap","Coolheaded"],"picked":"Skim","floor":3},{"not_picked":["Redo","Beam Cell"],"picked":"Cold Snap","floor":5},{"not_picked":["Steam","Recycle"],"picked":"Stack","floor":6},{"not_picked":["Redo","Stack"],"picked":"Steam","floor":8},{"not_picked":["Genetic Algorithm","Rebound"],"picked":"Undo","floor":12},{"not_picked":["Creative AI","Conserve Battery"],"picked":"Consume","floor":14}],"player_experience":514080,"relics_obtained":[{"floor":6,"key":"DataDisk"},{"floor":8,"key":"MawBank"},{"floor":9,"key":"Juzu Bracelet"},{"floor":14,"key":"Anchor"}],"event_choices":[{"damage_healed":0,"gold_gain":75,"player_choice":"Gather Gold","damage_taken":11,"max_hp_gain":0,"max_hp_loss":0,"event_name":"World of Goop","floor":4,"gold_loss":0},{"damage_healed":0,"gold_gain":0,"player_choice":"Got Potions","damage_taken":0,"max_hp_gain":0,"max_hp_loss":0,"event_name":"Lab","floor":10,"gold_loss":0},{"damage_healed":0,"gold_gain":0,"cards_transformed":["Strike_B"],"player_choice":"Transformed","damage_taken":0,"max_hp_gain":0,"max_hp_loss":0,"event_name":"Transmorgrifier","floor":11,"gold_loss":0,"cards_obtained":["Conserve Battery"]}],"is_beta":false,"boss_relics":[],"items_purged_floors":[13],"is_endless":false,"potions_floor_spawned":[1,5,8,14],"killed_by":"The Guardian","ascension_level":11}}