{"host":"d73an99q9oevilk5","time":1614418648,"event":{"mods":["2.2 Compatiblity","AchievementEnabler","Act Like it!","Aspiration","BaseMod","Beaked The Cultist","Better Third Choice","BetterRewards","Bossed Relics","Colored Map","Colored Powertips","Conspire","Downfall","GifTheSpireLib","GungeonMod","Halation","Hubris","Infinite Spire","Marisa????????","Mimic Mod","Minty Spire (QoL Compilation)","MostiFishMod","Quick Restart","Relic Sorter","Reliquary","Replay The Spire","Shop Mod","Spikes Relics","StSLib","Stuff the Spire","The Cursed","The Jungle","The Necromancer","The Saiyan","TheHero","Waifu the Spire","egg","slay the spire mod where everything is the same but ironclad has a cowboy hat"],"gold_per_floor":[109,109,109,127,143,172,95,105,129,141,175,175,350,382,382,485,485,505,518,443,443,443,473,493,506,542,559,559,572,572,607,607,705,705,720,732,751,763,781,809,809,843,843,876,876,260,260,105,150,150],"floor_reached":51,"language":"ENG","playtime":2589,"items_purged":["Doubt","Parasite"],"score":1171,"play_id":"3fb9330b-f92d-45e7-b15d-28c29dc5781b","local_time":"20210227023728","is_ascension_mode":false,"campfire_choices":[{"data":"beaked:Ceremony","floor":12,"key":"SMITH"},{"data":"beaked:Ceremony","floor":12,"key":"SMITH"},{"data":"beaked:Ceremony","floor":15,"key":"SMITH"},{"data":"beaked:Evade","floor":15,"key":"SMITH"},{"data":"beaked:StickSmack","floor":28,"key":"SMITH"},{"data":"beaked:MimicWarrior","floor":28,"key":"SMITH"},{"data":"beaked:Foresight","floor":30,"key":"SMITH"},{"data":"beaked:Foresight","floor":30,"key":"SMITH"},{"data":"StuffTheSpire:Innocence","floor":32,"key":"SMITH"},{"data":"beaked:CursingBlood","floor":32,"key":"SMITH"},{"data":"StuffTheSpire:Brawn","floor":41,"key":"SMITH"},{"data":"beaked:WarriorEssence","floor":41,"key":"SMITH"}],"circlet_count":0,"master_deck":["beaked:Strike_Y","beaked:Strike_Y","beaked:Strike_Y","beaked:Strike_Y","beaked:Strike_Y","beaked:Strike_Y","beaked:Defend_Y","beaked:Defend_Y","beaked:Defend_Y","beaked:Defend_Y","beaked:Ceremony+1","beaked:Ceremony+1","beaked:Ceremony+1","beaked:Foresight+1","beaked:MimicWarrior+1","beaked:CursingBlood+1","beaked:Foresight+1","beaked:Evade+1","beaked:HuntressSpirit+1","beaked:WindBringer","StuffTheSpire:Innocence+1","beaked:AwakenedForm+1","beaked:KnowThyFoe+1","beaked:Daydream+1","beaked:Windmill+1","beaked:Sacrifice+1","beaked:StickSmack+1","beaked:Insight+1","beaked:ScreechingChant+1","beaked:WarriorEssence+1","beaked:Windmill+1","StuffTheSpire:Brawn+1","beaked:Brace+1","beaked:MachineSpirit","beaked:MimicWarrior+1","beaked:KnowThyFoe+1","ReplayTheSpireMod:Brewmster+1","beaked:Insight+1"],"relics":["beaked:MendingPlumage","reliquary:GummyVitamins","theJungle:SneckoAutograph","DaveBox","JellyFishMachine","hubris:EmptyBottle","aspiration:Lifesprig","StuffTheSpire:Saxophone","Replay:Arrowhead","halation:LettersToHer","SynthV:TestCard","Golden Egg","Dream Catcher","reliquary:WeakTea","Painkiller Herb","halation:Diary","Iron Hammer","Replay:Bottled Snecko","DemoMod:VorpalBullet","Smiling Mask","conspire:SpecialSausage","DemoMod:PinkGuonStone","infinitespire:Lucky Rock","Bottled Tornado","Calipers","DemoMod:MeltedRock","StuffTheSpire:Gunfinga","MiniBlackHole","CatCart"],"acts_visited":["Exordium","Exordium","TheBeyond"],"potions_floor_usage":[6,16,19,23,24,42,45,47,49,49,49,49,49,49,50,50,50,50,50,50,50],"damage_taken":[{"damage":0,"enemies":"Small Slimes","floor":1,"turns":4},{"damage":1,"enemies":"Cultist","floor":4,"turns":3},{"damage":0,"enemies":"2 Louse","floor":5,"turns":3},{"damage":44,"enemies":"Gremlin Nob","floor":6,"turns":6},{"damage":0,"enemies":"Large Slime","floor":8,"turns":5},{"damage":7,"enemies":"3 Louse","floor":10,"turns":7},{"damage":8,"enemies":"3 Sentries","floor":11,"turns":7},{"damage":7,"enemies":"Replay:BlueRogue","floor":14,"turns":7},{"damage":8,"enemies":"The Guardian","floor":16,"turns":9},{"damage":20,"enemies":"theJungle:Flameango_and_Byrd","floor":18,"turns":7},{"damage":20,"enemies":"theJungle:MUSHROOMGANG","floor":19,"turns":4},{"damage":1,"enemies":"theJungle:2_Phrogs","floor":23,"turns":7},{"damage":24,"enemies":"theJungle:Lyon","floor":24,"turns":5},{"damage":40,"enemies":"theJungle:2_Snecko_Cultists","floor":25,"turns":5},{"damage":5,"enemies":"theJungle:SlimyTreeVines","floor":26,"turns":9},{"damage":42,"enemies":"theJungle:SlimyTreeVines","floor":27,"turns":7},{"damage":9,"enemies":"theJungle:JungleHuntersEncounter","floor":29,"turns":4},{"damage":2,"enemies":"theJungle:Cassacara","floor":31,"turns":7},{"damage":0,"enemies":"theJungle:FunGuy","floor":33,"turns":7},{"damage":25,"enemies":"Orb Walker","floor":35,"turns":5},{"damage":28,"enemies":"3 Shapes","floor":36,"turns":4},{"damage":33,"enemies":"Spire Growth","floor":37,"turns":5},{"damage":26,"enemies":"Transient","floor":38,"turns":5},{"damage":12,"enemies":"Writhing Mass","floor":39,"turns":6},{"damage":24,"enemies":"Reptomancer","floor":40,"turns":4},{"damage":6,"enemies":"conspire:MimicChest","floor":42,"turns":5},{"damage":0,"enemies":"R_Hoarder","floor":44,"turns":6},{"damage":14,"enemies":"Spire Growth","floor":45,"turns":3},{"damage":0,"enemies":"4 Shapes","floor":47,"turns":1},{"damage":0,"enemies":"Orin","floor":49,"turns":4},{"damage":42,"enemies":"infinitespire:MassOfShapes","floor":50,"turns":9}],"seed_played":"6060657447354315075","potions_obtained":[{"floor":1,"key":"SkillPotion"},{"floor":6,"key":"DuplicationPotion"},{"floor":8,"key":"SmokeBomb"},{"floor":10,"key":"DuplicationPotion"},{"floor":19,"key":"Weak Potion"},{"floor":42,"key":"FearPotion"},{"floor":44,"key":"Strength Potion"}],"is_trial":false,"path_per_floor":["M","?","?","M","M","E","$","M","T","M","E","R","?","E","R","B",null,"?","?","T","?","AVR","E","?","?","MIM","?","T","?","T","E","T","B",null,"?","?","?","?","?","E","T","?","T","E","?","T","?","T","T","B",null],"character_chosen":"BEAKED_THE_CULTIST","items_purchased":["hubris:EmptyBottle","aspiration:Lifesprig","beaked:Foresight","StuffTheSpire:Saxophone","beaked:HuntressSpirit","DemoMod:MeltedRock","StuffTheSpire:Gunfinga","ReplayTheSpireMod:Brewmster","MiniBlackHole"],"campfire_rested":0,"item_purchase_floors":[0,0,0,0,7,46,46,46,48],"current_hp_per_floor":[50,50,50,50,50,18,18,41,41,47,50,50,50,50,50,44,50,50,45,45,50,50,50,40,23,53,43,43,56,56,56,56,56,56,44,42,41,43,65,72,72,75,75,75,61,61,61,61,72,72],"gold":150,"neow_bonus":"","is_daily":false,"chose_seed":false,"campfire_upgraded":12,"win_rate":0.0,"timestamp":1614418648,"path_taken":["M","?","?","?","M","E","$","M","T","M","E","R","?","E","R","BOSS","?","?","T","?","AVR","E","?","?","MIM","?","T","?","T","E","T","BOSS","?","?","?","?","?","E","T","?","T","E","?","T","?","?","T","BOSS"],"items_purchased_type":["Relic","Relic","Card","Relic","Card","Relic","Relic","Card","Relic"],"build_version":"2020-12-22","purchased_purges":2,"victory":true,"max_hp_per_floor":[50,50,50,50,50,50,50,50,50,50,50,50,50,50,50,50,50,50,50,50,50,50,50,50,50,53,53,53,56,56,56,56,56,56,59,62,65,65,65,72,72,75,75,75,75,72,72,72,72,72],"card_choices":[{"not_picked":["beaked:BraceForImpact","beaked:BounceBack"],"picked":"beaked:MimicWarrior","floor":1},{"not_picked":["beaked:TuckingFeathers","beaked:FakeOut","beaked:SurvivalInstinct","beaked:Insight","beaked:CursingBlood"],"picked":"SKIP","floor":4},{"not_picked":["beaked:TuckingFeathers","beaked:FakeOut","beaked:SurvivalInstinct","beaked:Insight"],"picked":"beaked:CursingBlood","floor":4},{"not_picked":["beaked:Insight","beaked:Redirect","beaked:SacrificialAttack","ReplayTheSpireMod:Prepare the Ceremony"],"picked":"beaked:Foresight","floor":5},{"not_picked":["beaked:BraceForImpact","beaked:Insight","beaked:Tradeoff","ReplayTheSpireMod:RavenHex"],"picked":"beaked:Evade","floor":6},{"not_picked":["beaked:RitualOfBody","beaked:Cower","beaked:Insight","beaked:Foresight","beaked:TuckingFeathers"],"picked":"SKIP","floor":8},{"not_picked":["beaked:HuntressSpirit","beaked:DesperateSwing","beaked:Evade","beaked:Insight","beaked:Redirect"],"picked":"SKIP","floor":10},{"not_picked":["beaked:Insight","beaked:DesperateSwing","beaked:Replenish","beaked:Tradeoff"],"picked":"beaked:WindBringer","floor":11},{"not_picked":["beaked:Flinch","beaked:WarriorEssence","beaked:BarbedWire","beaked:FeelMyPain"],"picked":"beaked:AwakenedForm","floor":14},{"not_picked":["beaked:ShadowFade","beaked:Sacrifice","beaked:FakeOut","beaked:LiftOff"],"picked":"beaked:KnowThyFoe","floor":16},{"not_picked":["beaked:BounceBack","beaked:CursingBlood","beaked:Evade","beaked:TuckingFeathers","beaked:DesperateSwing"],"picked":"SKIP","floor":18},{"not_picked":["beaked:Resilience","beaked:SurvivalInstinct","beaked:Foresight","beaked:VigorBurst","beaked:Flinch"],"picked":"SKIP","floor":19},{"not_picked":["beaked:Flinch","beaked:RuinSticks","beaked:Insight","beaked:Brainwash"],"picked":"beaked:Daydream+1","floor":23},{"not_picked":["beaked:Evade+1","beaked:Cower","ReplayTheSpireMod:RavenHex","beaked:DesperateSwing"],"picked":"beaked:Windmill+1","floor":24},{"not_picked":["beaked:Hexing+1","beaked:Tweet","beaked:Foresight+1","beaked:CursingBlood"],"picked":"beaked:Sacrifice","floor":25},{"not_picked":["beaked:Replenish","beaked:Cower","beaked:Redirect+1","beaked:Brace"],"picked":"beaked:StickSmack","floor":27},{"not_picked":["beaked:Cower","beaked:Windmill","beaked:WindBringer","beaked:Resilience","beaked:BarbedWire+1"],"picked":"SKIP","floor":29},{"not_picked":["beaked:Replenish","beaked:Overexert","beaked:BraceForImpact","beaked:WarriorSpirit"],"picked":"beaked:Insight+1","floor":31},{"not_picked":["beaked:LiftOff","beaked:VolatileMisfortune","beaked:FullHouse","beaked:SacrificialScars"],"picked":"beaked:ScreechingChant","floor":33},{"not_picked":["beaked:BounceBack","beaked:RuinSticks+1","beaked:Redirect","beaked:Replenish+1","beaked:BloodForTheGods"],"picked":"SKIP","floor":35},{"not_picked":["beaked:RuinSticks","beaked:WarriorEssence","beaked:FeelMyPain+1","beaked:TuckingFeathers","beaked:Daydream+1"],"picked":"SKIP","floor":36},{"not_picked":["beaked:RuinSticks","beaked:FeelMyPain+1","beaked:TuckingFeathers","beaked:Daydream+1"],"picked":"beaked:WarriorEssence","floor":36},{"not_picked":["beaked:Molting","beaked:BloodForTheGods+1","beaked:Foresight","beaked:Poke","beaked:SacrificialDive"],"picked":"SKIP","floor":37},{"not_picked":["beaked:Overexert+1","beaked:Poke+1","beaked:CursingBlood+1","beaked:DigDeep+1"],"picked":"beaked:Windmill+1","floor":38},{"not_picked":["beaked:Evade+1","beaked:HuntressEssence+1","beaked:Tweet+1","beaked:MaddeningMurmurs"],"picked":"beaked:Brace+1","floor":39},{"not_picked":["beaked:CrazyRituals","beaked:BraceForImpact","beaked:WarriorEssence","beaked:HuntressSpirit+1"],"picked":"beaked:MachineSpirit","floor":40},{"not_picked":["beaked:Windmill","beaked:BraceForImpact+1","beaked:Poke","beaked:Brainwash"],"picked":"beaked:MimicWarrior+1","floor":42},{"not_picked":["beaked:BraceForImpact+1","beaked:Roost","beaked:WarriorEssence+1","beaked:Cower"],"picked":"beaked:KnowThyFoe","floor":44},{"not_picked":["beaked:BraceForImpact","ReplayTheSpireMod:RavenHex","beaked:Windmill+1","beaked:Negation"],"picked":"beaked:Insight+1","floor":49}],"player_experience":2014586,"relics_obtained":[{"floor":1,"key":"SynthV:TestCard"},{"floor":6,"key":"Golden Egg"},{"floor":9,"key":"halation:LettersToHer"},{"floor":9,"key":"Dream Catcher"},{"floor":11,"key":"reliquary:WeakTea"},{"floor":14,"key":"reliquary:GummyVitamins"},{"floor":23,"key":"Replay:Bottled Snecko"},{"floor":26,"key":"DemoMod:VorpalBullet"},{"floor":26,"key":"halation:LettersToHer"},{"floor":31,"key":"Smiling Mask"},{"floor":40,"key":"DemoMod:PinkGuonStone"},{"floor":42,"key":"infinitespire:Lucky Rock"},{"floor":43,"key":"halation:LettersToHer"},{"floor":43,"key":"Bottled Tornado"},{"floor":44,"key":"Calipers"},{"floor":49,"key":"CatCart"}],"event_choices":[{"damage_healed":0,"gold_gain":0,"player_choice":"Leave","damage_taken":0,"max_hp_gain":0,"max_hp_loss":0,"event_name":"conspire:Investor","floor":2,"gold_loss":0},{"damage_healed":0,"gold_gain":0,"player_choice":"Ignored","damage_taken":0,"max_hp_gain":0,"max_hp_loss":0,"event_name":"NoteForYourself","floor":3,"gold_loss":0},{"damage_healed":0,"gold_gain":175,"player_choice":"AGREE","damage_taken":175,"max_hp_gain":0,"max_hp_loss":0,"event_name":"betterThird:BetterSerpent","floor":13,"gold_loss":0},{"damage_healed":0,"gold_gain":0,"player_choice":"Fight","damage_taken":0,"max_hp_gain":0,"max_hp_loss":0,"event_name":"OrinTheCat","floor":49,"gold_loss":0}],"is_beta":false,"boss_relics":[{"not_picked":["NightmareShop","hubris:VirtuousBlindfold"],"picked":"Painkiller Herb"},{"not_picked":["Kintsugi","reliquary:Craggleroot"],"picked":"conspire:SpecialSausage"}],"items_purged_floors":[20,46],"is_endless":false,"potions_floor_spawned":[1,6,8,10,18,19,25,27,29,31,36,40,42,44,47],"ascension_level":0}}