{"host":"q1ww9goctev8e12g","time":1614442409,"event":{"mods":["2.2 Compatiblity","Aspiration","BaseMod","BetterRewards","Colored Powertips","Conspire","Downfall","Hubris","Minty Spire (QoL Compilation)","Quick Restart","Reliquary","Replay The Spire","StSLib"],"gold_per_floor":[111,111,111,22,22,53,71,104,129,143,143,162,178,178,178],"floor_reached":14,"language":"FRA","playtime":379,"items_purged":[],"score":231,"play_id":"396bc0cd-ac0d-4cb9-8265-6ad15e6d1da9","local_time":"20210227171329","is_ascension_mode":true,"campfire_choices":[{"floor":11,"key":"REST"}],"circlet_count":0,"master_deck":["AscendersBane","Strike_G","Strike_G","Strike_G","Strike_G","Strike_G","Defend_G","Defend_G","Defend_G","Defend_G","Defend_G","Survivor","Neutralize","Caltrops","Regret","Footwork","Sucker Punch","Flying Knee","Slice","Adrenaline","Noxious Fumes","Footwork"],"relics":["Ring of the Snake","NeowsBlessing","reliquary:PrincelyHelmet","Replay:Mystery Machine","Vajra","Lantern"],"acts_visited":["Exordium"],"potions_floor_usage":[14],"damage_taken":[{"damage":0,"enemies":"Cultist","floor":1,"turns":1},{"damage":0,"enemies":"3 Sentries","floor":6,"turns":1},{"damage":0,"enemies":"Small Slimes","floor":7,"turns":1},{"damage":33,"enemies":"Lagavulin","floor":8,"turns":11},{"damage":0,"enemies":"2 Louse","floor":10,"turns":3},{"damage":6,"enemies":"Exordium Wildlife","floor":12,"turns":4},{"damage":0,"enemies":"Blue Slaver","floor":13,"turns":3},{"damage":42,"enemies":"Gremlin Nob","floor":14,"turns":4}],"seed_played":"8782653986544451362","potions_obtained":[{"floor":8,"key":"sneckomod:MuddlingPotion"},{"floor":10,"key":"Adrenaline Potion"},{"floor":13,"key":"SkillPotion"}],"is_trial":false,"path_per_floor":["M","$","?","$","?","E","M","E","T","M","R","M","M","E"],"character_chosen":"THE_SILENT","items_purchased":["Footwork"],"campfire_rested":1,"item_purchase_floors":[4],"current_hp_per_floor":[59,59,59,59,59,59,59,26,26,26,45,39,39,0,0],"gold":178,"neow_bonus":"THREE_ENEMY_KILL","is_daily":false,"chose_seed":false,"campfire_upgraded":0,"win_rate":0.0,"timestamp":1614442409,"path_taken":["M","?","?","?","?","E","M","E","T","M","R","M","?","E"],"items_purchased_type":["Card"],"build_version":"2020-12-22","purchased_purges":0,"victory":false,"max_hp_per_floor":[66,66,66,66,66,66,66,66,66,66,66,66,66,66,66],"card_choices":[{"not_picked":["hubris:SlightOfHand","Flying Knee"],"picked":"Caltrops","floor":1},{"not_picked":["Eviscerate","Deflect"],"picked":"Sucker Punch","floor":6},{"not_picked":["Bane","ReplayTheSpireMod:Scrap Shanks"],"picked":"Flying Knee","floor":7},{"not_picked":["Backflip","Terror"],"picked":"Slice","floor":8},{"not_picked":["Flechettes","PiercingWail"],"picked":"Adrenaline","floor":10},{"not_picked":["Leg Sweep","Endless Agony"],"picked":"Noxious Fumes","floor":12},{"not_picked":["Dagger Spray","conspire:DoublingDagger"],"picked":"Footwork","floor":13}],"player_experience":566793,"relics_obtained":[{"floor":6,"key":"Replay:Mystery Machine"},{"floor":8,"key":"Vajra"},{"floor":9,"key":"Lantern"}],"event_choices":[{"damage_healed":0,"gold_gain":0,"player_choice":"Box","damage_taken":0,"relics_obtained":["reliquary:PrincelyHelmet"],"max_hp_gain":0,"max_hp_loss":0,"event_name":"Big Fish","floor":3,"gold_loss":0,"cards_obtained":["Regret"]},{"damage_healed":0,"gold_gain":0,"player_choice":"Ignored","damage_taken":0,"max_hp_gain":0,"max_hp_loss":0,"event_name":"Golden Wing","floor":5,"gold_loss":0}],"is_beta":false,"boss_relics":[],"items_purged_floors":[],"is_endless":false,"potions_floor_spawned":[8,10,13],"killed_by":"Gremlin Nob","ascension_level":17}}