{"host":"0r455zfix56tawas","time":1614420684,"event":{"mods":["AlwaysNeverKeys","BaseMod","Colored Powertips","Downfall","Highlight Path","Minty Spire (QoL Compilation)","Permanent Neow","StSLib","The Necromancer","The Servant 0.9.4"],"gold_per_floor":[14,26,26,46,58,58,72,72,148,148,166,185,185,202,202,304,304,304,304,304,304,304,304,229,229,229,154,154,154,154,154,154,154,154,154,154,154,154,154,154,154,154,154,154,154,154,154,154,154,154],"floor_reached":51,"language":"ENG","playtime":1892,"items_purged":["Strike_W"],"score":693,"play_id":"16e1ec15-1342-4a04-9695-1dc64aa6edb5","local_time":"20210227111124","is_ascension_mode":false,"campfire_choices":[{"data":"Cloudkill","floor":6,"key":"SMITH"},{"data":"Life_Drain","floor":8,"key":"SMITH"},{"data":"Negative_Energy_Shield","floor":10,"key":"SMITH"},{"data":"Life_Drain","floor":15,"key":"SMITH"},{"data":"Bone_Armory","floor":23,"key":"SMITH"},{"data":"Summon_Death_Knight","floor":29,"key":"SMITH"},{"data":"Bone_Armor","floor":32,"key":"SMITH"},{"data":"Summon_Death_Knight","floor":40,"key":"SMITH"},{"data":"Bones_to_Steel","floor":42,"key":"SMITH"},{"data":"Bone_Armor","floor":44,"key":"SMITH"},{"data":"Negative_Energy_Arrows","floor":47,"key":"SMITH"},{"data":"Negative_Energy_Shield","floor":49,"key":"SMITH"}],"circlet_count":0,"master_deck":["Strike_W","Strike_W","Defend_W","Defend_W","Defend_W","Defend_W","Negative_Energy_Arrows+1","Bone_Wall","Cloudkill+1","Bone_Armor+1","Life_Drain+1","Negative_Energy_Shield+1","Negative_Energy_Shield+1","Bone_Armory+1","Life_Drain+1","Skeleton_Dragon","Summon_Death_Knight+1","Negative_Energy_Shield","Bone_Armor+1","Bone_Armor+1","Bones_to_Steel+1","Bone_Bullets+1","Summon_Death_Knight+1","Siphon_Strength+1","Toxic_Smoke_Screen+1","Negative_Energy_Sphere"],"relics":["Vampire_Amulet","InkBottle","Ectoplasm","MutagenicStrength","Mummified Hand","Mango","Coffee Dripper","Unceasing Top","Orichalcum","Gremlin Horn"],"acts_visited":["Exordium","TheCity","TheBeyond"],"potions_floor_usage":[45,50,50,50],"damage_taken":[{"damage":5,"enemies":"2 Louse","floor":1,"turns":3},{"damage":0,"enemies":"Cultist","floor":2,"turns":3},{"damage":10,"enemies":"Jaw Worm","floor":4,"turns":5},{"damage":7,"enemies":"2 Fungi Beasts","floor":5,"turns":3},{"damage":10,"enemies":"Looter","floor":7,"turns":4},{"damage":5,"enemies":"Red Slaver","floor":11,"turns":4},{"damage":0,"enemies":"3 Louse","floor":12,"turns":4},{"damage":5,"enemies":"2 Fungi Beasts","floor":14,"turns":3},{"damage":16,"enemies":"Slime Boss","floor":16,"turns":9},{"damage":15,"enemies":"Spheric Guardian","floor":18,"turns":8},{"damage":0,"enemies":"Shell Parasite","floor":21,"turns":6},{"damage":17,"enemies":"Centurion and Healer","floor":22,"turns":7},{"damage":1,"enemies":"Shelled Parasite and Fungi","floor":28,"turns":6},{"damage":2,"enemies":"3 Cultists","floor":30,"turns":6},{"damage":8,"enemies":"Gremlin Leader","floor":31,"turns":7},{"damage":83,"enemies":"Champ","floor":33,"turns":16},{"damage":7,"enemies":"Orb Walker","floor":35,"turns":4},{"damage":6,"enemies":"Mind Bloom Boss Battle","floor":36,"turns":13},{"damage":8,"enemies":"3 Darklings","floor":38,"turns":3},{"damage":1,"enemies":"Transient","floor":39,"turns":5},{"damage":51,"enemies":"Reptomancer","floor":41,"turns":10},{"damage":0,"enemies":"Jaw Worm Horde","floor":45,"turns":5},{"damage":0,"enemies":"Sphere and 2 Shapes","floor":46,"turns":4},{"damage":18,"enemies":"Writhing Mass","floor":48,"turns":5},{"damage":12,"enemies":"Donu and Deca","floor":50,"turns":10}],"seed_played":"9153705573965561934","potions_obtained":[{"floor":4,"key":"Block Potion"},{"floor":7,"key":"SpeedPotion"},{"floor":12,"key":"PowerPotion"},{"floor":16,"key":"LiquidBronze"},{"floor":45,"key":"Strength Potion"}],"is_trial":false,"path_per_floor":["M","M","?","M","M","R","M","R","T","R","M","M","?","M","R","B",null,"M","?","?","M","M","R","$","?","T","?","M","R","M","E","R","B",null,"M","?","?","M","M","R","E","R","T","R","M","M","R","M","R","B",null],"character_chosen":"NECROMANCER","items_purchased":[],"campfire_rested":0,"item_purchase_floors":[],"current_hp_per_floor":[72,74,75,67,70,70,71,71,71,71,72,75,75,75,75,75,75,71,71,71,75,73,73,73,73,73,73,75,75,75,89,89,20,89,89,89,89,89,89,89,64,64,64,64,86,89,89,73,73,87],"gold":154,"neow_bonus":"THREE_RARE_CARDS","is_daily":false,"chose_seed":false,"campfire_upgraded":12,"win_rate":0.0,"timestamp":1614420684,"path_taken":["M","M","?","M","?","R","M","R","T","R","M","M","?","M","R","BOSS","M","?","?","M","M","R","$","?","T","?","M","R","M","E","R","BOSS","M","?","?","?","M","R","E","R","T","R","M","M","R","M","R","BOSS"],"items_purchased_type":[],"build_version":"2020-12-22","purchased_purges":1,"victory":true,"max_hp_per_floor":[75,75,75,75,75,75,75,75,75,75,75,75,75,75,75,75,75,75,75,75,75,75,75,75,75,75,75,75,75,75,89,89,89,89,89,89,89,89,89,89,89,89,89,89,89,89,89,89,89,89],"card_choices":[{"not_picked":["Reap_The_Weak","Blood_Magic"],"picked":"Cloudkill","floor":0},{"not_picked":["Bone_Spikes","Strike_from_Beyond","Negative_Energy_Mist"],"picked":"SKIP","floor":1},{"not_picked":["Epidemic","Blood_Curse"],"picked":"Bone_Armor","floor":2},{"not_picked":["Blood_Is_Power","Blood_Whip"],"picked":"Life_Drain","floor":4},{"not_picked":["Consume_Illness","Shackles_Of_Pain"],"picked":"Negative_Energy_Shield","floor":5},{"not_picked":["Bone_Shift","Shackles_Of_Pain","Vampiric_Strike"],"picked":"SKIP","floor":7},{"not_picked":["Blood_Whip","Bone_Shift"],"picked":"Negative_Energy_Shield","floor":11},{"not_picked":["Summon_Lich","Bone_Spikes"],"picked":"Bone_Armory","floor":12},{"not_picked":["Blood_Curse","Bone_Shift"],"picked":"Skeleton_Dragon","floor":14},{"not_picked":["Blood_Wake","Skeleton_Dragon"],"picked":"Summon_Death_Knight","floor":16},{"not_picked":["Blood_Curse","Consume_Illness+1","Negative_Energy_Javelin"],"picked":"SKIP","floor":18},{"not_picked":["Death_Coil","Blood_Curse"],"picked":"Negative_Energy_Shield","floor":21},{"not_picked":["Summon_Undead_Army","Blood_Whip"],"picked":"Bone_Armor","floor":22},{"not_picked":["Violent_Necrosis","Epidemic","Requiem"],"picked":"SKIP","floor":28},{"not_picked":["Violent_Necrosis+1","Death_Coil+1"],"picked":"Bone_Armor+1","floor":30},{"not_picked":["Bone_Spikes","Vampiric_Strike+1","Blood_Whip"],"picked":"SKIP","floor":31},{"not_picked":["Death_Coil+1","Bone_Shift"],"picked":"Bones_to_Steel","floor":35},{"not_picked":["Shackles_Of_Pain+1","Vampiric_Strike+1"],"picked":"Bone_Bullets+1","floor":36},{"not_picked":["Stop_Heart+1","Negative_Energy_Shield","Bones_to_Steel"],"picked":"SKIP","floor":38},{"not_picked":["Death_March_Dance+1","Negative_Energy_Sphere"],"picked":"Summon_Death_Knight","floor":39},{"not_picked":["Blood_Whip+1","Blood_Wake","Stop_Heart"],"picked":"SKIP","floor":41},{"not_picked":["Summon_Lich+1","Blood_Whip"],"picked":"Siphon_Strength+1","floor":45},{"not_picked":["Consume_Illness+1","Shackles_Of_Pain"],"picked":"Toxic_Smoke_Screen+1","floor":46},{"not_picked":["Death_March_Dance","Thousand_Bone_Knives"],"picked":"Negative_Energy_Sphere","floor":48}],"player_experience":1040819,"relics_obtained":[{"floor":9,"key":"InkBottle"},{"floor":26,"key":"Mummified Hand"},{"floor":31,"key":"Mango"},{"floor":36,"key":"Unceasing Top"},{"floor":41,"key":"Orichalcum"},{"floor":43,"key":"Gremlin Horn"}],"event_choices":[{"damage_healed":1,"gold_gain":0,"player_choice":"Full Heal","damage_taken":0,"max_hp_gain":0,"max_hp_loss":0,"event_name":"Wheel of Change","floor":3,"gold_loss":0},{"damage_healed":0,"gold_gain":0,"player_choice":"1 cards matched","damage_taken":0,"max_hp_gain":0,"max_hp_loss":0,"event_name":"Match and Keep!","floor":13,"gold_loss":0,"cards_obtained":["Life_Drain"]},{"damage_healed":0,"gold_gain":0,"player_choice":"Ignored","damage_taken":0,"max_hp_gain":0,"max_hp_loss":0,"event_name":"Ghosts","floor":20,"gold_loss":0},{"damage_healed":0,"gold_gain":0,"player_choice":"Inject Mutagens","damage_taken":0,"relics_obtained":["MutagenicStrength"],"max_hp_gain":0,"max_hp_loss":0,"event_name":"Drug Dealer","floor":25,"gold_loss":0},{"cards_removed":["Strike_W"],"damage_healed":0,"gold_gain":0,"player_choice":"Gave Gold","damage_taken":0,"max_hp_gain":0,"max_hp_loss":0,"event_name":"Beggar","floor":27,"gold_loss":75},{"damage_healed":0,"gold_gain":0,"player_choice":"Fight","damage_taken":0,"max_hp_gain":0,"max_hp_loss":0,"event_name":"MindBloom","floor":36,"gold_loss":0},{"damage_healed":0,"gold_gain":0,"player_choice":"Ignored","damage_taken":0,"max_hp_gain":0,"max_hp_loss":0,"event_name":"SecretPortal","floor":37,"gold_loss":0}],"is_beta":false,"boss_relics":[{"not_picked":["Cursed Key","Runic Pyramid"],"picked":"Ectoplasm"},{"not_picked":["bronze:MakeshiftBattery","Fusion Hammer"],"picked":"Coffee Dripper"}],"items_purged_floors":[24],"is_endless":false,"potions_floor_spawned":[4,7,12,16,18,31,38,45,46,48],"ascension_level":0}}