{"host":"sav7uxregyirlf69","time":1614389592,"event":{"mods":["AchievementEnabler","BaseMod","Colored Map","DeckTracker","Keyboard Shortcuts","Minty Spire (QoL Compilation)","READ ME - Guardian Mod","StSLib","SuperFastMode"],"gold_per_floor":[114,114,134,57,73,73,103,103,103,116,416,435,435,447,447,523,523,533,545,545,545],"floor_reached":20,"language":"KOR","playtime":239,"items_purged":[],"score":352,"play_id":"fdb2ca4e-1244-4e32-8316-869086927444","local_time":"20210227103312","is_ascension_mode":true,"campfire_choices":[{"data":"Envenom","floor":6,"key":"SMITH"},{"data":"Blade Dance","floor":8,"key":"SMITH"},{"data":"1","floor":13,"key":"LIFT"},{"data":"2","floor":15,"key":"LIFT"}],"circlet_count":0,"master_deck":["AscendersBane","Strike_G","Strike_G","Strike_G","Strike_G","Strike_G","Defend_G","Defend_G","Defend_G","Defend_G","Defend_G","Survivor","Neutralize","Blade Dance+1","Envenom+1","Glass Knife","Finisher","Blade Dance","Phantasmal Killer"],"relics":["Ring of the Snake","NeowsBlessing","The Specimen","Girya","Old Coin","Philosopher\u0027s Stone"],"acts_visited":["Exordium","TheCity"],"potions_floor_usage":[16,16,16],"damage_taken":[{"damage":0,"enemies":"Small Slimes","floor":1,"turns":1},{"damage":0,"enemies":"Cultist","floor":3,"turns":1},{"damage":0,"enemies":"Jaw Worm","floor":5,"turns":1},{"damage":34,"enemies":"Gremlin Nob","floor":7,"turns":4},{"damage":0,"enemies":"Blue Slaver","floor":10,"turns":1},{"damage":3,"enemies":"Exordium Thugs","floor":12,"turns":2},{"damage":1,"enemies":"2 Fungi Beasts","floor":14,"turns":3},{"damage":1,"enemies":"The Guardian","floor":16,"turns":8},{"damage":13,"enemies":"2 Thieves","floor":18,"turns":3},{"damage":7,"enemies":"Spheric Guardian","floor":19,"turns":3},{"damage":36,"enemies":"Snake Plant","floor":20,"turns":3}],"seed_played":"-8729555225155404805","potions_obtained":[{"floor":2,"key":"EntropicBrew"},{"floor":2,"key":"Explosive Potion"},{"floor":14,"key":"Energy Potion"},{"floor":18,"key":"SteroidPotion"}],"is_trial":false,"path_per_floor":["M","?","M","$","M","R","E","R","T","M","T","M","R","M","R","B",null,"M","M","M"],"character_chosen":"THE_SILENT","items_purchased":["Glass Knife"],"campfire_rested":0,"item_purchase_floors":[4],"current_hp_per_floor":[59,59,59,59,59,59,25,25,25,25,25,22,22,21,21,20,55,42,35,0,0],"gold":545,"neow_bonus":"THREE_ENEMY_KILL","is_daily":false,"chose_seed":false,"campfire_upgraded":2,"win_rate":0.0,"timestamp":1614389592,"path_taken":["M","?","M","$","?","R","E","R","T","M","?","M","R","M","R","BOSS","M","M","M"],"items_purchased_type":["Card"],"build_version":"2020-12-22","purchased_purges":0,"victory":false,"max_hp_per_floor":[66,66,66,66,66,66,66,66,66,66,66,66,66,66,66,66,66,66,66,66,66],"card_choices":[{"not_picked":["Deflect","Dodge and Roll"],"picked":"Blade Dance","floor":1},{"not_picked":["Slice","Acrobatics"],"picked":"Envenom","floor":3},{"not_picked":["Poisoned Stab","Slice","Predator"],"picked":"SKIP","floor":5},{"not_picked":["Predator","Poisoned Stab"],"picked":"Finisher","floor":7},{"not_picked":["All Out Attack","Blur","Choke"],"picked":"SKIP","floor":10},{"not_picked":["Distraction","Skewer"],"picked":"Blade Dance","floor":12},{"not_picked":["Infinite Blades","Masterful Stab","Skewer"],"picked":"SKIP","floor":14},{"not_picked":["Venomology","Envenom"],"picked":"Phantasmal Killer","floor":16},{"not_picked":["Dagger Spray","Bane","Masterful Stab"],"picked":"SKIP","floor":18},{"not_picked":["Infinite Blades","Acrobatics","Underhanded Strike"],"picked":"SKIP","floor":19}],"player_experience":1716905,"relics_obtained":[{"floor":7,"key":"The Specimen"},{"floor":9,"key":"Girya"},{"floor":11,"key":"Old Coin"}],"event_choices":[{"damage_healed":0,"gold_gain":0,"player_choice":"Got Potions","damage_taken":0,"max_hp_gain":0,"max_hp_loss":0,"event_name":"Lab","floor":2,"gold_loss":0}],"is_beta":false,"boss_relics":[{"not_picked":["Calling Bell","Runic Dome"],"picked":"Philosopher\u0027s Stone"}],"items_purged_floors":[],"is_endless":false,"potions_floor_spawned":[3,7,14,18],"killed_by":"Snake Plant","ascension_level":20}}