{"host":"liu","time":1614396807,"event":{"mods":["100% Spire Juice","ATMod(°¢èªMod)","Act Like it!","Arknights","BaseMod","KinomotoSakuraMod(Ä¾Ö®±¾Ó£)","Lobotomy","Marisa£¨ìFÓê¡¡Ä§ÀíÉ³£©","Minty Spire (QoL Compilation)","Reimu£¨²©ÀöÁéÃÎ£©","Remilia£¨ÀÙÃ×ÀòÑÇ£©","StSLib","TestMod","The Construct","The Senshi","Youmu£¨»êÆÇÑýÃÎ£©","¡¾ÒÅÎï¿¨ÅÆ¡¿REMEMod"],"gold_per_floor":[109,126,146,13,413,447,447,461,461,461,794,806,835,835,835,911,911,930,855,869,869,885,914,914,925,925,925,939,969,527,527,527,601,601,613,663,676,692,547,576,576,605,632,664,675,694,723,754,766,778,790,802,34,61,61],"floor_reached":56,"language":"ZHS","playtime":1932,"items_purged":["Strike_G","Strike_G","Strike_G","Gluttony_TH"],"score":2404,"play_id":"5f9f59c0-34c9-4083-9f47-a75356a14805","local_time":"20210227113327","is_ascension_mode":true,"campfire_choices":[{"data":"Neutralize","floor":10.0,"key":"SMITH"},{"floor":15.0,"key":"REST"},{"data":"AT_OneInchPunch","floor":24.0,"key":"SMITH"},{"data":"Terror","floor":27.0,"key":"SMITH"},{"data":"Survivor","floor":32.0,"key":"SMITH"},{"data":"Defend_G","floor":41.0,"key":"SMITH"},{"floor":49,"key":"RECALL"},{"floor":52,"key":"DIG"}],"circlet_count":0,"master_deck":["AscendersBane","Strike_G","Strike_G","Defend_G+1","Defend_G","Defend_G","Survivor+1","Neutralize+1","AT_OneInchPunch+1","Terror+1","AT_WindFlip+1","Acrobatics+1","Acrobatics","Backstab+1","Backstab","Die Die Die+1","AT_OneInchPunch+1","Backflip+1","Footwork+1","Flash of Steel","Decay","Parasite"],"relics":["Ring of the Snake","AT_ATBox","testmod-TestBox","REME_ComplimentaryCards","testmod-ArcanaOfDestiny","Ornamental Fan","testmod-D¨¦j¨¤vu","Old Coin","testmod-Justice","testmod-SaigiyounoYou","Vajra","MealTicket","Membership Card","Pen Nib","InkBottle","testmod-CardMagician","DollysMirror","testmod-Maize","AT_BellDemon","testmod-IndustrialRevolution","Whetstone","Tough Bandages","Juzu Bracelet","The Courier","MawBank","Shovel","Mercury Hourglass","Pear","Toolbox","HornCleat","AT_BellowingDragoncrestRing","AT_SilvercatRing","AT_GuinsooRageblade","testmod-AssaultLearning","testmod-Laevatain","testmod-TurbochargingSystem"],"acts_visited":["Exordium","TheCity","TheBeyond","TheEnding"],"potions_floor_usage":[50],"damage_taken":[{"damage":0.0,"enemies":"Cultist","floor":1.0,"turns":1.0},{"damage":0.0,"enemies":"Small Slimes","floor":2.0,"turns":1.0},{"damage":0.0,"enemies":"ats:Genji","floor":3.0,"turns":1.0},{"damage":20.0,"enemies":"Lagavulin","floor":6.0,"turns":6.0},{"damage":0.0,"enemies":"Looter","floor":8.0,"turns":2.0},{"damage":0.0,"enemies":"3 Sentries","floor":11.0,"turns":2.0},{"damage":0.0,"enemies":"Large Slime","floor":12.0,"turns":2.0},{"damage":16.0,"enemies":"Lagavulin","floor":13.0,"turns":4.0},{"damage":12.0,"enemies":"The Guardian","floor":16.0,"turns":7.0},{"damage":0.0,"enemies":"Spheric Guardian","floor":18.0,"turns":2.0},{"damage":0.0,"enemies":"3 Byrds","floor":20.0,"turns":2.0},{"damage":0.0,"enemies":"Cultist and Chosen","floor":22.0,"turns":3.0},{"damage":0.0,"enemies":"Gremlin Leader","floor":23.0,"turns":2.0},{"damage":5.0,"enemies":"Centurion and Healer","floor":25.0,"turns":3.0},{"damage":0.0,"enemies":"Shelled Parasite and Fungi","floor":28.0,"turns":1.0},{"damage":6.0,"enemies":"Book of Stabbing","floor":29.0,"turns":2.0},{"damage":19.0,"enemies":"Automaton","floor":33.0,"turns":5.0},{"damage":0.0,"enemies":"Orb Walker","floor":35.0,"turns":1.0},{"damage":0.0,"enemies":"3 Darklings","floor":37.0,"turns":1.0},{"damage":0.0,"enemies":"Maw","floor":38.0,"turns":3.0},{"damage":0.0,"enemies":"Giant Head","floor":40.0,"turns":4.0},{"damage":14.0,"enemies":"Nemesis","floor":42.0,"turns":3.0},{"damage":0.0,"enemies":"Reptomancer","floor":44.0,"turns":2.0},{"damage":4.0,"enemies":"4 Shapes","floor":45.0,"turns":1.0},{"damage":7.0,"enemies":"3 Darklings","floor":46.0,"turns":2.0},{"damage":59.0,"enemies":"Nemesis","floor":47.0,"turns":5.0},{"damage":8.0,"enemies":"Spire Growth","floor":48.0,"turns":3.0},{"damage":8,"enemies":"Donu and Deca","floor":50,"turns":7},{"damage":5,"enemies":"Shield and Spear","floor":54,"turns":3},{"damage":69,"enemies":"The Heart","floor":55,"turns":5}],"seed_played":"-5109405717005096585","potions_obtained":[{"floor":2.0,"key":"PowerPotion"},{"floor":3.0,"key":"GamblersBrew"},{"floor":12.0,"key":"CultistPotion"},{"floor":18.0,"key":"Ancient Potion"},{"floor":38.0,"key":"Explosive Potion"},{"floor":40.0,"key":"FairyPotion"},{"floor":42.0,"key":"PowerPotion"}],"is_trial":false,"path_per_floor":["M","M","M","$","?","E","?","M","T","R","E","M","E","?","R","B",null,"M","?","M","?","M","E","R","M","T","R","M","E","$","?","R","B",null,"M","?","M","M","$","E","R","E","T","E","M","M","E","M","R","B",null,"R","$","E","B",null],"character_chosen":"THE_SILENT","items_purchased":["AT_WindFlip","Membership Card","Pen Nib","InkBottle","DollysMirror","Toolbox","HornCleat","AT_BellowingDragoncrestRing","Flash of Steel","AT_SilvercatRing","AT_GuinsooRageblade","testmod-AssaultLearning","testmod-Laevatain"],"campfire_rested":1,"item_purchase_floors":[4,30,30,30,39,53,53,53,53,53,53,53,53],"current_hp_per_floor":[59,59,59,59,59,39,39,39,39,39,39,39,23,3,22,10,52,56,56,66,66,66,66,66,64,64,64,66,66,66,66,66,61,65,66,66,66,66,66,66,66,54,54,66,66,60,20,22,22,43,60,70,76,76,37],"gold":61,"neow_bonus":"THREE_ENEMY_KILL","is_daily":false,"chose_seed":false,"campfire_upgraded":5,"win_rate":0.0,"timestamp":1614396807,"path_taken":["M","?","M","$","?","E","?","?","T","R","E","M","E","?","R","BOSS","M","?","M","?","?","E","R","M","T","R","M","E","$","?","R","BOSS","M","?","M","M","$","E","R","E","T","E","M","M","E","M","R","BOSS","R","$","E","BOSS"],"items_purchased_type":["Card","Relic","Relic","Relic","Relic","Relic","Relic","Relic","Card","Relic","Relic","Relic","Relic"],"build_version":"2020-12-18","purchased_purges":4,"victory":true,"max_hp_per_floor":[66,66,66,66,66,66,66,66,66,66,66,66,66,66,66,66,66,66,66,66,66,66,66,66,66,66,66,66,66,66,66,66,66,66,66,66,66,66,66,66,66,66,66,66,66,66,66,66,66,66,66,76,76,76,76],"card_choices":[{"not_picked":["Sucker Punch","Bane","AT_ArcaneSupremacy"],"picked":"SKIP","floor":1.0},{"not_picked":["Deadly Poison","Prepared"],"picked":"Terror","floor":2.0},{"not_picked":["Deflect","Poisoned Stab","Cloak And Dagger"],"picked":"SKIP","floor":3.0},{"not_picked":["Backflip","Distraction","Cloak And Dagger"],"picked":"SKIP","floor":6.0},{"not_picked":["Dodge and Roll","Deflect","Crippling Poison"],"picked":"SKIP","floor":8.0},{"not_picked":["After Image","Acrobatics","Slice"],"picked":"SKIP","floor":11.0},{"not_picked":["After Image","Slice"],"picked":"Acrobatics","floor":11.0},{"not_picked":["Deflect","Flying Knee","AT_TwilightShroud"],"picked":"SKIP","floor":12.0},{"not_picked":["Night Terror","Bane","Leg Sweep"],"picked":"SKIP","floor":13.0},{"not_picked":["Glass Knife","Venomology"],"picked":"Grand Finale","floor":16.0},{"not_picked":["Tactician","AT_ShadowStep"],"picked":"Acrobatics","floor":18.0},{"not_picked":["Terror","AT_TinkerSharpsword","Escape Plan"],"picked":"SKIP","floor":20.0},{"not_picked":["Underhanded Strike","Cloak And Dagger","Concentrate"],"picked":"SKIP","floor":22.0},{"not_picked":["PiercingWail+1","Slice","Outmaneuver"],"picked":"SKIP","floor":23.0},{"not_picked":["AT_ShadowStep","Flying Knee","Venomology"],"picked":"SKIP","floor":25.0},{"not_picked":["Accuracy","AT_ArcaneSupremacy","Concentrate"],"picked":"SKIP","floor":28.0},{"not_picked":["Heel Hook","Backflip","PiercingWail"],"picked":"SKIP","floor":29.0},{"not_picked":["AT_EssenceShift","Tools of the Trade"],"picked":"Die Die Die","floor":33.0},{"not_picked":["Prepared","Cloak And Dagger","Deadly Poison"],"picked":"SKIP","floor":35.0},{"not_picked":["Outmaneuver","Dagger Throw","Deflect"],"picked":"SKIP","floor":37.0},{"not_picked":["Flying Knee+1","Die Die Die","Outmaneuver"],"picked":"SKIP","floor":38.0},{"not_picked":["Heel Hook","Wraith Form v2","AT_WomanClash"],"picked":"SKIP","floor":40.0},{"not_picked":["Caltrops","Quick Slash"],"picked":"Backflip+1","floor":42.0},{"not_picked":["Leg Sweep","Dodge and Roll","Backflip"],"picked":"SKIP","floor":44.0},{"not_picked":["AT_TinkerSharpsword","Flechettes","PiercingWail"],"picked":"SKIP","floor":45.0},{"not_picked":["AT_ThistleTea","AT_TwilightShroud"],"picked":"Footwork","floor":46.0},{"not_picked":["Blade Dance","Riddle With Holes+1","Bullet Time"],"picked":"SKIP","floor":47.0},{"not_picked":["Blade Dance","Riddle With Holes+1","Bullet Time"],"picked":"SKIP","floor":47.0},{"not_picked":["Outmaneuver","Endless Agony","Bane"],"picked":"SKIP","floor":48.0},{"not_picked":["Sucker Punch+1","Deadly Poison","Dash"],"picked":"SKIP","floor":54}],"player_experience":417215,"relics_obtained":[{"floor":6.0,"key":"Ornamental Fan"},{"floor":9.0,"key":"testmod-D¨¦j¨¤vu"},{"floor":11.0,"key":"Old Coin"},{"floor":13.0,"key":"testmod-Justice"},{"floor":23.0,"key":"Vajra"},{"floor":29.0,"key":"MealTicket"},{"floor":40.0,"key":"testmod-Maize"},{"floor":42.0,"key":"AT_BellDemon"},{"floor":43.0,"key":"testmod-IndustrialRevolution"},{"floor":44.0,"key":"Whetstone"},{"floor":44.0,"key":"Tough Bandages"},{"floor":45.0,"key":"Juzu Bracelet"},{"floor":46.0,"key":"The Courier"},{"floor":47.0,"key":"MawBank"},{"floor":47.0,"key":"Shovel"},{"floor":48.0,"key":"Mercury Hourglass"},{"floor":52,"key":"Pear"},{"floor":54,"key":"testmod-TurbochargingSystem"}],"event_choices":[{"damage_healed":0.0,"max_hp_gain":0.0,"max_hp_loss":0.0,"gold_gain":400.0,"event_name":"¶÷ÂåË¹µÄÅÌ×Ó","player_choice":"Sell","floor":5.0,"relics_lost":["NeowsBlessing"],"gold_loss":0.0,"damage_taken":0.0},{"cards_removed":["Defend_G"],"damage_healed":0.0,"max_hp_gain":0.0,"max_hp_loss":0.0,"gold_gain":0.0,"event_name":"Purifier","player_choice":"Purged","floor":7.0,"gold_loss":0.0,"damage_taken":0.0},{"damage_healed":0.0,"max_hp_gain":0.0,"max_hp_loss":0.0,"gold_gain":0.0,"event_name":"Shining Light","player_choice":"Entered Light","floor":14.0,"gold_loss":0.0,"damage_taken":20.0,"cards_upgraded":["AT_WindFlip","Acrobatics"]},{"cards_removed":["Defend_G"],"damage_healed":0.0,"max_hp_gain":0.0,"max_hp_loss":0.0,"gold_gain":0.0,"event_name":"Beggar","player_choice":"Gave Gold","floor":19.0,"gold_loss":75.0,"damage_taken":0.0},{"damage_healed":0.0,"max_hp_gain":0.0,"max_hp_loss":0.0,"gold_gain":0.0,"event_name":"Match and Keep!","player_choice":"0 cards matched","floor":21.0,"gold_loss":0.0,"damage_taken":0.0,"cards_obtained":[]},{"damage_healed":0.0,"max_hp_gain":0.0,"max_hp_loss":0.0,"gold_gain":0.0,"cards_transformed":["Grand Finale","Orbital"],"event_name":"Drug Dealer","player_choice":"Became Test Subject","floor":31.0,"gold_loss":0.0,"damage_taken":0.0,"cards_obtained":["Backstab","Backstab"]},{"damage_healed":0.0,"max_hp_gain":0.0,"max_hp_loss":0.0,"gold_gain":50.0,"event_name":"Golden Shrine","player_choice":"Pray","floor":36.0,"gold_loss":0.0,"damage_taken":0.0}],"is_beta":true,"boss_relics":[{"not_picked":["testmod-Prudence","Runic Dome"],"picked":"testmod-SaigiyounoYou"},{"not_picked":["Cursed Key","testmod-Nine"],"picked":"testmod-CardMagician"}],"items_purged_floors":[4,30,39,53],"is_endless":false,"potions_floor_spawned":[2,3,11,12,18,20,23,38,40,42,46,47],"ascension_level":16}}