{"host":"z42sc0n2dozsmk72","time":1614422815,"event":{"mods":["AchievementEnabler","BaseMod","Colored Map","Curses Come First","Highlight Path","Minty Spire (QoL Compilation)","Permanent Neow","Quick Restart","Relic Stats","Shop Mod","StSLib","egg","slay the spire mod where everything is the same but ironclad has a cowboy hat"],"gold_per_floor":[111,131,151,58,8,8,22,22,22,47,47,0,0,19,19,19,19],"floor_reached":16,"language":"ENG","playtime":790,"items_purged":[],"score":140,"play_id":"120d5c88-4d6a-4876-8cac-fdac1ba4e22a","local_time":"20210227234655","is_ascension_mode":true,"campfire_choices":[{"data":"True Grit","floor":6.0,"key":"SMITH"},{"data":"Body Slam","floor":8.0,"key":"SMITH"},{"data":"Reckless Charge","floor":11.0,"key":"SMITH"},{"data":"True Grit","floor":13.0,"key":"SMITH"},{"floor":15.0,"key":"REST"}],"circlet_count":0,"master_deck":["Strike_R","Strike_R","Strike_R","Strike_R","Defend_R","Defend_R","Defend_R","Defend_R","Bash","Purity","Body Slam+1","True Grit+1","Metallicize","Reckless Charge+1","Body Slam","True Grit+1","Power Through"],"relics":["Burning Blood","Paper Frog","Question Card"],"acts_visited":["Exordium"],"potions_floor_usage":[16],"damage_taken":[{"damage":9.0,"enemies":"Small Slimes","floor":1.0,"turns":6.0},{"damage":4.0,"enemies":"Jaw Worm","floor":2.0,"turns":4.0},{"damage":9.0,"enemies":"2 Louse","floor":3.0,"turns":4.0},{"damage":9.0,"enemies":"2 Fungi Beasts","floor":7.0,"turns":6.0},{"damage":42.0,"enemies":"Lagavulin","floor":10.0,"turns":7.0},{"damage":25.0,"enemies":"Large Slime","floor":14.0,"turns":9.0},{"damage":34,"enemies":"The Guardian","floor":16,"turns":15}],"seed_played":"4798940058279528123","potions_obtained":[{"floor":7.0,"key":"ElixirPotion"},{"floor":14.0,"key":"Strength Potion"}],"is_trial":false,"path_per_floor":["M","M","M","$","?","R","M","R","T","E","R","$","R","M","R","B"],"character_chosen":"IRONCLAD","items_purchased":["True Grit","Metallicize","True Grit"],"campfire_rested":1,"item_purchase_floors":[4,4,12],"current_hp_per_floor":[69,71,68,68,68,68,65,65,65,29,29,29,29,10,34,0,0],"gold":19,"neow_bonus":"RANDOM_COLORLESS","is_daily":false,"chose_seed":false,"campfire_upgraded":4,"win_rate":0.0,"timestamp":1614422815,"path_taken":["M","M","M","$","?","R","M","R","T","E","R","$","R","M","R","BOSS"],"items_purchased_type":["Card","Card","Card"],"build_version":"2020-12-22","purchased_purges":0,"victory":false,"max_hp_per_floor":[80,80,80,80,80,80,80,80,80,80,80,80,80,80,80,80,80],"relic_stats":{"counters":[7,51],"Question Card":1,"obtain_stats":[{"Question Card":10,"Burning Blood":0,"Paper Frog":9},{"Question Card":5,"Burning Blood":0,"Paper Frog":4},{"Question Card":27,"Burning Blood":0,"Paper Frog":20}],"Burning Blood":36},"card_choices":[{"not_picked":["Finesse","PanicButton"],"picked":"Purity","floor":0.0},{"not_picked":["Havoc","Warcry","Wild Strike"],"picked":"SKIP","floor":1.0},{"not_picked":["Flex","Clash","Bloodletting"],"picked":"SKIP","floor":2.0},{"not_picked":["Twin Strike","Searing Blow"],"picked":"Body Slam","floor":3.0},{"not_picked":["Pommel Strike","Clothesline"],"picked":"Reckless Charge","floor":7.0},{"not_picked":["Flex","Havoc"],"picked":"Body Slam","floor":10.0},{"not_picked":["Warcry","Impervious","Blood for Blood"],"picked":"Power Through","floor":14.0}],"player_experience":995174,"relics_obtained":[{"floor":9.0,"key":"Paper Frog"},{"floor":10.0,"key":"Question Card"}],"event_choices":[{"cards_removed":["Strike_R"],"damage_healed":0.0,"max_hp_gain":0.0,"max_hp_loss":0.0,"gold_gain":0.0,"event_name":"The Cleric","player_choice":"Card Removal","floor":5.0,"gold_loss":50.0,"damage_taken":0.0}],"is_beta":false,"boss_relics":[],"items_purged_floors":[],"is_endless":false,"potions_floor_spawned":[7,14],"killed_by":"The Guardian","ascension_level":8}}