{"host":"c5j8t0wyh2hvx9ju","time":1614418182,"event":{"mods":["Act Like it!","Astrologer","BaseMod","BetterRewards","Gensokyo","Lobotomy","LobotomyExtend","Minty Spire (QoL Compilation)","Prisma Mod","StSLib"],"gold_per_floor":[111,125,143,157,157,157,188,188,188,213,213,227,227,254,254,353,353,363,462,474,474,474,474],"floor_reached":22,"language":"JPN","playtime":17154,"items_purged":[],"score":398,"play_id":"d4d67a5f-fa04-4ca4-bc4d-32ca85129f08","local_time":"20210227182942","is_ascension_mode":true,"campfire_choices":[{"data":"Eruption","floor":6.0,"key":"SMITH"},{"floor":8.0,"key":"REST"},{"floor":11,"key":"REST"},{"data":"Wallop","floor":13,"key":"SMITH"},{"floor":15,"key":"REST"}],"circlet_count":0,"master_deck":["Eruption+1","Vigilance","Wallop+1","Evaluate","MentalFortress","MentalFortress","EmptyBody","Protect","Indignation","Adaptation","Alpha","Sanctity","CutThroughFate","Brilliance","DeusExMachina","WindmillStrike","Fasting2","SignatureMove","SignatureMove","Brilliance","MasterReality","Wireheading","Study+1","Evaluate"],"relics":["PureWater","Medical Kit","Art of War","LetterFromLob","Boot","Strawberry","Bottled Flame","Orichalcum","Pandora\u0027s Box"],"acts_visited":["Exordium","TheCity"],"potions_floor_usage":[10,12,21],"damage_taken":[{"damage":0.0,"enemies":"Cultist","floor":1.0,"turns":5.0},{"damage":0.0,"enemies":"2 Louse","floor":2.0,"turns":2.0},{"damage":3.0,"enemies":"Jaw Worm","floor":3.0,"turns":5.0},{"damage":11.0,"enemies":"3 Louse","floor":4.0,"turns":8.0},{"damage":8.0,"enemies":"Gremlin Nob","floor":7.0,"turns":4.0},{"damage":22,"enemies":"3 Sentries","floor":10,"turns":13},{"damage":3,"enemies":"Large Slime","floor":12,"turns":4},{"damage":22,"enemies":"Lagavulin","floor":14,"turns":6},{"damage":26,"enemies":"Slime Boss","floor":16,"turns":7},{"damage":40,"enemies":"Shell Parasite","floor":18,"turns":7},{"damage":12,"enemies":"Chosen","floor":20,"turns":5},{"damage":6,"enemies":"Snake Plant","floor":21,"turns":3},{"damage":15,"enemies":"Centurion and Healer","floor":22,"turns":2}],"seed_played":"6186831133292406157","potions_obtained":[{"floor":2.0,"key":"SmokeBomb"},{"floor":4.0,"key":"Block Potion"},{"floor":5.0,"key":"Fruit Juice"},{"floor":5.0,"key":"StancePotion"},{"floor":18,"key":"Dexterity Potion"},{"floor":20,"key":"Weak Potion"}],"is_trial":false,"path_per_floor":["M","M","M","M","?","R","E","R","T","E","R","M","R","E","R","B",null,"M","?","M","M","M"],"character_chosen":"WATCHER","items_purchased":["Medical Kit","Wallop","Art of War","Evaluate","MentalFortress"],"campfire_rested":3,"item_purchase_floors":[0,0,0,0,0],"current_hp_per_floor":[48,48,45,34,39,39,31,54,61,39,64,61,61,39,64,38,73,33,33,21,15,0,0],"gold":474,"neow_bonus":"","is_daily":false,"chose_seed":false,"campfire_upgraded":2,"win_rate":0.0,"timestamp":1614418182,"path_taken":["M","M","?","M","?","R","E","R","T","E","R","?","R","E","R","BOSS","M","?","M","M","M"],"items_purchased_type":["Relic","Card","Relic","Card","Card"],"build_version":"2020-12-22","purchased_purges":0,"victory":false,"max_hp_per_floor":[72,72,72,72,77,77,77,77,84,84,84,84,84,84,84,84,84,84,84,84,84,84,84],"card_choices":[{"not_picked":["Prostrate","EmptyFist"],"picked":"MentalFortress","floor":1.0},{"not_picked":["CrushJoints","ThirdEye"],"picked":"EmptyBody","floor":2.0},{"not_picked":["EmptyFist","Pray"],"picked":"Protect","floor":3.0},{"not_picked":["Prostrate","FlyingSleeves"],"picked":"Indignation","floor":4.0},{"not_picked":["InnerPeace","FlyingSleeves"],"picked":"Adaptation","floor":7.0},{"not_picked":["Crescendo","EmptyMind"],"picked":"Alpha","floor":10},{"not_picked":["WheelKick","WindmillStrike"],"picked":"Sanctity","floor":12},{"not_picked":["BowlingBash","WheelKick"],"picked":"CutThroughFate","floor":14},{"not_picked":["ConjureBlade","MasterReality"],"picked":"Brilliance","floor":16},{"not_picked":["MentalFortress+1","Crescendo"],"picked":"Study+1","floor":18},{"not_picked":["TalkToTheHand","SashWhip"],"picked":"Evaluate","floor":20}],"player_experience":918167,"relics_obtained":[{"floor":1.0,"key":"LetterFromLob"},{"floor":7.0,"key":"Boot"},{"floor":9.0,"key":"Strawberry"},{"floor":10,"key":"Bottled Flame"},{"floor":14,"key":"Orichalcum"}],"event_choices":[{"damage_healed":0.0,"max_hp_gain":0.0,"max_hp_loss":0.0,"gold_gain":0.0,"event_name":"Lab","player_choice":"Got Potions","floor":5.0,"gold_loss":0.0,"damage_taken":0.0},{"damage_healed":0,"gold_gain":99,"player_choice":"Stole From Cult","damage_taken":0,"max_hp_gain":0,"max_hp_loss":0,"event_name":"Nest","floor":19,"gold_loss":0}],"is_beta":false,"boss_relics":[{"not_picked":["Tiny House","Cursed Key"],"picked":"Pandora\u0027s Box"}],"items_purged_floors":[],"is_endless":false,"potions_floor_spawned":[2,4,7,18,20],"killed_by":"Centurion and Healer","ascension_level":6}}