{"host":"19tvufa8xx4wr4o1","time":1614456824,"event":{"mods":["AchievementEnabler","BaseMod","Better Sensory Stone","Better Third Choice","Highlight Path","Minty Spire (QoL Compilation)","Relic Stats","StSLib"],"gold_per_floor":[111,111,131,29,46,46,75,87,113,127,127,141,166,176,176,253,253,224,242,7,27,27,27,61,61,88,88,88],"floor_reached":27,"language":"ENG","playtime":1069,"items_purged":["Grand Finale+1"],"score":478,"play_id":"9e014aa1-a8ff-40c0-b76a-51571dc323e9","local_time":"20210227141344","is_ascension_mode":true,"campfire_choices":[{"data":"Neutralize","floor":6.0,"key":"SMITH"},{"floor":11.0,"key":"REST"},{"floor":15.0,"key":"REST"},{"floor":23.0,"key":"REST"},{"floor":25.0,"key":"REST"}],"circlet_count":0,"master_deck":["AscendersBane","Strike_G","Strike_G","Defend_G","Defend_G","Defend_G","Defend_G","Defend_G","Survivor","Neutralize+1","Footwork","Predator","Poisoned Stab","Bane","Backstab","Die Die Die","All Out Attack","Tools of the Trade","Blade Dance","Night Terror","Sucker Punch+1","Cloak And Dagger+1","Wraith Form v2"],"relics":["Ring of the Snake","NeowsBlessing","Bag of Preparation","MealTicket","Oddly Smooth Stone","Astrolabe","Sling","Snake Skull","Anchor"],"acts_visited":["Exordium","TheCity"],"potions_floor_usage":[27],"damage_taken":[{"damage":0.0,"enemies":"Jaw Worm","floor":1.0,"turns":1.0},{"damage":0.0,"enemies":"Cultist","floor":3.0,"turns":1.0},{"damage":0.0,"enemies":"Small Slimes","floor":5.0,"turns":1.0},{"damage":30.0,"enemies":"Gremlin Nob","floor":7.0,"turns":4.0},{"damage":6.0,"enemies":"Exordium Wildlife","floor":8.0,"turns":4.0},{"damage":2.0,"enemies":"Blue Slaver","floor":10.0,"turns":3.0},{"damage":0.0,"enemies":"2 Fungi Beasts","floor":12.0,"turns":2.0},{"damage":11.0,"enemies":"3 Sentries","floor":13.0,"turns":5.0},{"damage":2.0,"enemies":"Looter","floor":14.0,"turns":2.0},{"damage":13.0,"enemies":"The Guardian","floor":16.0,"turns":17.0},{"damage":14.0,"enemies":"2 Thieves","floor":18.0,"turns":4.0},{"damage":20.0,"enemies":"3 Byrds","floor":19.0,"turns":6.0},{"damage":33.0,"enemies":"3 Cultists","floor":21.0,"turns":6.0},{"damage":37.0,"enemies":"Slavers","floor":24.0,"turns":5.0},{"damage":28,"enemies":"Sentry and Sphere","floor":27,"turns":5}],"seed_played":"199081484124781535","potions_obtained":[{"floor":3.0,"key":"LiquidMemories"},{"floor":8.0,"key":"DistilledChaos"},{"floor":10.0,"key":"EntropicBrew"},{"floor":14.0,"key":"SpeedPotion"},{"floor":21.0,"key":"CultistPotion"},{"floor":24.0,"key":"Ancient Potion"}],"is_trial":false,"path_per_floor":["M","?","M","$","M","R","E","M","T","M","R","M","E","M","R","B",null,"M","M","$","M","$","R","E","R","T","M"],"character_chosen":"THE_SILENT","items_purchased":["Poisoned Stab","Bane","Sling"],"campfire_rested":4,"item_purchase_floors":[4,4,20],"current_hp_per_floor":[59,50,50,50,50,50,20,14,14,12,31,31,20,18,37,24,56,42,22,37,4,19,38,1,20,20,0,0],"gold":88,"neow_bonus":"THREE_ENEMY_KILL","is_daily":false,"chose_seed":false,"campfire_upgraded":1,"win_rate":0.0,"timestamp":1614456824,"path_taken":["M","?","M","$","M","R","E","M","T","M","R","M","E","?","R","BOSS","M","M","$","M","$","R","E","R","T","M"],"items_purchased_type":["Card","Card","Relic"],"build_version":"2020-12-22","purchased_purges":1,"victory":false,"max_hp_per_floor":[66,66,66,66,66,66,66,66,66,66,66,66,66,66,66,66,66,66,66,66,66,66,66,66,66,66,66,66],"relic_stats":{"counters":[15,66],"Astrolabe":["Grand Finale","Sucker Punch","Cloak And Dagger"],"MealTicket":30,"Snake Skull":[2],"Bag of Preparation":[22],"obtain_stats":[{"Anchor":26,"NeowsBlessing":0,"Astrolabe":17,"Oddly Smooth Stone":13,"MealTicket":9,"Snake Skull":24,"Bag of Preparation":7,"Sling":20,"Ring of the Snake":0},{"Anchor":14,"NeowsBlessing":0,"Astrolabe":10,"Oddly Smooth Stone":8,"MealTicket":5,"Snake Skull":14,"Bag of Preparation":4,"Sling":12,"Ring of the Snake":0},{"Anchor":61,"NeowsBlessing":0,"Astrolabe":40,"Oddly Smooth Stone":21,"MealTicket":11,"Snake Skull":61,"Bag of Preparation":7,"Sling":50,"Ring of the Snake":0}],"Ring of the Snake":[30]},"card_choices":[{"not_picked":["Bane","Flying Knee"],"picked":"Footwork","floor":1.0},{"not_picked":["Slice","Dodge and Roll"],"picked":"Predator","floor":3.0},{"not_picked":["Acrobatics","Cloak And Dagger"],"picked":"Backstab","floor":5.0},{"not_picked":["Acrobatics","Finisher","Flying Knee"],"picked":"SKIP","floor":7.0},{"not_picked":["Blade Dance","Sucker Punch"],"picked":"Die Die Die","floor":8.0},{"not_picked":["Tactician","Heel Hook"],"picked":"All Out Attack","floor":10.0},{"not_picked":["Bane","Prepared","Acrobatics"],"picked":"SKIP","floor":12.0},{"not_picked":["Infinite Blades","Underhanded Strike"],"picked":"Tools of the Trade","floor":13.0},{"not_picked":["Poisoned Stab","Backflip"],"picked":"Blade Dance","floor":14.0},{"not_picked":["Grand Finale","Unload"],"picked":"Night Terror","floor":16.0},{"not_picked":["Dodge and Roll","Reflex","Flechettes"],"picked":"SKIP","floor":18.0},{"not_picked":["Slice","Outmaneuver","Backflip"],"picked":"SKIP","floor":19.0},{"not_picked":["Dagger Throw","Bane","All Out Attack"],"picked":"SKIP","floor":21.0},{"not_picked":["Endless Agony","All Out Attack"],"picked":"Wraith Form v2","floor":24.0}],"player_experience":654689,"relics_obtained":[{"floor":7.0,"key":"Bag of Preparation"},{"floor":9.0,"key":"MealTicket"},{"floor":13.0,"key":"Oddly Smooth Stone"},{"floor":24.0,"key":"Snake Skull"},{"floor":26.0,"key":"Anchor"}],"event_choices":[{"damage_healed":0.0,"max_hp_gain":0.0,"max_hp_loss":0.0,"gold_gain":0.0,"event_name":"Wheel of Change","player_choice":"Damaged","floor":2.0,"gold_loss":0.0,"damage_taken":9.0}],"is_beta":false,"boss_relics":[{"not_picked":["Busted Crown","Calling Bell"],"picked":"Astrolabe"}],"items_purged_floors":[20],"is_endless":false,"potions_floor_spawned":[3,8,10,14,21,24],"killed_by":"Sentry and Sphere","ascension_level":19}}