{"host":"649x15fmap4sa1sx","time":1614390668,"event":{"mods":["2.2 Compatiblity","AchievementEnabler","BaseMod","BetterRewards","Colored Map","Conspire","Downfall","Hubris","Infinite Spire","Minty Spire (QoL Compilation)","Permanent Neow","Reliquary","Replay The Spire","Shop Mod","StSLib","The IronCluck"],"gold_per_floor":[13,25,25,40,40,69,69,98,124,124,144,175,175,175,175,272,272,282,252,252,13,23,23,23,36,36,36,49,74,74,74,74,176,176,186,186,186,200,200,226,226,237,237,15,59,59],"floor_reached":45,"language":"ENG","playtime":1340,"items_purged":["Pain"],"score":898,"play_id":"32f5e9c6-55a2-4419-aa15-5c15e20abde3","local_time":"20210226195108","is_ascension_mode":true,"campfire_choices":[{"data":"hubris:InfiniteBlow+7","floor":7.0,"key":"SMITH"},{"floor":13.0,"key":"REST"},{"data":"hubris:DuctTapeCard","floor":15.0,"key":"SMITH"},{"data":"hubris:DuctTapeCard","floor":23,"key":"SMITH"},{"data":"hubris:DuctTapeCard+19","floor":27,"key":"SMITH"},{"data":"hubris:DuctTapeCard+20","floor":32,"key":"SMITH"},{"data":"hubris:DuctTapeCard+21","floor":41,"key":"SMITH"}],"circlet_count":0,"master_deck":["Defend_R","Defend_R","Defend_R","Defend_R","Bash","Wild Strike","Shrug It Off","ReplayTheSpireMod:Muscle Training","Regret","Bloodletting","Feed","hubris:ReadiedAction","hubris:DuctTapeCard+22","conspire:Banana","Bite","Bite","Bite","Bite","Bite","Seeing Red+1","Impervious","downfall:Bewildered","Offering"],"relics":["Burning Blood","ReplayFunnel","hubris:DuctTape","Juzu Bracelet","reliquary:RoseTintedGlasses","Centennial Puzzle","Coffee Dripper","WarpedTongs","MerchantsRug","reliquary:Sideboard","sneckomod:BabySnecko","reliquary:RedPaperclip","hubris:PeanutButter","Bag of Preparation","Ice Cream","Replay:Bandana"],"acts_visited":["Exordium","TheCity","TheBeyond"],"potions_floor_usage":[45,45],"damage_taken":[{"damage":8.0,"enemies":"2 Louse","floor":1.0,"turns":2.0},{"damage":0.0,"enemies":"Small Slimes","floor":2.0,"turns":3.0},{"damage":0.0,"enemies":"Cultist","floor":4.0,"turns":3.0},{"damage":0.0,"enemies":"Gremlin Nob","floor":6.0,"turns":2.0},{"damage":25.0,"enemies":"3 Sentries","floor":8.0,"turns":5.0},{"damage":12.0,"enemies":"Looter","floor":11.0,"turns":2.0},{"damage":8.0,"enemies":"Gremlin Nob","floor":12.0,"turns":3.0},{"damage":40.0,"enemies":"Fading Forest","floor":16.0,"turns":11.0},{"damage":0.0,"enemies":"Spheric Guardian","floor":18.0,"turns":1.0},{"damage":24,"enemies":"3 Byrds","floor":22,"turns":4},{"damage":0,"enemies":"Snecko","floor":25,"turns":1},{"damage":9,"enemies":"3 Cultists","floor":28,"turns":3},{"damage":3,"enemies":"Gremlin Leader","floor":29,"turns":1},{"damage":3,"enemies":"Collector","floor":33,"turns":1},{"damage":0,"enemies":"Orb Walker","floor":35,"turns":1},{"damage":6,"enemies":"3 Shapes","floor":38,"turns":3},{"damage":10,"enemies":"Reptomancer","floor":40,"turns":3},{"damage":0,"enemies":"Spire Growth","floor":42,"turns":2},{"damage":0,"enemies":"infinitespire:Three Voidlings","floor":45,"turns":2},{"damage":95,"enemies":"Nightmare_Alpha","floor":45,"turns":4}],"seed_played":"7735407066499712625","potions_obtained":[{"floor":1.0,"key":"champ:CounterPotion"},{"floor":6.0,"key":"FearPotion"},{"floor":11.0,"key":"Dexterity Potion"},{"floor":19.0,"key":"sneckomod:MuddlingPotion"},{"floor":19.0,"key":"SteroidPotion"},{"floor":33,"key":"BloodPotion"}],"is_trial":false,"path_per_floor":["M","M","?","M","?","E","R","E","T","?","M","E","R","?","R","B",null,"M","?","?","$","M","R","?","M","T","R","M","E","?","?","R","B",null,"M","?","AVR","M","?","E","R","M","T","$","?"],"character_chosen":"IRONCLAD","items_purchased":["conspire:Banana","MerchantsRug","Replay:Bandana"],"campfire_rested":1,"item_purchase_floors":[21,21,44],"current_hp_per_floor":[70,76,56,62,62,68,68,49,49,49,43,41,65,65,65,31,68,74,74,74,74,60,60,60,66,66,66,64,68,60,60,60,60,60,60,60,60,65,65,66,66,67,67,67,0,0],"gold":59,"neow_bonus":"THREE_RARE_CARDS","is_daily":false,"chose_seed":false,"campfire_upgraded":6,"win_rate":0.0,"timestamp":1614390668,"path_taken":["M","M","?","M","?","E","R","E","T","?","M","E","R","?","R","BOSS","M","?","?","?","M","R","?","M","T","R","M","E","?","?","R","BOSS","M","?","AVR","M","?","E","R","M","T","$","?"],"items_purchased_type":["Card","Relic","Relic"],"build_version":"2020-12-22","purchased_purges":1,"victory":false,"max_hp_per_floor":[80,80,80,80,80,80,80,80,80,80,80,80,80,80,80,80,80,80,80,80,80,84,84,84,84,84,84,85,86,60,60,60,60,60,60,60,60,65,65,66,66,67,67,67,71,71],"card_choices":[{"not_picked":["Limit Break","Bludgeon"],"picked":"Immolate","floor":0.0},{"not_picked":["Armaments","True Grit"],"picked":"Wild Strike","floor":1.0},{"not_picked":["ReplayTheSpireMod:Strike From Hell","Twin Strike"],"picked":"Shrug It Off","floor":2.0},{"not_picked":["infinitespire:SevenWalls","infinitespire:NeuralNetwork"],"picked":"hubris:InfiniteBlow+6","floor":3.0},{"not_picked":["Corruption","Armaments"],"picked":"Whirlwind","floor":4.0},{"not_picked":["Havoc","Run Through","Anger"],"picked":"SKIP","floor":6.0},{"not_picked":["Wild Strike","Searing Blow"],"picked":"ReplayTheSpireMod:Muscle Training","floor":8.0},{"not_picked":["Iron Wave","Replay:Undeath\u0027s Touch","Armaments"],"picked":"SKIP","floor":11.0},{"not_picked":["Shrug It Off","Havoc"],"picked":"Bloodletting","floor":12.0},{"not_picked":["hubris:StunningStrike","Limit Break"],"picked":"Feed","floor":16.0},{"not_picked":["Metallicize","Replay:Undeath\u0027s Touch"],"picked":"hubris:ReadiedAction","floor":18.0},{"not_picked":["Pummel","Cleave","Perfected Strike"],"picked":"SKIP","floor":22},{"not_picked":["Warcry","ReplayTheSpireMod:Strike From Hell","Rampage"],"picked":"SKIP","floor":25},{"not_picked":["Perfected Strike","Shockwave"],"picked":"Impervious","floor":28},{"not_picked":["hubris:ReadiedAction","ReplayReversal"],"picked":"Seeing Red+1","floor":29},{"not_picked":["Demonic Infusion","Replay:Many Hands"],"picked":"Offering","floor":33},{"not_picked":["Replay:Undeath\u0027s Touch","Iron Wave+1","Clash"],"picked":"SKIP","floor":35},{"not_picked":["ReplayTheSpireMod:Muscle Training","Seeing Red","Shrug It Off"],"picked":"SKIP","floor":38},{"not_picked":["Warcry","Headbutt"],"picked":"Cleave+1","floor":40},{"not_picked":["Power Through+1","Ghostly Armor","Thunderclap+1"],"picked":"SKIP","floor":42}],"player_experience":228281,"relics_obtained":[{"floor":6.0,"key":"ReplayFunnel"},{"floor":8.0,"key":"hubris:DuctTape"},{"floor":9.0,"key":"Juzu Bracelet"},{"floor":12.0,"key":"Centennial Puzzle"},{"floor":14.0,"key":"reliquary:Vitrine"},{"floor":26,"key":"reliquary:Sideboard"},{"floor":29,"key":"reliquary:MedicineBall"},{"floor":40,"key":"Bag of Preparation"},{"floor":43,"key":"Ice Cream"}],"event_choices":[{"damage_healed":0.0,"max_hp_gain":0.0,"max_hp_loss":0.0,"gold_gain":0.0,"event_name":"Upgrade Shrine","player_choice":"Upgraded","floor":5.0,"gold_loss":0.0,"damage_taken":0.0,"cards_upgraded":["hubris:InfiniteBlow"]},{"damage_healed":0.0,"max_hp_gain":0.0,"max_hp_loss":0.0,"gold_gain":0.0,"event_name":"Big Fish","player_choice":"Box","floor":10.0,"gold_loss":0.0,"damage_taken":0.0,"relics_obtained":["reliquary:RoseTintedGlasses"],"cards_obtained":["Regret"]},{"damage_healed":0.0,"max_hp_gain":0.0,"max_hp_loss":0.0,"gold_gain":0.0,"event_name":"The Woman in Blue","player_choice":"Bought 2 Potions","floor":19.0,"gold_loss":0.0,"damage_taken":0.0},{"damage_healed":0.0,"max_hp_gain":0.0,"max_hp_loss":0.0,"gold_gain":0.0,"event_name":"Accursed Blacksmith","player_choice":"Rummage","floor":20.0,"gold_loss":0.0,"damage_taken":0.0,"relics_obtained":["WarpedTongs"],"cards_obtained":["Pain"]},{"damage_healed":0,"gold_gain":0,"cards_transformed":["Strike_R"],"player_choice":"Transformed","damage_taken":0,"max_hp_gain":0,"max_hp_loss":0,"event_name":"Transmorgrifier","floor":24,"gold_loss":0,"cards_obtained":["Feel No Pain"]},{"damage_healed":0,"gold_gain":0,"player_choice":"Became a vampire","damage_taken":0,"max_hp_gain":0,"max_hp_loss":26,"event_name":"Vampires","floor":30,"gold_loss":0,"cards_obtained":["Bite","Bite","Bite","Bite","Bite"]},{"cards_removed":["Feel No Pain"],"damage_healed":0,"gold_gain":0,"player_choice":"Removed Power","damage_taken":0,"max_hp_gain":0,"max_hp_loss":0,"event_name":"Falling","floor":36,"gold_loss":0},{"damage_healed":0,"gold_gain":0,"player_choice":"Leave","damage_taken":0,"max_hp_gain":0,"max_hp_loss":0,"event_name":"conspire:Investor","floor":39,"gold_loss":0}],"is_beta":false,"boss_relics":[{"not_picked":["Fusion Hammer","hubris:CrackedHourglass"],"picked":"Coffee Dripper"},{"not_picked":["Cursed Key","infinitespire:Burning Sword"],"picked":"reliquary:RedPaperclip"}],"items_purged_floors":[44],"is_endless":false,"potions_floor_spawned":[1,6,11,22,25,33,42],"killed_by":"Nightmare_Alpha","ascension_level":9}}