{"host":"o3b7ow6d1xe49css","time":1614385543,"event":{"mods":["Act Like it!","Aspiration","BaseMod","Bestiary","Better Altar","Better Match","Better Note","Better Sensory Stone","Better Skull","Better Third Choice","Colored Powertips","Conspire","Energized Spire","Force Act Four","GifTheSpireLib","Halation","Hermit","Hubris","Infinite Spire","Lobotomy","Minty Spire (QoL Compilation)","Quick Restart","Rare Cards Sparkle","Relic Filter Mod","Reliquary","Replay The Spire","Spicy Shops","Spikes Relics","StSLib","Stuff the Spire","The Blue Laboratory","The Jungle","Wandering Minibosses"],"gold_per_floor":[114,127,141,141,216,251,263,275,275],"floor_reached":8,"language":"ENG","playtime":218,"items_purged":[],"score":112,"play_id":"38ade44e-175e-4c81-8e7e-7a58602ed00b","local_time":"20210226152543","daily_mods":["Heirloom","Flight"],"is_ascension_mode":true,"campfire_choices":[{"data":"Eruption","floor":7,"key":"SMITH"}],"circlet_count":0,"master_deck":["AscendersBane","Strike_P","Strike_P","Strike_P","Strike_P","Defend_P","Defend_P","Defend_P","Defend_P","Eruption+1","Vigilance","Vengeance","Scorched","Consecrate","UniverseFragment","Tantrum","StuffTheSpire:CuriosityCurse","Evaluate"],"relics":["PureWater","Ring of Chaos","halation:SwordOfLegend","CogitoBucket","halation:BottledLove","MawBank"],"acts_visited":["Exordium"],"potions_floor_usage":[],"damage_taken":[{"damage":2,"enemies":"Small Slimes","floor":1,"turns":6},{"damage":0,"enemies":"2 Louse","floor":2,"turns":2},{"damage":0,"enemies":"conspire:RoseBush","floor":3,"turns":2},{"damage":29,"enemies":"Lagavulin","floor":6,"turns":5},{"damage":16,"enemies":"Gremlin Nob","floor":8,"turns":3}],"seed_played":"1596246270732809584","potions_obtained":[],"is_trial":true,"path_per_floor":["M","M","M","?","?","E","R","E"],"character_chosen":"WATCHER","items_purchased":[],"campfire_rested":0,"item_purchase_floors":[],"current_hp_per_floor":[59,59,59,59,48,19,31,15,15],"gold":275,"neow_bonus":"","is_daily":false,"chose_seed":false,"campfire_upgraded":1,"win_rate":0.0,"timestamp":1614385543,"path_taken":["M","M","M","?","?","E","R","E"],"items_purchased_type":[],"build_version":"2020-12-22","purchased_purges":0,"victory":false,"max_hp_per_floor":[68,68,68,68,68,68,68,68,68],"card_choices":[{"not_picked":["Study","PathToVictory"],"picked":"Vengeance","floor":1},{"not_picked":["MeatLantern","Bloodbath","ShyLook"],"picked":"Singing Bowl","floor":1},{"not_picked":["MHz","Murderer"],"picked":"Scorched","floor":1},{"not_picked":["SandsOfTime","PathToVictory"],"picked":"Consecrate","floor":2},{"not_picked":["Alriune","Wellcheers"],"picked":"UniverseFragment","floor":2},{"not_picked":["ClearTheMind","Replay:Cycle"],"picked":"Tantrum","floor":3},{"not_picked":["MeatLantern","WallGazer","LittlePrince"],"picked":"Singing Bowl","floor":3},{"not_picked":["EmptyMind","CarveReality"],"picked":"Evaluate","floor":6}],"player_experience":1509295,"relics_obtained":[{"floor":6,"key":"MawBank"}],"event_choices":[{"damage_healed":0,"gold_gain":75,"player_choice":"Gold","damage_taken":11,"max_hp_gain":0,"max_hp_loss":0,"event_name":"betterThird:BetterGoop","floor":5,"gold_loss":0}],"is_beta":false,"boss_relics":[],"items_purged_floors":[],"is_endless":false,"potions_floor_spawned":[],"killed_by":"Gremlin Nob","ascension_level":20}}