{"host":"nwyj08ts91jkyezn","time":1614430511,"event":{"mods":["AchievementEnabler","BaseMod","Colored Map","DeckTracker","Minty Spire (QoL Compilation)","Rare Cards Sparkle","StSLib","SuperFastMode","everything is the same but u backflip on backflip"],"gold_per_floor":[116,116,126,126,201,201,212,63,63,63,95,111,123,48,48,151,151,170,185,185,200,274,274,285,285,333,351,385,403,403,353,353,353,353],"floor_reached":33,"language":"KOR","playtime":920,"items_purged":["Strike_B"],"score":334,"play_id":"1ff8a0b9-7e1a-4e70-ba3a-2765f3fc0ce2","local_time":"20210227215511","is_ascension_mode":true,"campfire_choices":[{"data":"Dualcast","floor":6,"key":"SMITH"},{"data":"Chaos","floor":10,"key":"SMITH"},{"data":"Zap","floor":15,"key":"SMITH"},{"floor":23,"key":"REST"},{"floor":25,"key":"REST"},{"floor":32,"key":"REST"}],"circlet_count":0,"master_deck":["Strike_B+1","Strike_B+1","Defend_B+1","Defend_B+1","Defend_B","Defend_B+1","Zap+1","Dualcast+1","Barrage","Leap+1","Chaos+1","Sunder","Cold Snap","Electrodynamics","Core Surge","CurseOfTheBell","White Noise","Capacitor","Hologram","Consume","Multi-Cast"],"relics":["Cracked Core","Whetstone","War Paint","Girya","Calling Bell","Omamori","Question Card","FossilizedHelix","Frozen Egg 2","Happy Flower","Kunai"],"acts_visited":["Exordium","TheCity"],"potions_floor_usage":[16,16,18,19,21,28,28],"damage_taken":[{"damage":2,"enemies":"Jaw Worm","floor":1,"turns":3},{"damage":4,"enemies":"Small Slimes","floor":3,"turns":3},{"damage":0,"enemies":"2 Louse","floor":7,"turns":1},{"damage":8,"enemies":"Lagavulin","floor":11,"turns":5},{"damage":1,"enemies":"Blue Slaver","floor":12,"turns":3},{"damage":0,"enemies":"Exordium Thugs","floor":13,"turns":2},{"damage":4,"enemies":"Hexaghost","floor":16,"turns":7},{"damage":0,"enemies":"Chosen","floor":18,"turns":4},{"damage":27,"enemies":"3 Byrds","floor":19,"turns":5},{"damage":36,"enemies":"3 Cultists","floor":21,"turns":5},{"damage":9,"enemies":"Shelled Parasite and Fungi","floor":24,"turns":6},{"damage":5,"enemies":"Cultist and Chosen","floor":27,"turns":5},{"damage":22,"enemies":"Slavers","floor":28,"turns":3},{"damage":6,"enemies":"3 Cultists","floor":29,"turns":4},{"damage":51,"enemies":"Champ","floor":33,"turns":9}],"seed_played":"2850330308793190623","potions_obtained":[{"floor":12,"key":"Strength Potion"},{"floor":13,"key":"SkillPotion"},{"floor":16,"key":"SpeedPotion"},{"floor":18,"key":"Block Potion"},{"floor":21,"key":"GamblersBrew"},{"floor":27,"key":"Ancient Potion"}],"is_trial":false,"path_per_floor":["M","?","M","?","?","R","M","$","T","R","E","M","M","$","R","B",null,"M","M","?","M","T","R","M","R","T","M","E","M","?","?","R","B"],"character_chosen":"DEFECT","items_purchased":["Sunder","DistilledChaos"],"campfire_rested":3,"item_purchase_floors":[8,14],"current_hp_per_floor":[73,58,54,75,64,64,64,64,64,64,56,55,55,55,55,51,69,69,42,42,6,6,28,19,41,41,36,14,8,8,8,30,0,0],"gold":353,"neow_bonus":"RANDOM_COMMON_RELIC","is_daily":false,"chose_seed":false,"campfire_upgraded":3,"win_rate":0.0,"timestamp":1614430511,"path_taken":["M","?","M","?","?","R","M","?","T","R","E","M","?","?","R","BOSS","M","M","?","M","?","R","M","R","T","?","E","M","?","?","R","BOSS"],"items_purchased_type":["Card","Potion"],"build_version":"2020-12-22","purchased_purges":1,"victory":false,"max_hp_per_floor":[75,75,75,75,75,75,75,75,75,75,75,75,75,75,75,75,75,75,75,75,75,75,75,75,75,75,75,75,75,75,75,75,75,75],"card_choices":[{"not_picked":["Conserve Battery","Stack"],"picked":"Barrage","floor":1},{"not_picked":["Cold Snap","Static Discharge"],"picked":"Leap","floor":3},{"not_picked":["Lockon","Recycle"],"picked":"Chaos","floor":7},{"not_picked":["Storm","Gash","Steam"],"picked":"SKIP","floor":11},{"not_picked":["Sweeping Beam","Turbo"],"picked":"Cold Snap","floor":12},{"not_picked":["Sweeping Beam","Reinforced Body"],"picked":"Electrodynamics","floor":13},{"not_picked":["Echo Form","Thunder Strike"],"picked":"Core Surge","floor":16},{"not_picked":["Rip and Tear+1","Auto Shields+1","Reprogram"],"picked":"White Noise","floor":18},{"not_picked":["Streamline+1","Leap","Skim"],"picked":"Capacitor","floor":19},{"not_picked":["Sunder","Ball Lightning","Gash","Blizzard"],"picked":"SKIP","floor":21},{"not_picked":["Steam","Rebound+1","Stack"],"picked":"Hologram","floor":24},{"not_picked":["Amplify","Go for the Eyes","Rebound","Force Field+1"],"picked":"SKIP","floor":27},{"not_picked":["Sweeping Beam","Stack","Conserve Battery"],"picked":"Consume","floor":28},{"not_picked":["Leap","Gash","Chill+1"],"picked":"Multi-Cast","floor":29}],"player_experience":1071587,"relics_obtained":[{"floor":9,"key":"War Paint"},{"floor":11,"key":"Girya"},{"floor":17,"key":"Omamori"},{"floor":17,"key":"Question Card"},{"floor":17,"key":"FossilizedHelix"},{"floor":22,"key":"Frozen Egg 2"},{"floor":26,"key":"Happy Flower"},{"floor":28,"key":"Kunai"}],"event_choices":[{"damage_healed":0,"gold_gain":0,"player_choice":"Entered Light","damage_taken":15,"max_hp_gain":0,"max_hp_loss":0,"event_name":"Shining Light","floor":2,"gold_loss":0,"cards_upgraded":["Defend_B","Defend_B"]},{"damage_healed":25,"gold_gain":0,"player_choice":"Banana","damage_taken":0,"max_hp_gain":0,"max_hp_loss":0,"event_name":"Big Fish","floor":4,"gold_loss":0},{"damage_healed":0,"gold_gain":75,"player_choice":"Gather Gold","damage_taken":11,"max_hp_gain":0,"max_hp_loss":0,"event_name":"World of Goop","floor":5,"gold_loss":0},{"cards_removed":["Strike_B"],"damage_healed":0,"gold_gain":0,"player_choice":"Elegance","damage_taken":0,"max_hp_gain":0,"max_hp_loss":0,"event_name":"Back to Basics","floor":20,"gold_loss":0},{"damage_healed":0,"gold_gain":0,"player_choice":"Ignored","damage_taken":0,"max_hp_gain":0,"max_hp_loss":0,"event_name":"Cursed Tome","floor":30,"gold_loss":0},{"damage_healed":0,"gold_gain":0,"player_choice":"Bet on Murderer","damage_taken":0,"max_hp_gain":0,"max_hp_loss":0,"event_name":"The Joust","floor":31,"gold_loss":50}],"is_beta":false,"boss_relics":[{"not_picked":["Nuclear Battery","SlaversCollar"],"picked":"Calling Bell"}],"items_purged_floors":[8],"is_endless":false,"potions_floor_spawned":[12,13,16,18,21,27],"killed_by":"Champ","ascension_level":5}}