{"host":"sr8h12zimc8zi8zs","time":1614415735,"event":{"mods":["2.2 Compatiblity","AchievementEnabler","BaseMod","CapriCore","Colored Map","GifTheSpireLib","GungeonMod","Minty Spire (QoL Compilation)","Permanent Neow","StSLib","The Jungle"],"gold_per_floor":[111,111,111,125,125,125,125,10,34,34,50,69,69,94,94,199,199,214,214,129,49,62,62,76,76,76,76,90,107,124,146,167,167,167,167],"floor_reached":34,"language":"KOR","playtime":2695,"items_purged":[],"score":254,"play_id":"9be63870-cd37-46c1-ab29-734797f81b24","local_time":"20210227174855","is_ascension_mode":false,"campfire_choices":[{"data":"DemoMod:ManualReload","floor":6.0,"key":"SMITH"},{"data":"DemoMod:RustySidearm","floor":10.0,"key":"SMITH"},{"floor":13.0,"key":"REST"},{"floor":15.0,"key":"RECALL"},{"data":"DemoMod:DoubleVision","floor":23.0,"key":"SMITH"},{"floor":25.0,"key":"REST"},{"floor":27.0,"key":"REST"},{"floor":33,"key":"REST"}],"circlet_count":0,"master_deck":["DemoMod:Strike_Huntress","DemoMod:Defend_Huntress","DemoMod:Defend_Huntress","DemoMod:Defend_Huntress+1","DemoMod:Defend_Huntress","DemoMod:Roll","DemoMod:ManualReload+1","DemoMod:RustySidearm+1","DemoMod:CrossBow+1","DemoMod:HardPowerCard","DemoMod:Eureka","DemoMod:AWP","DemoMod:BoxingGlove","DemoMod:DoubleVision+1","DemoMod:MachoBrace","DemoMod:CursedBullets","DemoMod:Camera","DemoMod:DirectionalPad+1"],"relics":["DemoMod:Dog","Boot","Velvet Choker","DemoMod:Ammonomicon","PreservedInsect","DemoMod:LamentConfigurum","WingedGreaves","Molten Egg 2"],"acts_visited":["Exordium","TheCity","TheCity"],"potions_floor_usage":[34],"damage_taken":[{"damage":1.0,"enemies":"Cultist","floor":1.0,"turns":4.0},{"damage":8.0,"enemies":"Small Slimes","floor":4.0,"turns":4.0},{"damage":0.0,"enemies":"2 Louse","floor":11.0,"turns":2.0},{"damage":0.0,"enemies":"Looter","floor":12.0,"turns":3.0},{"damage":10.0,"enemies":"Lagavulin","floor":14.0,"turns":6.0},{"damage":41.0,"enemies":"Hexaghost","floor":16.0,"turns":10.0},{"damage":23.0,"enemies":"2 Thieves","floor":18.0,"turns":4.0},{"damage":33.0,"enemies":"3 Byrds","floor":22.0,"turns":10.0},{"damage":18.0,"enemies":"Shelled Parasite and Fungi","floor":24.0,"turns":12.0},{"damage":2.0,"enemies":"DemoMod:2_Veteran_bullet_kins_and_red_shotgun_kin","floor":28.0,"turns":3.0},{"damage":0.0,"enemies":"DemoMod:4_Bullet_Kins","floor":29.0,"turns":5.0},{"damage":4.0,"enemies":"DemoMod:2_Mousers","floor":30.0,"turns":5.0},{"damage":25.0,"enemies":"DemoMod:Veteran_shot_gun_kin_and_blue_shotgun_kin_with_gunsinger","floor":31.0,"turns":3.0},{"damage":25,"enemies":"DemoMod:Veteran_shot_gun_kin_and_red_shotgun_kin_with_gunsinger","floor":32,"turns":3},{"damage":55,"enemies":"DemoMod:ResourcefulRat","floor":34,"turns":6}],"seed_played":"781696002886945597","potions_obtained":[{"floor":11.0,"key":"ColorlessPotion"},{"floor":12.0,"key":"DistilledChaos"},{"floor":16.0,"key":"Dexterity Potion"},{"floor":22.0,"key":"EssenceOfSteel"},{"floor":24.0,"key":"Block Potion"},{"floor":32,"key":"Dexterity Potion"}],"is_trial":false,"path_per_floor":["M","?","?","M","?","R","?","$","T","R","M","M","R","E","R","B",null,"M","?","?","?","M","R","M","R","T","R","M","M","M","M","M","R","B"],"character_chosen":"HUNTRESS","items_purchased":["DemoMod:GnawedKey"],"campfire_rested":4,"item_purchase_floors":[8],"current_hp_per_floor":[62,55,55,47,30,30,30,30,30,30,30,30,55,45,45,4,84,61,61,61,61,28,28,10,35,84,84,82,82,78,53,28,53,0,0],"gold":167,"neow_bonus":"TWENTY_PERCENT_HP_BONUS","is_daily":false,"chose_seed":false,"campfire_upgraded":3,"win_rate":0.0,"timestamp":1614415735,"path_taken":["M","?","?","?","?","R","?","$","T","R","M","M","R","E","R","BOSS","M","?","?","?","M","R","M","R","T","R","M","M","M","M","M","R","BOSS"],"items_purchased_type":["Relic"],"build_version":"2020-12-22","purchased_purges":0,"victory":false,"max_hp_per_floor":[84,84,84,84,84,84,84,84,84,84,84,84,84,84,84,84,84,84,84,84,84,84,84,84,84,84,84,84,84,84,84,84,84,84,84],"card_choices":[{"not_picked":["DemoMod:DirectionalPad","DemoMod:Camera"],"picked":"DemoMod:HardPowerCard","floor":1.0},{"not_picked":["DemoMod:MachoBrace","DemoMod:HardPowerCard","DemoMod:TeaPot"],"picked":"SKIP","floor":4.0},{"not_picked":["DemoMod:SpreadAmmo","DemoMod:HardPowerCard"],"picked":"DemoMod:Eureka","floor":11.0},{"not_picked":["DemoMod:MachoBrace","DemoMod:Unmoved"],"picked":"DemoMod:AWP","floor":12.0},{"not_picked":["DemoMod:Eureka","DemoMod:ProbeStrike"],"picked":"DemoMod:BoxingGlove","floor":14.0},{"not_picked":["DemoMod:Eureka","DemoMod:FightSabre"],"picked":"DemoMod:DoubleVision","floor":16.0},{"not_picked":["DemoMod:PotionOfGunFriendShip+1","DemoMod:BoxingGlove"],"picked":"DemoMod:MachoBrace","floor":18.0},{"not_picked":["DemoMod:PotionOfGunFriendShip","DemoMod:BattleInHaste"],"picked":"DemoMod:CursedBullets","floor":22.0},{"not_picked":["DemoMod:EasyReloadBullets","DemoMod:BoxingGlove","DemoMod:PotionOfGunFriendShip"],"picked":"SKIP","floor":24.0},{"not_picked":["DemoMod:Ejector+1","DemoMod:GunstockTap"],"picked":"DemoMod:Camera","floor":28.0},{"not_picked":["DemoMod:SkilledReload+1","DemoMod:PracticeMakesPerfect","DemoMod:Polaris"],"picked":"SKIP","floor":29.0},{"not_picked":["DemoMod:SAA+1","DemoMod:ConditionalReflex"],"picked":"DemoMod:DirectionalPad+1","floor":30.0},{"not_picked":["DemoMod:BoxingGlove+1","DemoMod:PotionOfGunFriendShip+1","DemoMod:RadGun+1"],"picked":"SKIP","floor":31},{"not_picked":["DemoMod:FastSwitch","DemoMod:BattleInHaste","DemoMod:Ejector+1"],"picked":"SKIP","floor":32}],"player_experience":169235,"relics_obtained":[{"floor":14.0,"key":"Boot"},{"floor":30.0,"key":"Molten Egg 2"}],"event_choices":[{"cards_removed":["DemoMod:Strike_Huntress"],"damage_healed":0.0,"max_hp_gain":0.0,"max_hp_loss":0.0,"gold_gain":0.0,"event_name":"Golden Wing","player_choice":"Card Removal","floor":2.0,"gold_loss":0.0,"damage_taken":7.0},{"cards_removed":["DemoMod:Strike_Huntress"],"damage_healed":0.0,"max_hp_gain":0.0,"max_hp_loss":0.0,"gold_gain":0.0,"event_name":"Wheel of Change","player_choice":"Card Removal","floor":3.0,"gold_loss":0.0,"damage_taken":0.0},{"damage_healed":0.0,"max_hp_gain":0.0,"max_hp_loss":0.0,"gold_gain":0.0,"event_name":"Shining Light","player_choice":"Entered Light","floor":5.0,"gold_loss":0.0,"damage_taken":17.0,"cards_upgraded":["DemoMod:Defend_Huntress","DemoMod:CrossBow"]},{"damage_healed":0.0,"max_hp_gain":0.0,"max_hp_loss":0.0,"gold_gain":0.0,"event_name":"Addict","player_choice":"Obtained Relic","floor":20.0,"gold_loss":85.0,"damage_taken":0.0,"relics_obtained":["PreservedInsect"]},{"damage_healed":0.0,"max_hp_gain":0.0,"max_hp_loss":0.0,"gold_gain":0.0,"event_name":"WeMeetAgain","player_choice":"Paid Gold","floor":21.0,"gold_loss":80.0,"damage_taken":0.0,"relics_obtained":["DemoMod:LamentConfigurum"]}],"is_beta":false,"boss_relics":[{"not_picked":["Sozu","Philosopher\u0027s Stone"],"picked":"Velvet Choker"}],"items_purged_floors":[],"is_endless":false,"potions_floor_spawned":[11,12,16,22,24,28,29,32],"killed_by":"DemoMod:ResourcefulRat","ascension_level":0}}