{"host":"7gewg82ormp6yt4e","time":1614429448,"event":{"mods":["BaseMod","Block Reminder","Colored Map","DeckTracker","Highlight Path","Minty Spire (QoL Compilation)","Relic Stats","StSLib","ojb\u0027s Info Mod"],"gold_per_floor":[110,27,46,46,46,46,74,90,90,90,90,103,137,155,155,226,226,236,251,73,89,89,89,89,89],"floor_reached":24,"language":"JPN","playtime":1271,"items_purged":["FlyingSleeves"],"score":412,"play_id":"3ec26af7-5784-49b6-9e17-773fdf601fc0","local_time":"20210227213728","is_ascension_mode":true,"campfire_choices":[{"data":"Wallop","floor":6,"key":"SMITH"},{"floor":10,"key":"REST"},{"data":"Conclude","floor":15,"key":"SMITH"},{"data":"Enlightenment","floor":23,"key":"SMITH"}],"circlet_count":0,"master_deck":["AscendersBane","Eruption","Vigilance","Wallop+1","Sanctity","CarveReality","CrushJoints","Conclude+1","Wallop","Scrawl","Crescendo","Halt","Swivel","Protect","Brilliance","EmptyMind","CutThroughFate","Enlightenment+1","Protect"],"relics":["Sozu","WarpedTongs","Gambling Chip","Potion Belt","Pandora\u0027s Box"],"acts_visited":["Exordium","TheCity"],"potions_floor_usage":[],"damage_taken":[{"damage":7,"enemies":"Small Slimes","floor":1,"turns":4},{"damage":0,"enemies":"Jaw Worm","floor":3,"turns":2},{"damage":18,"enemies":"Gremlin Nob","floor":7,"turns":3},{"damage":3,"enemies":"Cultist","floor":8,"turns":2},{"damage":3,"enemies":"Looter","floor":12,"turns":2},{"damage":2,"enemies":"3 Sentries","floor":13,"turns":3},{"damage":0,"enemies":"2 Fungi Beasts","floor":14,"turns":1},{"damage":3,"enemies":"Hexaghost","floor":16,"turns":7},{"damage":6,"enemies":"3 Byrds","floor":18,"turns":4},{"damage":2,"enemies":"2 Thieves","floor":19,"turns":3},{"damage":3,"enemies":"Sentry and Sphere","floor":21,"turns":4},{"damage":50,"enemies":"Slavers","floor":24,"turns":5}],"seed_played":"5073275918308898963","potions_obtained":[],"is_trial":false,"path_per_floor":["M","$","M","?","?","R","E","M","T","R","?","M","E","M","R","B",null,"M","M","$","M","?","R","E"],"character_chosen":"WATCHER","items_purchased":["Sanctity","Enlightenment"],"campfire_rested":1,"item_purchase_floors":[2,20],"current_hp_per_floor":[54,54,54,47,47,47,29,26,26,46,46,43,41,41,41,38,61,55,53,53,50,50,50,0,0],"gold":89,"neow_bonus":"BOSS_RELIC","is_daily":false,"chose_seed":false,"campfire_upgraded":3,"win_rate":0.0,"timestamp":1614429448,"path_taken":["M","$","M","?","?","R","E","?","T","R","?","M","E","M","R","BOSS","M","M","$","M","?","R","E"],"items_purchased_type":["Card","Card"],"build_version":"2020-12-22","purchased_purges":1,"victory":false,"max_hp_per_floor":[68,68,68,68,68,68,68,68,68,68,68,68,68,68,68,68,68,68,68,68,68,68,68,68,68],"relic_stats":{"Sozu":4,"counters":[12,40],"Gambling Chip":[19],"Pandora\u0027s Box":["FlyingSleeves","Crescendo","Halt","Swivel","Protect","Brilliance","EmptyMind"],"obtain_stats":[{"Sozu":0,"Potion Belt":13,"Gambling Chip":7,"Pandora\u0027s Box":17,"PureWater":0,"WarpedTongs":5},{"Sozu":0,"Potion Belt":6,"Gambling Chip":3,"Pandora\u0027s Box":8,"PureWater":0,"WarpedTongs":2},{"Sozu":0,"Potion Belt":16,"Gambling Chip":9,"Pandora\u0027s Box":24,"PureWater":0,"WarpedTongs":6}],"WarpedTongs":[34]},"card_choices":[{"not_picked":["ClearTheMind","Swivel"],"picked":"Wallop","floor":1},{"not_picked":["LikeWater","Worship"],"picked":"CarveReality","floor":3},{"not_picked":["Establishment","Prostrate"],"picked":"CrushJoints","floor":7},{"not_picked":["Prostrate","ForeignInfluence"],"picked":"Conclude","floor":8},{"not_picked":["Indignation","Evaluate"],"picked":"Wallop","floor":12},{"not_picked":["Nirvana","JustLucky","WreathOfFlame"],"picked":"SKIP","floor":13},{"not_picked":["SashWhip","FlyingSleeves","WindmillStrike"],"picked":"SKIP","floor":14},{"not_picked":["ConjureBlade","Devotion"],"picked":"Scrawl","floor":16},{"not_picked":["JustLucky","SashWhip","FlurryOfBlows"],"picked":"SKIP","floor":18},{"not_picked":["CrushJoints","Crescendo+1"],"picked":"CutThroughFate","floor":19},{"not_picked":["EmptyFist","Conclude"],"picked":"Protect","floor":21}],"player_experience":2931978,"relics_obtained":[{"floor":7,"key":"Gambling Chip"},{"floor":13,"key":"Potion Belt"}],"event_choices":[{"cards_removed":["Strike_P"],"damage_healed":0,"gold_gain":0,"player_choice":"Card Removal","damage_taken":7,"max_hp_gain":0,"max_hp_loss":0,"event_name":"Golden Wing","floor":4,"gold_loss":0},{"damage_healed":0,"gold_gain":0,"player_choice":"Rummage","damage_taken":0,"relics_obtained":["WarpedTongs"],"max_hp_gain":0,"max_hp_loss":0,"event_name":"Accursed Blacksmith","floor":5,"gold_loss":0,"cards_obtained":["Pain"]},{"cards_removed":["Pain"],"damage_healed":0,"gold_gain":0,"player_choice":"Forget","damage_taken":0,"max_hp_gain":0,"max_hp_loss":0,"event_name":"Living Wall","floor":11,"gold_loss":0},{"damage_healed":0,"gold_gain":0,"player_choice":"Ignored","damage_taken":0,"max_hp_gain":0,"max_hp_loss":0,"event_name":"Ghosts","floor":22,"gold_loss":0}],"is_beta":false,"boss_relics":[{"not_picked":["Philosopher\u0027s Stone","Black Star"],"picked":"Pandora\u0027s Box"}],"items_purged_floors":[20],"is_endless":false,"potions_floor_spawned":[1,3,12,18],"killed_by":"Slavers","ascension_level":20}}