{"host":"ww12db68ec84yd8w","time":1614408117,"event":{"mods":["BaseMod","Colored Map","Minty Spire (QoL Compilation)","Spire with Friends","StSLib"],"gold_per_floor":[118,134,134,67,67,81,81,111,411,441,490,415,434,463,463,463,562,1174,1136,674,937,287,287,345,345,345,371,371,394,394,416,416,654,654,848,848,878,336,336,406,435,495,495,555,555,563,578,457,497,497,497,497,497,497,497,0,27,27,27],"floor_reached":60,"language":"ENG","playtime":3555,"items_purged":["Strike_R","Strike_R"],"score":1299,"play_id":"9ef6ef9e-4d12-4cd6-89a0-b4bea71ee549","local_time":"20210226224157","is_ascension_mode":true,"campfire_choices":[{"data":"Hemokinesis","floor":7,"key":"SMITH"},{"data":"Whirlwind","floor":16,"key":"SMITH"},{"floor":26,"key":"REST"},{"data":"Double Tap","floor":28,"key":"SMITH"},{"floor":30,"key":"REST"},{"data":"Clothesline","floor":34,"key":"SMITH"},{"data":"Shrug It Off","floor":43,"key":"SMITH"},{"floor":52,"key":"REST"},{"data":"Blood for Blood","floor":55,"key":"SMITH"}],"circlet_count":0,"master_deck":["Strike_R","Strike_R","Strike_R","Defend_R","Defend_R","Defend_R","Defend_R","Bash","Twin Strike","Whirlwind+1","Hemokinesis+1","Disarm","Cleave","Double Tap+1","Clothesline+1","Ghostly Armor","Impervious","Pommel Strike+1","Headbutt+1","Shrug It Off+1","Iron Wave+1","Offering+1","Flash of Steel","Sadistic Nature","Jack Of All Trades+1","Metallicize+1","Battle Trance+1","Spot Weakness+1","Blood for Blood+1","Infernal Blade+1","Echo Form+1","Shrug It Off+1","Metallicize","Ghostly Armor+1"],"relics":["Black Blood","Anchor","Pantograph","Nunchaku","Odd Mushroom","SacredBark","Torii","Mercury Hourglass","Tiny Chest","Toy Ornithopter","Toxic Egg 2","Old Coin","White Beast Statue","Black Star","Pear","Paper Frog","Sundial","Bag of Marbles","Gremlin Horn","OrangePellets","Bronze Scales","Gambling Chip"],"acts_visited":["Exordium","TheCity","TheBeyond","TheEnding"],"potions_floor_usage":[14,17,24,35,35,35,42,42,44,46,46,47,48,49,53,53,59,59,59],"damage_taken":[{"damage":6,"enemies":"Cultist","floor":1,"turns":4},{"damage":9,"enemies":"Small Slimes","floor":2,"turns":3},{"damage":5,"enemies":"2 Louse","floor":6,"turns":2},{"damage":36,"enemies":"Gremlin Nob","floor":8,"turns":4},{"damage":38,"enemies":"3 Sentries","floor":10,"turns":7},{"damage":9,"enemies":"Gremlin Gang","floor":13,"turns":4},{"damage":17,"enemies":"The Mushroom Lair","floor":14,"turns":3},{"damage":12,"enemies":"Slime Boss","floor":17,"turns":7},{"damage":37,"enemies":"Spheric Guardian","floor":19,"turns":6},{"damage":12,"enemies":"2 Thieves","floor":22,"turns":3},{"damage":40,"enemies":"Gremlin Leader","floor":24,"turns":7},{"damage":14,"enemies":"Centurion and Healer","floor":29,"turns":5},{"damage":14,"enemies":"Shelled Parasite and Fungi","floor":31,"turns":5},{"damage":84,"enemies":"Collector","floor":35,"turns":12},{"damage":8,"enemies":"Orb Walker","floor":37,"turns":2},{"damage":25,"enemies":"3 Darklings","floor":41,"turns":5},{"damage":37,"enemies":"Nemesis","floor":42,"turns":7},{"damage":56,"enemies":"Reptomancer","floor":44,"turns":7},{"damage":20,"enemies":"Maw","floor":46,"turns":9},{"damage":11,"enemies":"Spire Growth","floor":47,"turns":5},{"damage":8,"enemies":"Sphere and 2 Shapes","floor":48,"turns":3},{"damage":8,"enemies":"Jaw Worm Horde","floor":49,"turns":3},{"damage":71,"enemies":"Awakened One","floor":53,"turns":9},{"damage":37,"enemies":"Shield and Spear","floor":57,"turns":7},{"damage":69,"enemies":"The Heart","floor":59,"turns":8}],"seed_played":"-1140281468418767568","potions_obtained":[{"floor":1,"key":"Regen Potion"},{"floor":6,"key":"DistilledChaos"},{"floor":13,"key":"Ancient Potion"},{"floor":15,"key":"Ancient Potion"},{"floor":22,"key":"Dexterity Potion"},{"floor":24,"key":"Regen Potion"},{"floor":31,"key":"DuplicationPotion"},{"floor":35,"key":"LiquidMemories"},{"floor":37,"key":"Swift Potion"},{"floor":41,"key":"Strength Potion"},{"floor":42,"key":"LiquidMemories"},{"floor":46,"key":"EssenceOfSteel"},{"floor":47,"key":"SkillPotion"},{"floor":48,"key":"SkillPotion"},{"floor":57,"key":"FairyPotion"}],"is_trial":false,"path_per_floor":["M","M","-","$","-","M","R","E","T","E","T","C","M","?","C","R","B",null,"M","$","?","M","T","E","?","R","T","R","M","R","M","T","C","R","B",null,"M","?","T","T","M","E","R","E","T","M","M","M","M","-","C","R","B",null,"R","$","E","C","B",null],"character_chosen":"IRONCLAD","items_purchased":["Hemokinesis","Torii","OrangePellets","Shrug It Off+1","Metallicize","EssenceOfSteel","Ghostly Armor+1"],"campfire_rested":3,"item_purchase_floors":[4,20,56,56,56,56,56],"current_hp_per_floor":[80,80,80,80,80,80,80,56,56,30,30,30,33,37,37,37,62,80,55,55,55,55,55,27,12,37,37,37,35,60,58,58,58,58,63,85,85,75,75,75,62,57,57,18,18,20,26,35,44,44,44,72,46,95,95,95,70,70,38],"gold":27,"neow_bonus":"","is_daily":false,"chose_seed":true,"campfire_upgraded":6,"win_rate":0.0,"timestamp":1614408117,"path_taken":["M","M","-","$","-","M","R","E","T","E","?","C","?","?","C","R","BOSS","M","$","?","?","?","E","?","R","T","R","M","R","M","T","C","R","BOSS","M","?","?","?","M","E","R","E","T","M","?","M","M","-","C","R","BOSS","R","$","E","C","BOSS"],"items_purchased_type":["Card","Relic","Relic","Card","Card","Potion","Card"],"build_version":"2020-12-22","purchased_purges":2,"victory":true,"max_hp_per_floor":[80,80,80,80,80,80,80,80,80,80,80,80,80,80,80,80,80,80,80,80,80,80,80,80,85,85,85,85,85,85,85,85,85,85,85,85,85,85,85,85,85,95,95,95,95,95,95,95,95,95,95,95,95,95,95,95,95,95,95],"card_choices":[{"not_picked":["Shockwave","Headbutt"],"picked":"Twin Strike","floor":1},{"not_picked":["Anger","Wild Strike"],"picked":"Whirlwind","floor":2},{"not_picked":["Reckless Charge","Sword Boomerang"],"picked":"Disarm","floor":6},{"not_picked":["Power Through","Havoc"],"picked":"Cleave","floor":8},{"not_picked":["Flex","Iron Wave"],"picked":"Double Tap","floor":10},{"not_picked":["Armaments","Perfected Strike"],"picked":"Clothesline","floor":13},{"not_picked":["Flex","Havoc"],"picked":"Ghostly Armor","floor":14},{"not_picked":["Fiend Fire","Exhume"],"picked":"Impervious","floor":17},{"not_picked":["Wild Strike","Havoc"],"picked":"Pommel Strike+1","floor":19},{"not_picked":["Fire Breathing+1","Uppercut"],"picked":"Headbutt+1","floor":22},{"not_picked":["Pommel Strike","Rage"],"picked":"Shrug It Off","floor":24},{"not_picked":["Perfected Strike","Burning Pact"],"picked":"Iron Wave+1","floor":29},{"not_picked":["Pommel Strike","Thunderclap","Anger"],"picked":"SKIP","floor":31},{"not_picked":["Feed","Exhume+1"],"picked":"Offering+1","floor":35},{"not_picked":["Rupture+1","Headbutt","Evolve+1"],"picked":"SKIP","floor":37},{"not_picked":["The Bomb+1","PanicButton+1"],"picked":"Flash of Steel","floor":38},{"not_picked":["Madness+1","Flash of Steel"],"picked":"Sadistic Nature","floor":38},{"not_picked":["Swift Strike","PanicButton+1"],"picked":"Jack Of All Trades+1","floor":38},{"not_picked":["True Grit+1","Warcry+1","Armaments+1"],"picked":"SKIP","floor":41},{"not_picked":["Carnage+1","Wild Strike+1","Searing Blow"],"picked":"SKIP","floor":42},{"not_picked":["Perfected Strike","Twin Strike+1"],"picked":"Metallicize+1","floor":44},{"not_picked":["Anger","Second Wind+1"],"picked":"Battle Trance+1","floor":46},{"not_picked":["Uppercut","Shockwave+1"],"picked":"Spot Weakness+1","floor":47},{"not_picked":["Anger","Intimidate+1"],"picked":"Blood for Blood","floor":48},{"not_picked":["Pummel+1","True Grit+1"],"picked":"Infernal Blade+1","floor":49},{"not_picked":[],"picked":"Echo Form+1","floor":51},{"not_picked":["Sever Soul","Clothesline","Dark Embrace+1"],"picked":"SKIP","floor":57}],"player_experience":237171,"relics_obtained":[{"floor":8,"key":"Anchor"},{"floor":9,"key":"Old Coin"},{"floor":10,"key":"Pantograph"},{"floor":11,"key":"Nunchaku"},{"floor":14,"key":"Odd Mushroom"},{"floor":23,"key":"Mercury Hourglass"},{"floor":24,"key":"Tiny Chest"},{"floor":27,"key":"Toy Ornithopter"},{"floor":32,"key":"Toxic Egg 2"},{"floor":33,"key":"Old Coin"},{"floor":33,"key":"White Beast Statue"},{"floor":42,"key":"Pear"},{"floor":42,"key":"Paper Frog"},{"floor":44,"key":"Sundial"},{"floor":44,"key":"Bag of Marbles"},{"floor":45,"key":"Gremlin Horn"},{"floor":57,"key":"Bronze Scales"},{"floor":57,"key":"Gambling Chip"}],"event_choices":[{"damage_healed":0,"gold_gain":0,"player_choice":"Fought Mushrooms","damage_taken":0,"max_hp_gain":0,"max_hp_loss":0,"event_name":"Mushrooms","floor":14,"gold_loss":0},{"damage_healed":0,"gold_gain":250,"player_choice":"Bet on Owner","damage_taken":0,"max_hp_gain":0,"max_hp_loss":0,"event_name":"The Joust","floor":21,"gold_loss":50},{"damage_healed":0,"gold_gain":0,"player_choice":"Shed Blood","damage_taken":20,"max_hp_gain":5,"max_hp_loss":0,"event_name":"Forgotten Altar","floor":25,"gold_loss":0},{"damage_healed":0,"gold_gain":0,"player_choice":"Memory 3","damage_taken":10,"max_hp_gain":0,"max_hp_loss":0,"event_name":"SensoryStone","floor":38,"gold_loss":0}],"is_beta":false,"boss_relics":[{"not_picked":["Pandora\u0027s Box","Calling Bell"],"picked":"SacredBark"},{"not_picked":["Velvet Choker","Snecko Eye"],"picked":"Black Star"}],"items_purged_floors":[20,56],"is_endless":false,"potions_floor_spawned":[1,6,13,22,24,31,35,37,41,42,44,46,47,48,49,57],"ascension_level":1}}