{"host":"zf1gvustpgbojd4t","time":1614411222,"event":{"mods":["Act Like it!","BaseMod","Downfall","Hallownest","Map Debug Mod","Minty Spire (QoL Compilation)","MostiFishMod","Replay The Spire","StSLib"],"gold_per_floor":[176,176,176,176,196,225,225,253,266,278,66,66,66,66,83,178,178,140,158,169,180,180,205,205,218,18,36,63,48,63,77,88,187,187,187,199,199,346,362,377,423,435,464,464,511,528,528,539,557,557,557,590,140,140,140,140],"floor_reached":57,"language":"ZHS","playtime":3568,"items_purged":["bronze:Strike","bronze:Defend","bronze:DarkDash"],"score":1709,"play_id":"0e64d6f6-cec2-4cd1-9bff-ee73039235a1","local_time":"20210227153342","is_ascension_mode":true,"campfire_choices":[{"floor":13,"key":"RECALL"},{"floor":26,"key":"REST"},{"data":"MostiFishMod:SephirahHod","floor":35,"key":"SMITH"},{"floor":44,"key":"REST"},{"data":"Panache","floor":47,"key":"SMITH"},{"floor":54,"key":"REST"}],"circlet_count":0,"master_deck":["bronze:Strike","bronze:Defend","bronze:Defend","bronze:Replicate","MostiFishMod:SephirahHod+1","bronze:MaxOutput","bronze:Iterate","bronze:Backtrace","bronze:Fortify","Panache+1","Finesse","Bandage Up","bronze:CutThrough","bronze:Library","bronze:Backtrace+1","bronze:WhirlingStrike","bronze:Constructor+1","bronze:MaxOutput","bronze:FineTuning","bronze:FunctionCard","bronze:Fortify+1","bronze:Deprecate","bronze:GetLatest","bronze:Deprecate","bronze:HardenedForm","bronze:ChosenStrike","bronze:Mutator","bronze:MaxOutput","Specialist","bronze:ItsAFeature+1","bronze:Terminator+1","bronze:Fortify+1","bronze:BitShift+1","bronze:Philosophize","bronze:InfiniteBeams"],"relics":["bronze:BronzeCore","DaveBox","MostiFishMod:Hod","downfall:HeartsMalice","InkBottle","Onion Ring","Replay:Ringing Soul","ReplayTheSpireMod:ShopPack","Honey Jar","downfall:HeartBlessingRed","Counterbalance","downfall:HeartBlessingGreen","downfall:HeartBlessingBlue","Snack Pack","PatriotShield","Blood Vial","Sundial","Lantern","Blue Candle","Mirror"],"acts_visited":["Exordium","TheCity","TheBeyond","TheEnding"],"potions_floor_usage":[16,16,50,56,56,56],"damage_taken":[{"damage":0,"enemies":"Cultist","floor":2,"turns":1},{"damage":0,"enemies":"Jaw Worm","floor":3,"turns":1},{"damage":0,"enemies":"Small Slimes","floor":4,"turns":1},{"damage":11,"enemies":"Exordium Thugs","floor":5,"turns":4},{"damage":43,"enemies":"Gremlin Nob","floor":6,"turns":5},{"damage":0,"enemies":"Lagavulin","floor":8,"turns":2},{"damage":0,"enemies":"downfall:LooterAlt","floor":9,"turns":1},{"damage":0,"enemies":"Gremlin Gang","floor":10,"turns":2},{"damage":0,"enemies":"downfall:FleeingMerchant","floor":11,"turns":4},{"damage":4,"enemies":"Exordium Thugs","floor":15,"turns":2},{"damage":0,"enemies":"IC_STATUS_ARCHETYPE","floor":16,"turns":1},{"damage":0,"enemies":"Chosen","floor":19,"turns":1},{"damage":0,"enemies":"downfall:LooterAlt2","floor":20,"turns":1},{"damage":0,"enemies":"Snecko","floor":21,"turns":2},{"damage":7,"enemies":"Slavers","floor":23,"turns":2},{"damage":0,"enemies":"3 Cultists","floor":25,"turns":2},{"damage":5,"enemies":"Chosen and Byrds","floor":27,"turns":2},{"damage":18,"enemies":"Gremlin Leader","floor":28,"turns":2},{"damage":0,"enemies":"downfall:FleeingMerchant","floor":29,"turns":4},{"damage":1,"enemies":"Cultist and Chosen","floor":30,"turns":3},{"damage":10,"enemies":"Centurion and Healer","floor":31,"turns":2},{"damage":0,"enemies":"Shelled Parasite and Fungi","floor":32,"turns":2},{"damage":5,"enemies":"DF_ARCHETYPE_CLAW","floor":33,"turns":7},{"damage":0,"enemies":"Orb Walker","floor":36,"turns":1},{"damage":0,"enemies":"downfall:FleeingMerchant","floor":38,"turns":1},{"damage":0,"enemies":"3 Darklings","floor":39,"turns":2},{"damage":0,"enemies":"4 Shapes","floor":40,"turns":2},{"damage":0,"enemies":"Maw","floor":42,"turns":2},{"damage":0,"enemies":"Reptomancer","floor":43,"turns":1},{"damage":0,"enemies":"Jaw Worm Horde","floor":46,"turns":2},{"damage":14,"enemies":"4 Shapes","floor":48,"turns":2},{"damage":0,"enemies":"Maw","floor":49,"turns":2},{"damage":0,"enemies":"SI_POISON_ARCHETYPE","floor":50,"turns":2},{"damage":0,"enemies":"downfall:CharBossMerchant","floor":52,"turns":2},{"damage":19,"enemies":"downfall:NeowBoss","floor":55,"turns":5},{"damage":11,"enemies":"downfall:NeowBossFinal","floor":56,"turns":3}],"seed_played":"1067383471563946493","potions_obtained":[{"floor":6,"key":"Toxic Potion"},{"floor":9,"key":"SteroidPotion"},{"floor":16,"key":"SkillPotion"},{"floor":20,"key":"LiquidMemories"},{"floor":23,"key":"Languid Potion"},{"floor":27,"key":"AttackPotion"},{"floor":30,"key":"Adrenaline Potion"},{"floor":31,"key":"Milkshake"},{"floor":32,"key":"Guardian:BlockOnCardUsePotion"},{"floor":36,"key":"Toxic Potion"},{"floor":40,"key":"Toxic Potion"},{"floor":46,"key":"Languid Potion"}],"is_trial":false,"path_per_floor":["R","M","M","M","M","E","T","E","M","M","$","?","R","?","M","B",null,"R","M","M","M","?","E","T","M","R","M","E","$","M","M","M","B",null,"R","M","?","$","M","M","T","M","E","R","T","M","R","M","M","B",null,"E","$","R","B","B",null],"character_chosen":"THE_AUTOMATON","items_purchased":["ReplayTheSpireMod:ShopPack","Specialist","Mirror","bronze:InfiniteBeams"],"campfire_rested":3,"item_purchase_floors":[11,38,53,53],"current_hp_per_floor":[70,70,70,70,59,16,16,19,19,22,25,25,25,28,30,39,85,85,88,91,94,75,77,77,86,115,113,103,120,127,128,133,136,136,136,139,142,145,148,151,151,154,154,154,154,157,157,152,163,163,163,163,166,166,158,156],"gold":140,"neow_bonus":"THREE_ENEMY_KILL","is_daily":false,"chose_seed":false,"campfire_upgraded":2,"win_rate":0.0,"timestamp":1614411222,"path_taken":["R","M","M","M","?","E","T","E","M","M","$","?","R","?","M","BOSS","R","M","M","M","?","E","T","M","R","M","E","$","M","M","M","BOSS","R","M","?","$","?","M","T","?","E","R","?","M","R","M","M","BOSS","E","$","R","BOSS","BOSS"],"items_purchased_type":["Relic","Card","Relic","Card"],"build_version":"2020-12-22","purchased_purges":3,"victory":true,"max_hp_per_floor":[70,70,70,70,70,70,70,73,73,76,79,79,79,82,82,85,85,85,88,91,94,99,102,102,105,115,118,121,124,127,130,133,136,136,136,139,142,145,148,151,151,154,154,154,154,157,157,160,163,163,163,163,166,166,166,166],"card_choices":[{"not_picked":["bronze:BitShift","bronze:Invalidate"],"picked":"bronze:MaxOutput","floor":2},{"not_picked":["bronze:Separator","bronze:BugBarrage","bronze:Branch"],"picked":"SKIP","floor":3},{"not_picked":["bronze:Fortify","bronze:CutThrough"],"picked":"bronze:Iterate","floor":4},{"not_picked":["bronze:WildBeam","bronze:ChildClass","bronze:ForLoop"],"picked":"SKIP","floor":5},{"not_picked":["bronze:FineTuning","bronze:Refactor"],"picked":"bronze:DelayedSlice","floor":6},{"not_picked":["bronze:BitShift","bronze:BuggyMess"],"picked":"bronze:Backtrace","floor":8},{"not_picked":["bronze:DelayedSlice","bronze:Separator","bronze:Shield"],"picked":"SKIP","floor":9},{"not_picked":["bronze:ChosenStrike","bronze:CutThrough"],"picked":"bronze:Fortify","floor":10},{"not_picked":["bronze:FineTuning","bronze:HyperBeam","bronze:DigitalCarnage"],"picked":"SKIP","floor":11},{"not_picked":["Secret Technique","MostiFishMod:BrokenBlackCloak"],"picked":"Panache","floor":11},{"not_picked":["MostiFishMod:StoryBook","MostiFishMod:Awakening"],"picked":"Finesse","floor":11},{"not_picked":["MostiFishMod:SupremeArchaeology","Panacea"],"picked":"Bandage Up","floor":11},{"not_picked":["bronze:BronzeOrb","bronze:Branch","bronze:BugBarrage"],"picked":"SKIP","floor":15},{"not_picked":["bronze:Virus","bronze:TinkerersToolbox"],"picked":"bronze:Library","floor":16},{"not_picked":["bronze:Shell","bronze:ForceShield","bronze:Deprecate+1"],"picked":"bronze:Backtrace+1","floor":19},{"not_picked":["bronze:CutThrough","bronze:BitShift+1","bronze:ChildClass"],"picked":"bronze:WhirlingStrike","floor":20},{"not_picked":["bronze:ChosenStrike+1","bronze:Invalidate","bronze:DigitalCarnage"],"picked":"bronze:DelayedGuard","floor":21},{"not_picked":["bronze:Turbo","bronze:Safeguard","bronze:SpaghettiCode"],"picked":"bronze:Constructor+1","floor":23},{"not_picked":["bronze:Turbo+1","bronze:Repulsor","bronze:WildBeam"],"picked":"bronze:MaxOutput","floor":25},{"not_picked":["bronze:Separator","bronze:Shield+1","bronze:DelayedSlice"],"picked":"bronze:FineTuning","floor":27},{"not_picked":["bronze:BuggyMess","bronze:Invalidate","bronze:Allocate"],"picked":"bronze:Hardcode","floor":28},{"not_picked":["bronze:BronzeArmor","bronze:Refactor+1","bronze:Format"],"picked":"bronze:Fortify+1","floor":29},{"not_picked":["bronze:OilSpill+1","bronze:Iterate","bronze:NullPointer"],"picked":"bronze:Deprecate","floor":30},{"not_picked":["bronze:WhirlingStrike","bronze:Terminator","bronze:NullPointer"],"picked":"bronze:GetLatest","floor":31},{"not_picked":["bronze:Overheat","bronze:BuggyMess+1","bronze:NullPointer"],"picked":"bronze:Deprecate","floor":32},{"not_picked":["bronze:InfiniteLoop","bronze:ShipIt","bronze:AlphaBuild"],"picked":"bronze:HardenedForm","floor":33},{"not_picked":["bronze:CutThrough","bronze:Invalidate+1","bronze:Iterate"],"picked":"bronze:ChosenStrike","floor":36},{"not_picked":["bronze:Return","bronze:BugBarrage","bronze:NullPointer"],"picked":"bronze:MaxOutput","floor":38},{"not_picked":["bronze:DelayedGuard+1","bronze:BuggyMess","bronze:Turbo"],"picked":"bronze:ItsAFeature+1","floor":39},{"not_picked":["bronze:Frontload+1","bronze:Backtrace","bronze:Turbo+1"],"picked":"bronze:Terminator+1","floor":40},{"not_picked":["bronze:Allocate","bronze:SpaghettiCode","bronze:Turbo"],"picked":"bronze:Fortify+1","floor":42},{"not_picked":["bronze:WildBeam","bronze:CloningBeam+1","bronze:Branch","bronze:TinkerersToolbox"],"picked":"SKIP","floor":43},{"not_picked":["bronze:OilSpill","bronze:Turbo","bronze:Separator"],"picked":"bronze:BitShift+1","floor":46},{"not_picked":["bronze:Philosophize+1","bronze:Constructor","bronze:CutThrough"],"picked":"bronze:DarkDash","floor":48},{"not_picked":["bronze:Shield+1","bronze:DarkDash","bronze:Terminator"],"picked":"bronze:Philosophize","floor":49},{"not_picked":["bronze:Separator+1","bronze:Iterate+1","bronze:BurnOut","bronze:BitShift"],"picked":"SKIP","floor":52}],"player_experience":120665,"relics_obtained":[{"floor":6,"key":"InkBottle"},{"floor":7,"key":"Onion Ring"},{"floor":8,"key":"Replay:Ringing Soul"},{"floor":23,"key":"Counterbalance"},{"floor":28,"key":"Snack Pack"},{"floor":41,"key":"Blood Vial"},{"floor":43,"key":"Sundial"},{"floor":45,"key":"Lantern"},{"floor":52,"key":"Blue Candle"}],"event_choices":[{"cards_removed":["bronze:Strike"],"damage_healed":0,"gold_gain":0,"player_choice":"Card Removal","damage_taken":0,"max_hp_gain":0,"max_hp_loss":0,"event_name":"The Cleric","floor":12,"gold_loss":0}],"is_beta":false,"boss_relics":[{"not_picked":["bronze:ElectromagneticCoil","Runic Dome"],"picked":"Honey Jar"},{"not_picked":["Ring of Chaos","ChewingGum"],"picked":"PatriotShield"}],"items_purged_floors":[11,38,53],"is_endless":false,"potions_floor_spawned":[6,9,16,20,23,27,30,31,32,36,40,46,49],"ascension_level":2}}