{"host":"1qhzi8r9ejho5yph","time":1614400576,"event":{"mods":["AchievementEnabler","BaseMod","Colored Map","Colored Powertips","Highlight Path","Minty Spire (QoL Compilation)","Permanent Neow","Quick Restart","Random Character Button","StSLib","SuperFastMode","Synergy Search"],"gold_per_floor":[110,128,145,145,157,157,183,196,248,262,272,282,296,322,322,322,322],"floor_reached":16,"language":"ENG","playtime":567,"items_purged":[],"score":118,"play_id":"02999f52-9515-4afd-9da5-f71786967bc5","local_time":"20210227123616","is_ascension_mode":false,"campfire_choices":[{"data":"Pommel Strike","floor":6,"key":"SMITH"},{"floor":15,"key":"REST"}],"circlet_count":0,"master_deck":["Strike_R","Strike_R","Strike_R","Strike_R","Strike_R","Defend_R","Defend_R","Defend_R","Bash","Power Through","Twin Strike","Pommel Strike+1","Headbutt","Sword Boomerang","Impervious","Dark Embrace","Flex","Flame Barrier","Pummel+1","Heavy Blade+1"],"relics":["Burning Blood","Matryoshka","Molten Egg 2","Lantern","Juzu Bracelet"],"acts_visited":["Exordium"],"potions_floor_usage":[7,14,16,16],"damage_taken":[{"damage":3,"enemies":"Small Slimes","floor":1,"turns":4},{"damage":6,"enemies":"Cultist","floor":2,"turns":3},{"damage":1,"enemies":"2 Louse","floor":3,"turns":3},{"damage":9,"enemies":"Gremlin Gang","floor":5,"turns":7},{"damage":21,"enemies":"Lagavulin","floor":7,"turns":5},{"damage":18,"enemies":"Exordium Wildlife","floor":8,"turns":4},{"damage":1,"enemies":"3 Louse","floor":10,"turns":3},{"damage":21,"enemies":"Large Slime","floor":11,"turns":5},{"damage":22,"enemies":"Exordium Thugs","floor":12,"turns":5},{"damage":0,"enemies":"3 Louse","floor":13,"turns":2},{"damage":16,"enemies":"Gremlin Nob","floor":14,"turns":3},{"damage":45,"enemies":"Slime Boss","floor":16,"turns":17}],"seed_played":"-1939974200903580743","potions_obtained":[{"floor":1,"key":"Fire Potion"},{"floor":2,"key":"DistilledChaos"},{"floor":5,"key":"GamblersBrew"},{"floor":14,"key":"Weak Potion"}],"is_trial":false,"path_per_floor":["M","M","M","?","M","R","E","M","T","M","M","M","M","E","R","B"],"character_chosen":"IRONCLAD","items_purchased":[],"campfire_rested":1,"item_purchase_floors":[],"current_hp_per_floor":[80,80,80,80,77,77,62,50,50,55,40,24,30,20,44,0,0],"gold":322,"neow_bonus":"REMOVE_CARD","is_daily":false,"chose_seed":false,"campfire_upgraded":1,"win_rate":0.0,"timestamp":1614400576,"path_taken":["M","M","M","?","M","R","E","M","T","M","M","?","M","E","R","BOSS"],"items_purchased_type":[],"build_version":"2020-12-22","purchased_purges":0,"victory":false,"max_hp_per_floor":[80,80,80,80,80,80,80,80,80,80,80,80,80,80,80,80,80],"card_choices":[{"not_picked":["Seeing Red","Cleave"],"picked":"Power Through","floor":1},{"not_picked":["Pummel","True Grit"],"picked":"Twin Strike","floor":2},{"not_picked":["Clothesline","Disarm"],"picked":"Pommel Strike","floor":3},{"not_picked":["Rupture","Iron Wave"],"picked":"Headbutt","floor":5},{"not_picked":["Clothesline","Flex"],"picked":"Sword Boomerang","floor":7},{"not_picked":["Cleave","Body Slam"],"picked":"Impervious","floor":8},{"not_picked":["Havoc","Sentinel"],"picked":"Dark Embrace","floor":10},{"not_picked":["Disarm","Carnage+1"],"picked":"Flex","floor":11},{"not_picked":["Thunderclap+1","Shrug It Off"],"picked":"Flame Barrier","floor":12},{"not_picked":["Combust","Clothesline+1"],"picked":"Pummel+1","floor":13},{"not_picked":["Sword Boomerang+1","Reckless Charge+1"],"picked":"Heavy Blade+1","floor":14}],"player_experience":386414,"relics_obtained":[{"floor":7,"key":"Matryoshka"},{"floor":9,"key":"Molten Egg 2"},{"floor":9,"key":"Lantern"},{"floor":14,"key":"Juzu Bracelet"}],"event_choices":[{"damage_healed":0,"gold_gain":0,"player_choice":"Ignored","damage_taken":0,"max_hp_gain":0,"max_hp_loss":0,"event_name":"NoteForYourself","floor":4,"gold_loss":0}],"is_beta":false,"boss_relics":[],"items_purged_floors":[],"is_endless":false,"potions_floor_spawned":[1,2,5,7,14],"killed_by":"Slime Boss","ascension_level":0}}