{"host":"vlqej45p0v31lhdi","time":1614411614,"event":{"mods":["AchievementEnabler","BaseMod","Bestiary","Colored Powertips","Minty Spire (QoL Compilation)","Relic Stats"],"gold_per_floor":[114,132,132,132,145,145,158,158,183,194,227,77,109,121,121,224,224,244,216,131,142,152,152,152],"floor_reached":23,"language":"ENG","playtime":12956,"items_purged":[],"score":322,"play_id":"6ea6722c-91b0-4dc0-bc0e-15ac95bff976","local_time":"20210227014014","is_ascension_mode":true,"campfire_choices":[{"floor":6.0,"key":"REST"},{"data":"Echo Form","floor":8.0,"key":"SMITH"},{"data":"Capacitor","floor":15.0,"key":"SMITH"}],"circlet_count":0,"master_deck":["Strike_B","Strike_B","Strike_B","Defend_B","Defend_B","Defend_B","Defend_B+1","Zap","Dualcast","Echo Form+1","Defragment+1","Cold Snap","Seek","Steam","Glacier","Turbo","Aggregate","Capacitor+1","Cold Snap","Redo","Glacier","Hologram","Meteor Strike","BootSequence","Coolheaded","Consume","Compile Driver"],"relics":["Cracked Core","Art of War","Omamori","DataDisk","Nuclear Battery","Ginger"],"acts_visited":["Exordium","TheCity"],"potions_floor_usage":[23,23],"damage_taken":[{"damage":12.0,"enemies":"Jaw Worm","floor":1.0,"turns":3.0},{"damage":4.0,"enemies":"Small Slimes","floor":2.0,"turns":3.0},{"damage":0.0,"enemies":"2 Louse","floor":5.0,"turns":1.0},{"damage":6.0,"enemies":"Blue Slaver","floor":7.0,"turns":4.0},{"damage":5.0,"enemies":"Looter","floor":10.0,"turns":4.0},{"damage":0.0,"enemies":"Lagavulin","floor":11.0,"turns":10.0},{"damage":6.0,"enemies":"3 Sentries","floor":13.0,"turns":9.0},{"damage":3.0,"enemies":"Exordium Thugs","floor":14.0,"turns":5.0},{"damage":1.0,"enemies":"Hexaghost","floor":16.0,"turns":15.0},{"damage":2.0,"enemies":"Spheric Guardian","floor":18.0,"turns":7.0},{"damage":22.0,"enemies":"2 Thieves","floor":19.0,"turns":5.0},{"damage":0.0,"enemies":"Snecko","floor":21.0,"turns":10.0},{"damage":2.0,"enemies":"Shelled Parasite and Fungi","floor":22.0,"turns":12.0},{"damage":41,"enemies":"Gremlin Leader","floor":23,"turns":11}],"seed_played":"4947342192297861629","potions_obtained":[{"floor":1.0,"key":"PowerPotion"},{"floor":5.0,"key":"Block Potion"},{"floor":13.0,"key":"DistilledChaos"},{"floor":16.0,"key":"ColorlessPotion"},{"floor":19.0,"key":"ColorlessPotion"},{"floor":21.0,"key":"FearPotion"}],"is_trial":false,"path_per_floor":["M","M","?","?","M","R","M","R","T","M","E","$","E","M","R","B",null,"M","M","?","M","M","E"],"character_chosen":"DEFECT","items_purchased":["Capacitor","Cold Snap","Redo"],"campfire_rested":1,"item_purchase_floors":[12,12,12],"current_hp_per_floor":[56,52,37,37,37,59,53,53,53,48,48,48,42,39,39,38,66,64,42,42,42,40,0,0],"gold":152,"neow_bonus":"ONE_RANDOM_RARE_CARD","is_daily":false,"chose_seed":false,"campfire_upgraded":2,"win_rate":0.0,"timestamp":1614411614,"path_taken":["M","M","?","?","M","R","M","R","T","M","E","$","E","M","R","BOSS","M","M","?","M","M","E"],"items_purchased_type":["Card","Card","Card"],"build_version":"2020-12-22","purchased_purges":0,"victory":false,"max_hp_per_floor":[75,75,75,75,75,75,75,75,75,75,75,75,75,75,75,75,75,75,75,75,75,75,75,75],"relic_stats":{"counters":[14,99],"Art of War":[30],"Ginger":[1],"obtain_stats":[{"DataDisk":13,"Art of War":9,"Omamori":11,"Ginger":20,"Cracked Core":0,"Nuclear Battery":17},{"DataDisk":7,"Art of War":4,"Omamori":6,"Ginger":11,"Cracked Core":0,"Nuclear Battery":9},{"DataDisk":34,"Art of War":11,"Omamori":25,"Ginger":66,"Cracked Core":0,"Nuclear Battery":54}]},"card_choices":[{"not_picked":["Auto Shields","Scrape"],"picked":"Defragment","floor":1.0},{"not_picked":["Rebound","Compile Driver"],"picked":"Cold Snap","floor":2.0},{"not_picked":["Stack","Fusion"],"picked":"Steam","floor":5.0},{"not_picked":["Turbo","Go for the Eyes"],"picked":"Glacier","floor":7.0},{"not_picked":["Go for the Eyes","Blizzard"],"picked":"Turbo","floor":10.0},{"not_picked":["Fusion","Hello World"],"picked":"Aggregate","floor":11.0},{"not_picked":["Streamline","White Noise"],"picked":"Glacier","floor":13.0},{"not_picked":["Barrage","Undo"],"picked":"Hologram","floor":14.0},{"not_picked":["All For One","Creative AI"],"picked":"Meteor Strike","floor":16.0},{"not_picked":["Streamline+1","Rebound"],"picked":"BootSequence","floor":18.0},{"not_picked":["BootSequence","Sunder"],"picked":"Coolheaded","floor":19.0},{"not_picked":["Leap","Coolheaded"],"picked":"Consume","floor":21.0},{"not_picked":["Redo","Leap+1"],"picked":"Compile Driver","floor":22.0}],"player_experience":3108639,"relics_obtained":[{"floor":9.0,"key":"Art of War"},{"floor":11.0,"key":"Omamori"},{"floor":13.0,"key":"DataDisk"}],"event_choices":[{"damage_healed":0.0,"max_hp_gain":0.0,"max_hp_loss":0.0,"gold_gain":0.0,"event_name":"Shining Light","player_choice":"Entered Light","floor":3.0,"gold_loss":0.0,"damage_taken":15.0,"cards_upgraded":["Defend_B","Defragment"]},{"damage_healed":0.0,"max_hp_gain":0.0,"max_hp_loss":0.0,"gold_gain":0.0,"cards_transformed":["Strike_B"],"event_name":"Living Wall","player_choice":"Change","floor":4.0,"gold_loss":0.0,"damage_taken":0.0,"cards_obtained":["Seek"]},{"damage_healed":0.0,"max_hp_gain":0.0,"max_hp_loss":0.0,"gold_gain":0.0,"event_name":"Addict","player_choice":"Obtained Relic","floor":20.0,"gold_loss":85.0,"damage_taken":0.0,"relics_obtained":["Ginger"]}],"is_beta":false,"boss_relics":[{"not_picked":["Runic Dome","Coffee Dripper"],"picked":"Nuclear Battery"}],"items_purged_floors":[],"is_endless":false,"potions_floor_spawned":[1,5,13,16,19,21],"killed_by":"Gremlin Leader","ascension_level":8}}