{"host":"to2s10i0cynxbiqz","time":1614434799,"event":{"mods":["BaseMod","Colored Powertips","Highlight Path","Minty Spire (QoL Compilation)","Quick Restart","StSLib","slay the spire mod where everything is the same but ironclad has a cowboy hat"],"gold_per_floor":[112,112,112,9,20,20,51,51,103,131,147,158,36,61,61,165,165,181,194,194,208,222,222,277,277,324,324,324],"floor_reached":27,"language":"ZHS","playtime":1232,"items_purged":["Strike_G"],"score":369,"play_id":"5845ea14-5efe-424a-8708-81c78984cdba","local_time":"20210227220639","is_ascension_mode":true,"campfire_choices":[{"data":"Footwork","floor":6.0,"key":"SMITH"},{"data":"Blade Dance","floor":8.0,"key":"SMITH"},{"data":"Terror","floor":15.0,"key":"SMITH"},{"floor":23,"key":"REST"},{"data":"Venomology","floor":25,"key":"SMITH"}],"circlet_count":0,"master_deck":["Strike_G","Strike_G","Strike_G","Strike_G","Defend_G","Defend_G","Defend_G","Defend_G","Defend_G","Survivor","Neutralize","Blade Dance+1","Footwork+1","Blade Dance","Terror+1","Venomology+1","CurseOfTheBell","Backflip","Choke+1","Backflip+1","Leg Sweep"],"relics":["Ring of the Snake","NeowsBlessing","Kunai","The Courier","MealTicket","Happy Flower","Bag of Marbles","Pen Nib","Oddly Smooth Stone","Calling Bell","Regal Pillow","Question Card","Unceasing Top","Smiling Mask"],"acts_visited":["Exordium","TheCity"],"potions_floor_usage":[22],"damage_taken":[{"damage":0.0,"enemies":"Jaw Worm","floor":1.0,"turns":1.0},{"damage":0.0,"enemies":"Small Slimes","floor":5.0,"turns":1.0},{"damage":0.0,"enemies":"Gremlin Nob","floor":7.0,"turns":1.0},{"damage":0.0,"enemies":"Lagavulin","floor":10.0,"turns":6.0},{"damage":0.0,"enemies":"2 Louse","floor":11.0,"turns":3.0},{"damage":0.0,"enemies":"Large Slime","floor":12.0,"turns":4.0},{"damage":0.0,"enemies":"Slime Boss","floor":16.0,"turns":6.0},{"damage":3.0,"enemies":"3 Byrds","floor":18.0,"turns":7.0},{"damage":0.0,"enemies":"2 Thieves","floor":19.0,"turns":4.0},{"damage":13.0,"enemies":"Centurion and Healer","floor":21.0,"turns":8.0},{"damage":16,"enemies":"3 Cultists","floor":22,"turns":6},{"damage":37,"enemies":"Slavers","floor":27,"turns":9}],"seed_played":"5595751445254316679","potions_obtained":[{"floor":5.0,"key":"SpeedPotion"},{"floor":7.0,"key":"ColorlessPotion"},{"floor":11.0,"key":"Dexterity Potion"},{"floor":12.0,"key":"Strength Potion"}],"is_trial":false,"path_per_floor":["M","?","T","$","M","R","E","R","T","E","M","M","$","T","R","B",null,"M","M","?","M","M","R","T","R","T","E"],"character_chosen":"THE_SILENT","items_purchased":["Blade Dance","Pen Nib"],"campfire_rested":1,"item_purchase_floors":[4,13],"current_hp_per_floor":[70,58,58,58,58,58,58,58,58,58,58,58,70,70,70,70,70,67,67,54,41,25,62,62,62,62,25,25],"gold":324,"neow_bonus":"THREE_ENEMY_KILL","is_daily":false,"chose_seed":false,"campfire_upgraded":4,"win_rate":0.0,"timestamp":1614434799,"path_taken":["M","?","?","$","M","R","E","R","T","E","M","M","$","?","R","BOSS","M","M","?","M","M","R","?","R","T","E"],"items_purchased_type":["Card","Relic"],"build_version":"2020-12-22","purchased_purges":1,"victory":false,"max_hp_per_floor":[70,70,70,70,70,70,70,70,70,70,70,70,70,70,70,70,70,70,70,75,75,75,75,75,75,75,75,75],"card_choices":[{"not_picked":["Cloak And Dagger","Outmaneuver","Quick Slash"],"picked":"SKIP","floor":1.0},{"not_picked":["Sucker Punch","Dodge and Roll"],"picked":"Footwork","floor":5.0},{"not_picked":["PiercingWail","Dagger Throw","Poisoned Stab"],"picked":"SKIP","floor":7.0},{"not_picked":["Burst","Underhanded Strike"],"picked":"Blade Dance","floor":10.0},{"not_picked":["Choke","Deadly Poison"],"picked":"Terror","floor":11.0},{"not_picked":["Deadly Poison","Sucker Punch","Dodge and Roll"],"picked":"SKIP","floor":12.0},{"not_picked":["Night Terror","Grand Finale"],"picked":"Venomology","floor":16.0},{"not_picked":["Accuracy+1","Dash+1","Corpse Explosion"],"picked":"Backflip","floor":18.0},{"not_picked":["Poisoned Stab","Cloak And Dagger","Skewer"],"picked":"Choke+1","floor":19.0},{"not_picked":["Poisoned Stab+1","Slice","Underhanded Strike"],"picked":"Backflip+1","floor":21.0},{"not_picked":["Deflect","Poisoned Stab","Backflip"],"picked":"Leg Sweep","floor":22}],"player_experience":220064,"relics_obtained":[{"floor":3.0,"key":"The Courier"},{"floor":7.0,"key":"MealTicket"},{"floor":9.0,"key":"Happy Flower"},{"floor":10.0,"key":"Bag of Marbles"},{"floor":14.0,"key":"Oddly Smooth Stone"},{"floor":17.0,"key":"Regal Pillow"},{"floor":17.0,"key":"Question Card"},{"floor":17.0,"key":"Unceasing Top"},{"floor":26,"key":"Smiling Mask"}],"event_choices":[{"damage_healed":0.0,"max_hp_gain":0.0,"max_hp_loss":0.0,"gold_gain":0.0,"event_name":"Scrap Ooze","player_choice":"Success","floor":2.0,"gold_loss":0.0,"damage_taken":12.0,"relics_obtained":["Kunai"]},{"damage_healed":0.0,"max_hp_gain":5.0,"max_hp_loss":0.0,"gold_gain":0.0,"event_name":"Forgotten Altar","player_choice":"Shed Blood","floor":20.0,"gold_loss":0.0,"damage_taken":18.0}],"is_beta":false,"boss_relics":[{"not_picked":["Astrolabe","Runic Pyramid"],"picked":"Calling Bell"}],"items_purged_floors":[4],"is_endless":false,"potions_floor_spawned":[5,7,11,12],"killed_by":"Slavers","ascension_level":3}}