{"host":"1vqon1dbpr5c1qll","time":1614393310,"event":{"mods":["2.2 Compatiblity","AchievementEnabler","BaseMod","BetterRewards","Colored Map","Hermit","Highlight Path","Lobotomy","Minty Spire (QoL Compilation)","Permanent Neow","Quick Restart","Random Character Button","Replay The Spire","StSLib","SuperFastMode","The Cursed","The Servant 0.9.4","everything is the same but u backflip on backflip"],"gold_per_floor":[119,119,132,149,119,147,147,174,174,188,201,211,211,239,239,337,337,349,349,364,4,17,47,102,102,153,179,179,207,33,60,60,165,165,183,193,44,98,120,161,173,205,217,256,268,13,13,13,13,13],"floor_reached":51,"language":"KOR","playtime":2971,"items_purged":[],"score":1420,"play_id":"1b41f721-4ef7-4fb8-a609-ac7562614d81","local_time":"20210227113510","is_ascension_mode":true,"campfire_choices":[{"floor":7.0,"key":"REST"},{"data":"TheCursedMod:CollectTribute","floor":15.0,"key":"SMITH"},{"data":"TheCursedMod:WearCloak","floor":25.0,"key":"SMITH"},{"data":"TheCursedMod:WearCloak","floor":28.0,"key":"SMITH"},{"data":"TheCursedMod:RapidMovement","floor":32.0,"key":"SMITH"},{"data":"Secret Technique","floor":47.0,"key":"SMITH"},{"floor":49.0,"key":"REST"}],"circlet_count":0,"master_deck":["TheCursedMod:Strike_TheCursed+1","TheCursedMod:Strike_TheCursed+1","TheCursedMod:Strike_TheCursed+1","TheCursedMod:Strike_TheCursed+1","TheCursedMod:Defend_TheCursed+1","TheCursedMod:Defend_TheCursed+1","TheCursedMod:Defend_TheCursed+1","TheCursedMod:Defend_TheCursed+1","TheCursedMod:CursedWand+1","TheCursedMod:CleanUpWorkshop+1","TheCursedMod:Dregs","TheCursedMod:SpitefulStrike+1","TheCursedMod:StunningStrike+1","TheCursedMod:CursedBlade+1","TheCursedMod:WearCloak+1","TheCursedMod:SpitefulStrike+1","TheCursedMod:CollectTribute+1","TheCursedMod:SoulReap+1","TheCursedMod:WearCloak+1","TheCursedMod:ReleasedStrength+1","TheCursedMod:AntiAging+1","TheCursedMod:CursedBlade+1","TheCursedMod:SpreadPlague+1","TheCursedMod:SpitefulPlan+1","TheCursedMod:SpitefulPlan+1","TheCursedMod:SmokeScreen+1","TheCursedMod:LuckyCharm+1","TheCursedMod:CursedShiv+1","TheCursedMod:CursedBoomerang+1","TheCursedMod:RapidMovement+1","TheCursedMod:ForbiddenAlchemy+1","TheCursedMod:CursedShiv+1","TheCursedMod:LuckyCharm+1","TheCursedMod:LuckyCharm+1","ReplayTheSpireMod:Splinters","TheCursedMod:SurpriseAttack+1","TheCursedMod:RapidMovement+1","TheCursedMod:CursedBlade+1","TheCursedMod:DoubleShield+1","TheCursedMod:ForbiddenAlchemy+1","Dark Shackles+1","Secret Technique+1","TheCursedMod:WearCloak+1","TheCursedMod:SmokeScreen+1","TheCursedMod:CursedAmulet+1","TheCursedMod:BlessingInDisguise+1"],"relics":["TheCursedMod:BlackMagic101","FaceOfCleric","Blue Candle","PreservedInsect","The Courier","Lizard Tail","Replay:Rubber Ducky","TheCursedMod:FourLeafCloverCharm","MutagenicStrength","OrangePellets","Garlic","Strawberry","Simple Rune","TheCursedMod:Tack","TheCursedMod:DemonicMark","Replay:Bottled Flurry","Membership Card","Bag of Preparation","TungstenRod","TheCursedMod:OminousMark","Juzu Bracelet","Happy Flower","MawBank","Iron Hammer","Pet Ghost","Replay:WaspNest","Boot","Toxic Egg 2","Mark of the Bloom"],"acts_visited":["Exordium","TheCity","TheBeyond"],"potions_floor_usage":[50,50,50,50,50,50,50,50,50,50,50,50],"damage_taken":[{"damage":6.0,"enemies":"Cultist","floor":1.0,"turns":4.0},{"damage":0.0,"enemies":"Small Slimes","floor":3.0,"turns":3.0},{"damage":0.0,"enemies":"Jaw Worm","floor":4.0,"turns":3.0},{"damage":15.0,"enemies":"Replay:BlueRogue","floor":6.0,"turns":4.0},{"damage":31.0,"enemies":"Lagavulin","floor":8.0,"turns":9.0},{"damage":7.0,"enemies":"Large Slime","floor":10.0,"turns":5.0},{"damage":2.0,"enemies":"Exordium Wildlife","floor":11.0,"turns":5.0},{"damage":1.0,"enemies":"Red Slaver","floor":12.0,"turns":2.0},{"damage":0.0,"enemies":"Gremlin Nob","floor":14.0,"turns":3.0},{"damage":37.0,"enemies":"Hexaghost","floor":16.0,"turns":11.0},{"damage":16.0,"enemies":"Shell Parasite","floor":18.0,"turns":7.0},{"damage":7.0,"enemies":"3 Byrds","floor":20.0,"turns":4.0},{"damage":4.0,"enemies":"Snecko","floor":22.0,"turns":4.0},{"damage":3.0,"enemies":"Replay:Snechameleon","floor":23.0,"turns":5.0},{"damage":17.0,"enemies":"Slavers","floor":27.0,"turns":4.0},{"damage":4.0,"enemies":"Book of Stabbing","floor":29.0,"turns":5.0},{"damage":0.0,"enemies":"Gremlin Leader","floor":31.0,"turns":3.0},{"damage":17.0,"enemies":"Automaton","floor":33.0,"turns":10.0},{"damage":0.0,"enemies":"3 Shapes","floor":35.0,"turns":3.0},{"damage":0.0,"enemies":"3 Darklings","floor":36.0,"turns":5.0},{"damage":6.0,"enemies":"4 Shapes","floor":39.0,"turns":5.0},{"damage":0.0,"enemies":"Reptomancer","floor":40.0,"turns":5.0},{"damage":0.0,"enemies":"Transient","floor":42.0,"turns":5.0},{"damage":7.0,"enemies":"R_Hoarder","floor":44.0,"turns":5.0},{"damage":0,"enemies":"Time Eater","floor":50,"turns":8}],"seed_played":"8523524482144942039","potions_obtained":[{"floor":0.0,"key":"Toxic Potion"},{"floor":0.0,"key":"EssenceOfSteel"},{"floor":0.0,"key":"Fruit Juice"},{"floor":1.0,"key":"EssenceOfSteel"},{"floor":5.0,"key":"Death Potion"},{"floor":5.0,"key":"LiquidMemories"},{"floor":8.0,"key":"PowerPotion"},{"floor":12.0,"key":"Block Potion"},{"floor":14.0,"key":"Languid Potion"},{"floor":23.0,"key":"EssenceOfSteel"},{"floor":27.0,"key":"Ancient Potion"},{"floor":29.0,"key":"Toxic Potion"},{"floor":33.0,"key":"Elixir"},{"floor":36.0,"key":"SkillPotion"},{"floor":38.0,"key":"LiquidMemories"},{"floor":40.0,"key":"SteroidPotion"}],"is_trial":false,"path_per_floor":["M","?","M","M","?","E","R","E","T","M","M","M","T","E","R","B",null,"M","?","M","$","M","E","T","R","T","E","R","E","$","E","R_BF","B",null,"M","M","$","?","M","E","$","M","T","E","?","$","R","?","R","B",null],"character_chosen":"THE_CURSED","items_purchased":["OrangePellets","Garlic","TheCursedMod:SpitefulPlan","Membership Card","Bag of Preparation","Juzu Bracelet","Happy Flower","TheCursedMod:LuckyCharm","Boot","Toxic Egg 2","TheCursedMod:WearCloak+1","TheCursedMod:SmokeScreen+1","TheCursedMod:CursedAmulet+1","TheCursedMod:BlessingInDisguise+1","FearPotion"],"campfire_rested":2,"item_purchase_floors":[21,21,21,30,30,37,37,37,46,46,46,46,46,46,46],"current_hp_per_floor":[67,67,68,69,69,55,79,49,49,43,42,45,45,46,46,18,71,66,66,67,67,82,100,100,100,100,91,91,98,98,107,107,101,114,119,122,122,122,123,124,124,125,125,119,115,115,115,115,115,115],"gold":13,"neow_bonus":"THREE_SMALL_POTIONS","is_daily":false,"chose_seed":false,"campfire_upgraded":5,"win_rate":0.0,"timestamp":1614393310,"path_taken":["M","?","M","?","?","E","R","E","T","M","M","?","?","E","R","BOSS","M","?","M","$","M","E","?","R","T","E","R","E","$","E","R_BF","BOSS","M","M","$","?","M","E","$","M","T","E","?","$","R","?","R","BOSS"],"items_purchased_type":["Relic","Relic","Card","Relic","Relic","Relic","Relic","Card","Relic","Relic","Card","Card","Card","Card","Potion"],"build_version":"2020-12-22","purchased_purges":0,"victory":true,"max_hp_per_floor":[80,80,81,82,82,83,83,84,84,85,86,87,87,88,88,89,89,92,92,95,95,98,108,108,108,108,111,111,114,114,115,115,118,118,119,122,122,122,123,124,124,125,125,126,126,126,126,126,126,130],"card_choices":[{"not_picked":["TheCursedMod:SmokeScreen","TheCursedMod:CircleOfCorruption"],"picked":"TheCursedMod:SpitefulStrike","floor":1.0},{"not_picked":["TheCursedMod:Stretching","TheCursedMod:CursedMace"],"picked":"TheCursedMod:StunningStrike","floor":3.0},{"not_picked":["TheCursedMod:CircleOfAmplification","TheCursedMod:CursedShiv"],"picked":"TheCursedMod:CursedBlade","floor":4.0},{"not_picked":["TheCursedMod:CursedAmulet","TheCursedMod:SpitefulPlan"],"picked":"TheCursedMod:WearCloak","floor":6.0},{"not_picked":["TheCursedMod:CircleOfCorruption","TheCursedMod:CursedAmulet"],"picked":"TheCursedMod:SpitefulStrike","floor":8.0},{"not_picked":["TheCursedMod:SpreadPlague","TheCursedMod:SmokeScreen"],"picked":"TheCursedMod:CollectTribute","floor":10.0},{"not_picked":["TheCursedMod:TacticalStrike","TheCursedMod:SpitefulStrike"],"picked":"TheCursedMod:SoulReap","floor":11.0},{"not_picked":["TheCursedMod:TacticalStrike","TheCursedMod:Grudge"],"picked":"TheCursedMod:WearCloak","floor":12.0},{"not_picked":["TheCursedMod:CursedMace","TheCursedMod:SpitefulStrike"],"picked":"TheCursedMod:ReleasedStrength","floor":14.0},{"not_picked":["TheCursedMod:NeowsMight","TheCursedMod:CollectTribute"],"picked":"TheCursedMod:AntiAging","floor":16.0},{"not_picked":["TheCursedMod:CircleOfAmplification","TheCursedMod:CircleOfFlame"],"picked":"TheCursedMod:CursedBlade","floor":18.0},{"not_picked":["TheCursedMod:VitalStrike","TheCursedMod:RavingStaff"],"picked":"TheCursedMod:SpreadPlague+1","floor":20.0},{"not_picked":["TheCursedMod:Obscuration","TheCursedMod:StingEye"],"picked":"TheCursedMod:SmokeScreen+1","floor":22.0},{"not_picked":["TheCursedMod:AbyssShockwave","TheCursedMod:Neurasthenia"],"picked":"TheCursedMod:LuckyCharm+1","floor":23.0},{"not_picked":["TheCursedMod:CircleOfWindfury","TheCursedMod:FuryStrike"],"picked":"TheCursedMod:CursedShiv","floor":27.0},{"not_picked":["TheCursedMod:CursedAmulet","TheCursedMod:VitalStrike+1"],"picked":"TheCursedMod:CursedBoomerang","floor":29.0},{"not_picked":["TheCursedMod:Obscuration","TheCursedMod:SoulReap"],"picked":"TheCursedMod:RapidMovement","floor":31.0},{"not_picked":["TheCursedMod:OutForBlood","TheCursedMod:AntiAging"],"picked":"TheCursedMod:ForbiddenAlchemy","floor":33.0},{"not_picked":["TheCursedMod:Stretching+1","TheCursedMod:SoulCrush+1"],"picked":"TheCursedMod:CursedShiv+1","floor":35.0},{"not_picked":["TheCursedMod:SaltUponWound","TheCursedMod:Grudge"],"picked":"TheCursedMod:LuckyCharm","floor":36.0},{"not_picked":["TheCursedMod:SaltUponWound+1","TheCursedMod:Obscuration"],"picked":"TheCursedMod:SurpriseAttack+1","floor":38.0},{"not_picked":["TheCursedMod:AntiAging","TheCursedMod:CursedBlade"],"picked":"TheCursedMod:RapidMovement+1","floor":39.0},{"not_picked":["TheCursedMod:CircleOfCorruption","TheCursedMod:Evocation"],"picked":"TheCursedMod:CursedBlade+1","floor":40.0},{"not_picked":["TheCursedMod:CircleOfCorruption","TheCursedMod:EmpowerCircles"],"picked":"TheCursedMod:DoubleShield+1","floor":42.0},{"not_picked":["TheCursedMod:RapidMovement+1","TheCursedMod:SurpriseAttack"],"picked":"TheCursedMod:ForbiddenAlchemy","floor":44.0},{"not_picked":["Replay:Sssssssssstrike","Finesse"],"picked":"Dark Shackles","floor":45.0},{"not_picked":["Purity","PanicButton"],"picked":"Secret Technique","floor":45.0}],"player_experience":1029345,"relics_obtained":[{"floor":6.0,"key":"Blue Candle"},{"floor":8.0,"key":"PreservedInsect"},{"floor":9.0,"key":"The Courier"},{"floor":13.0,"key":"Lizard Tail"},{"floor":14.0,"key":"Replay:Rubber Ducky"},{"floor":23.0,"key":"Strawberry"},{"floor":24.0,"key":"Simple Rune"},{"floor":26.0,"key":"TheCursedMod:Tack"},{"floor":27.0,"key":"TheCursedMod:DemonicMark"},{"floor":29.0,"key":"Replay:Bottled Flurry"},{"floor":31.0,"key":"TungstenRod"},{"floor":38.0,"key":"MawBank"},{"floor":40.0,"key":"Iron Hammer"},{"floor":43.0,"key":"Pet Ghost"},{"floor":44.0,"key":"Replay:WaspNest"}],"event_choices":[{"damage_healed":0.0,"max_hp_gain":0.0,"max_hp_loss":0.0,"gold_gain":0.0,"event_name":"FaceTrader","player_choice":"Trade","floor":2.0,"gold_loss":0.0,"damage_taken":0.0,"relics_obtained":["FaceOfCleric"]},{"damage_healed":0.0,"max_hp_gain":0.0,"max_hp_loss":0.0,"gold_gain":0.0,"event_name":"The Woman in Blue","player_choice":"Bought 2 Potions","floor":5.0,"gold_loss":0.0,"damage_taken":0.0},{"damage_healed":0.0,"max_hp_gain":0.0,"max_hp_loss":0.0,"gold_gain":0.0,"event_name":"Drug Dealer","player_choice":"Inject Mutagens","floor":19.0,"gold_loss":0.0,"damage_taken":0.0,"relics_obtained":["MutagenicStrength"]},{"damage_healed":0.0,"max_hp_gain":0.0,"max_hp_loss":0.0,"gold_gain":0.0,"event_name":"SensoryStone","player_choice":"Memory 2","floor":45.0,"gold_loss":0.0,"damage_taken":5.0},{"damage_healed":0.0,"max_hp_gain":0.0,"max_hp_loss":0.0,"gold_gain":0.0,"event_name":"MindBloom","player_choice":"Upgrade","floor":48.0,"gold_loss":0.0,"damage_taken":0.0,"cards_upgraded":["TheCursedMod:Strike_TheCursed","TheCursedMod:Strike_TheCursed","TheCursedMod:Strike_TheCursed","TheCursedMod:Strike_TheCursed","TheCursedMod:Defend_TheCursed","TheCursedMod:Defend_TheCursed","TheCursedMod:Defend_TheCursed","TheCursedMod:Defend_TheCursed","TheCursedMod:CursedWand","TheCursedMod:CleanUpWorkshop","TheCursedMod:SpitefulStrike","TheCursedMod:StunningStrike","TheCursedMod:CursedBlade","TheCursedMod:SpitefulStrike","TheCursedMod:SoulReap","TheCursedMod:ReleasedStrength","TheCursedMod:AntiAging","TheCursedMod:CursedBlade","TheCursedMod:SpitefulPlan","TheCursedMod:SpitefulPlan","TheCursedMod:CursedShiv","TheCursedMod:CursedBoomerang","TheCursedMod:ForbiddenAlchemy","TheCursedMod:LuckyCharm","TheCursedMod:LuckyCharm","TheCursedMod:ForbiddenAlchemy","Dark Shackles"],"relics_obtained":["Mark of the Bloom"]}],"is_beta":false,"boss_relics":[{"not_picked":["Replay:Wanted Poster","Snecko Eye"],"picked":"TheCursedMod:FourLeafCloverCharm"},{"not_picked":["ChewingGum","Empty Cage"],"picked":"TheCursedMod:OminousMark"}],"items_purged_floors":[],"is_endless":false,"potions_floor_spawned":[1,8,12,14,23,27,29,33,36,40],"ascension_level":9}}