{"host":"fbdlh90rovbiajun","time":1614453867,"event":{"mods":["AchievementEnabler","BaseMod","Colored Map","Keyboard Shortcuts","Minty Spire (QoL Compilation)","SuperFastMode"],"gold_per_floor":[112,129,18,18,36,36,52,52,52,52,62,62,77,152,152,257,257,268,268,12,12,32,32,32],"floor_reached":23,"language":"KOR","playtime":372,"items_purged":["Strike_P","Defend_P"],"score":290,"play_id":"086b1e5e-7082-4bd2-a8b2-a95fb369a01f","local_time":"20210228042427","is_ascension_mode":true,"campfire_choices":[{"data":"WheelKick","floor":6,"key":"SMITH"},{"data":"Vigilance","floor":8,"key":"SMITH"},{"floor":12,"key":"REST"},{"floor":15,"key":"REST"}],"circlet_count":0,"master_deck":["AscendersBane","Strike_P","Strike_P","Defend_P","Defend_P","Eruption+1","Vigilance+1","WheelKick+1","Halt","Omniscience","Indignation","Adaptation"],"relics":["PureWater","NeowsBlessing","Pantograph","VioletLotus","ClockworkSouvenir"],"acts_visited":["Exordium","TheCity"],"potions_floor_usage":[23],"damage_taken":[{"damage":0,"enemies":"Cultist","floor":1,"turns":1},{"damage":0,"enemies":"Jaw Worm","floor":2,"turns":1},{"damage":0,"enemies":"Small Slimes","floor":5,"turns":1},{"damage":23,"enemies":"Red Slaver","floor":7,"turns":2},{"damage":2,"enemies":"3 Louse","floor":11,"turns":2},{"damage":22,"enemies":"Looter","floor":13,"turns":2},{"damage":68,"enemies":"The Guardian","floor":16,"turns":7},{"damage":22,"enemies":"2 Thieves","floor":18,"turns":3},{"damage":0,"enemies":"Spheric Guardian","floor":22,"turns":1},{"damage":38,"enemies":"Gremlin Leader","floor":23,"turns":3}],"seed_played":"1982555756689650758","potions_obtained":[{"floor":2,"key":"Explosive Potion"},{"floor":5,"key":"BottledMiracle"}],"is_trial":false,"path_per_floor":["M","M","$","?","M","R","M","R","T","$","M","R","M","?","R","B",null,"M","?","$","?","M","E"],"character_chosen":"WATCHER","items_purchased":["WheelKick","ClockworkSouvenir"],"campfire_rested":2,"item_purchase_floors":[3,20],"current_hp_per_floor":[65,65,65,65,65,65,42,42,42,42,40,61,39,28,49,4,55,33,33,33,33,33,0,0],"gold":32,"neow_bonus":"THREE_ENEMY_KILL","is_daily":false,"chose_seed":false,"campfire_upgraded":2,"win_rate":0.0,"timestamp":1614453867,"path_taken":["M","M","?","?","?","R","?","R","T","?","M","R","M","?","R","BOSS","M","?","$","?","?","E"],"items_purchased_type":["Card","Relic"],"build_version":"2020-12-22","purchased_purges":2,"victory":false,"max_hp_per_floor":[72,72,72,72,72,72,72,72,72,72,72,72,72,72,72,72,72,72,72,72,72,72,72,72],"card_choices":[{"not_picked":["ClearTheMind","Weave","FollowUp"],"picked":"SKIP","floor":1},{"not_picked":["Prostrate","Weave","WreathOfFlame"],"picked":"SKIP","floor":2},{"not_picked":["SashWhip","Consecrate","Evaluate"],"picked":"SKIP","floor":5},{"not_picked":["Brilliance","Protect","Prostrate"],"picked":"SKIP","floor":7},{"not_picked":["FollowUp","Study","Omniscience"],"picked":"SKIP","floor":11},{"not_picked":["Indignation","Consecrate","ThirdEye"],"picked":"SKIP","floor":13},{"not_picked":["Evaluate","Consecrate"],"picked":"Halt","floor":18},{"not_picked":["ThirdEye","EmptyBody"],"picked":"Adaptation","floor":22}],"player_experience":152043,"relics_obtained":[{"floor":9,"key":"Pantograph"}],"event_choices":[{"damage_healed":0,"gold_gain":0,"player_choice":"Forge","damage_taken":0,"max_hp_gain":0,"max_hp_loss":0,"event_name":"Accursed Blacksmith","floor":4,"gold_loss":0,"cards_upgraded":["Eruption"]},{"damage_healed":0,"gold_gain":75,"player_choice":"Gather Gold","damage_taken":11,"max_hp_gain":0,"max_hp_loss":0,"event_name":"World of Goop","floor":14,"gold_loss":0},{"damage_healed":0,"gold_gain":0,"cards_transformed":["Strike_P","Defend_P"],"player_choice":"Became Test Subject","damage_taken":0,"max_hp_gain":0,"max_hp_loss":0,"event_name":"Drug Dealer","floor":19,"gold_loss":0,"cards_obtained":["Omniscience","Indignation"]},{"damage_healed":0,"gold_gain":0,"player_choice":"0 cards matched","damage_taken":0,"max_hp_gain":0,"max_hp_loss":0,"event_name":"Match and Keep!","floor":21,"gold_loss":0,"cards_obtained":[]}],"is_beta":false,"boss_relics":[{"not_picked":["Velvet Choker","Ectoplasm"],"picked":"VioletLotus"}],"items_purged_floors":[3,20],"is_endless":false,"potions_floor_spawned":[2,5,16,18],"killed_by":"Gremlin Leader","ascension_level":12}}