{"host":"Krys","time":1614401678,"event":{"mods":["BaseMod","BetterRewards","Infinite Spire","Marisa????????","Minty Spire (QoL Compilation)","Remilia??????","Replay The Spire","Shade Mod","StSLib","The Death Knight","The Marked","The Servant 0.9.4"],"gold_per_floor":[127,159,187,216,73,116,116,132,132,167,167,209,237,512,512,632,632,675,712,728,4,23,48,48,48,73,73,172,172,202,213,213,313,313,327,297,314,353,370,370,420,420,447,462,513,527,113,147,192,192,192],"floor_reached":50,"language":"ENG","playtime":5497,"items_purged":["Wraith"],"score":789,"play_id":"f192e578-2b27-473c-92ec-0308107a2714","local_time":"20210227015438","is_ascension_mode":false,"campfire_choices":[{"data":"PropBag","floor":7.0,"key":"SMITH"},{"data":"MysteriousBeam","floor":7.0,"key":"SMITH"},{"data":"Mayhem","floor":11.0,"key":"SMITH"},{"data":"MagicChant","floor":11.0,"key":"SMITH"},{"data":"MysteriousBeam","floor":15.0,"key":"SMITH"},{"data":"WitchOfGreed","floor":15.0,"key":"SMITH"},{"floor":25,"key":"RECALL"},{"floor":29,"key":"REST"},{"data":"MysteriousBeam","floor":40,"key":"SMITH"},{"data":"PropBag","floor":40,"key":"SMITH"}],"circlet_count":0,"master_deck":["Defend_MRS","Defend_MRS","Defend_MRS","Defend_MRS","MasterSpark","UpSweep","WitchOfGreed+1","DC","Mayhem+1","LuminesStrike+1","MysteriousBeam+1","IllusionStar","MagicChant+1","PropBag+1","UnstableBomb","ChargeUpSpray+1","MysteriousBeam+1","GrandCross","AbsoluteMagnitude","MysteriousBeam+1","EarthLightRay+1","SporeBomb","DarkMatter","MysteriousBeam+1","IllusionStar","PropBag+1","GalacticHalo+1","MachineGunSpark","BinaryStars","LuminesStrike+1","NonDirectionalLaser+1","GravityBeat+1","DeepEcoloBomb","MilkyWay","MillisecondPulsars+1","MysteriousBeam+1","GravityBeat+1","MysteriousBeam","PulseMagic","StarDustReverie","GrandCross+1","FairyDestructionRay+1"],"relics":["MiniHakkero","Replay:Arrowhead","Lizard Tail","Durian","ReplayTheSpireMod:TigerMarble","Snack Pack","Bottled Flame","Divine Protection","Empty Cage","Calipers","Replay:PocketPolymizer","Chemical X","Toy Ornithopter","Pet Ghost","MagicBroom","Garlic","ExperimentalFamiliar","Frozen Egg 2","Whetstone","Bag of Marbles","SimpleLauncher","infinitespire:Lucky Rock","ReplayTheSpireMod:Lightbulb","Blue Candle","Gremlin Horn"],"acts_visited":["Exordium","TheCity","TheBeyond"],"potions_floor_usage":[22,23,30,33,50,50],"damage_taken":[{"damage":0.0,"enemies":"Cultist","floor":1.0,"turns":3.0},{"damage":7.0,"enemies":"2 Louse","floor":2.0,"turns":2.0},{"damage":0.0,"enemies":"Jaw Worm","floor":3.0,"turns":1.0},{"damage":9.0,"enemies":"Large Slime","floor":4.0,"turns":4.0},{"damage":12.0,"enemies":"3 Sentries","floor":6.0,"turns":8.0},{"damage":6.0,"enemies":"3 Louse","floor":8.0,"turns":2.0},{"damage":26.0,"enemies":"Lagavulin","floor":10.0,"turns":4.0},{"damage":4.0,"enemies":"3 Sentries","floor":12.0,"turns":6.0},{"damage":0.0,"enemies":"Exordium Thugs","floor":13.0,"turns":3.0},{"damage":0.0,"enemies":"Slime Boss","floor":16.0,"turns":5.0},{"damage":0.0,"enemies":"Chosen","floor":18.0,"turns":5.0},{"damage":0.0,"enemies":"3 Byrds","floor":19.0,"turns":3.0},{"damage":4.0,"enemies":"Snake Plant","floor":20.0,"turns":2.0},{"damage":0,"enemies":"Centurion and Healer","floor":22,"turns":2},{"damage":76,"enemies":"Nightmare","floor":23,"turns":8},{"damage":7,"enemies":"Replay:Snechameleon","floor":30,"turns":2},{"damage":0,"enemies":"Cultist and Chosen","floor":31,"turns":2},{"damage":33,"enemies":"Automaton","floor":33,"turns":7},{"damage":0,"enemies":"3 Darklings","floor":35,"turns":3},{"damage":5,"enemies":"3 Shapes","floor":37,"turns":3},{"damage":0,"enemies":"3 Darklings","floor":38,"turns":2},{"damage":17,"enemies":"4 Shapes","floor":39,"turns":2},{"damage":30,"enemies":"Nemesis","floor":41,"turns":3},{"damage":5,"enemies":"Jaw Worm Horde","floor":44,"turns":3},{"damage":0,"enemies":"Maw","floor":46,"turns":2},{"damage":0,"enemies":"Reptomancer","floor":48,"turns":4},{"damage":105,"enemies":"LordOfAnnihilation","floor":50,"turns":10}],"seed_played":"890222262673446407","potions_obtained":[{"floor":1.0,"key":"Energy Potion"},{"floor":2.0,"key":"Fire Potion"},{"floor":2.0,"key":"LiquidBronze"},{"floor":3.0,"key":"Block Potion"},{"floor":4.0,"key":"EssenceOfSteel"},{"floor":8.0,"key":"FearPotion"},{"floor":12.0,"key":"EssenceOfSteel"},{"floor":13.0,"key":"SpeedPotion"},{"floor":16.0,"key":"LiquidBronze"},{"floor":18.0,"key":"DuplicationPotion"},{"floor":18.0,"key":"DeathKnight:RimePotion"},{"floor":20.0,"key":"DistilledChaos"},{"floor":31,"key":"LiquidBronze"},{"floor":33,"key":"Death Potion"},{"floor":36,"key":"SneckoOil"},{"floor":36,"key":"ColorlessPotion"},{"floor":37,"key":"Venom Potion"},{"floor":38,"key":"PowerPotion"},{"floor":39,"key":"Elixir"}],"is_trial":false,"path_per_floor":["M","M","M","M","$","E","R","M","T","E","R","E","M","?","R","B",null,"M","M","M","$","M","NM","?","R","T","?","?","R","E","M","R","B",null,"M","?","M","M","M","R","E","?","T","M","T","M","$","E","R","B"],"character_chosen":"MARISA","items_purchased":["Replay:Arrowhead","WitchOfGreed","DC","Mayhem","ReplayTheSpireMod:TigerMarble","Calipers","Replay:PocketPolymizer","Chemical X","SimpleLauncher","MysteriousBeam"],"campfire_rested":1,"item_purchase_floors":[0,0,0,0,5,21,21,21,47,47],"current_hp_per_floor":[37,30,30,21,21,9,9,5,5,29,29,41,41,41,41,47,80,80,80,80,80,80,16,16,16,16,16,16,40,42,48,72,49,80,80,80,77,80,63,63,41,41,41,46,46,56,56,74,42,0,0],"gold":192,"neow_bonus":"","is_daily":false,"chose_seed":false,"campfire_upgraded":8,"win_rate":0.0,"timestamp":1614401678,"path_taken":["M","?","?","M","$","E","R","M","T","E","R","E","M","?","R","BOSS","M","?","M","$","M","NM","?","R","T","?","?","R","E","M","R","BOSS","M","?","M","?","M","R","E","?","T","M","?","M","?","E","R","BOSS"],"items_purchased_type":["Relic","Card","Card","Card","Relic","Relic","Relic","Relic","Relic","Card"],"build_version":"2020-11-17","purchased_purges":1,"victory":false,"max_hp_per_floor":[80,80,80,80,80,80,80,80,80,80,80,80,80,80,80,80,80,80,80,80,80,80,80,80,80,80,80,80,80,80,80,80,80,80,80,80,80,80,80,80,80,80,80,80,80,80,80,80,80,80,80],"card_choices":[{"not_picked":["OrrerysSun","OneTimeOff"],"picked":"LuminesStrike","floor":1.0},{"not_picked":["6A","PowerUp"],"picked":"MysteriousBeam","floor":2.0},{"not_picked":["DC","UnstableBomb"],"picked":"IllusionStar","floor":3.0},{"not_picked":["WitchLeyline","GravityBeat"],"picked":"MagicChant","floor":4.0},{"not_picked":["OpenUniverse","EventHorizon"],"picked":"PropBag","floor":6.0},{"not_picked":["ManaConvection","LuminesStrike"],"picked":"UnstableBomb","floor":8.0},{"not_picked":["SprinkleStarSeal","PowerUp"],"picked":"ChargeUpSpray","floor":10.0},{"not_picked":["CollectingQuirk","GalacticHalo"],"picked":"MysteriousBeam","floor":12.0},{"not_picked":["Acceleration","WitchOfGreed"],"picked":"GrandCross","floor":13.0},{"not_picked":["SuperNova","BigCrunch"],"picked":"AbsoluteMagnitude","floor":16.0},{"not_picked":["ShootingEcho","IllusionStar"],"picked":"MysteriousBeam","floor":18.0},{"not_picked":["GrandCross+1","UnstableBomb+1"],"picked":"EarthLightRay+1","floor":19.0},{"not_picked":["ShootingEcho","IllusionStar"],"picked":"SporeBomb","floor":20.0},{"not_picked":["ManaConvection","6A"],"picked":"DarkMatter","floor":22},{"not_picked":["WitchLeyline","ChargingUp+1"],"picked":"MysteriousBeam+1","floor":23},{"not_picked":["MeteoricShower","RefractionSpark"],"picked":"PropBag","floor":30},{"not_picked":["AlicesGift","EnergyFlow"],"picked":"GalacticHalo+1","floor":31},{"not_picked":["JA","SatelliteIllusion"],"picked":"BinaryStars","floor":33},{"not_picked":["RefractionSpark","GalacticHalo+1"],"picked":"LuminesStrike+1","floor":35},{"not_picked":["LuminesStrike","ShootingEcho+1"],"picked":"NonDirectionalLaser+1","floor":37},{"not_picked":["ManaConvection","BinaryStars"],"picked":"GravityBeat+1","floor":38},{"not_picked":["SporeBomb","WitchOfGreed+1"],"picked":"DeepEcoloBomb","floor":39},{"not_picked":["MilkyWay","DC+1"],"picked":"MillisecondPulsars+1","floor":41},{"not_picked":["WitchLeyline","AsteroidBelt"],"picked":"MysteriousBeam+1","floor":44},{"not_picked":["MeteoricShower+1","WitchOfGreed+1"],"picked":"GravityBeat+1","floor":46},{"not_picked":["GrandCross","EscapeVelocity+1"],"picked":"PulseMagic","floor":48},{"not_picked":["DC","UnstableBomb"],"picked":"GrandCross+1","floor":49},{"not_picked":["6A+1","StarBarrage+1"],"picked":"FairyDestructionRay+1","floor":49}],"player_experience":44226,"relics_obtained":[{"floor":6.0,"key":"Snack Pack"},{"floor":10.0,"key":"Bottled Flame"},{"floor":12.0,"key":"Divine Protection"},{"floor":23,"key":"Toy Ornithopter"},{"floor":26,"key":"Pet Ghost"},{"floor":30,"key":"Garlic"},{"floor":41,"key":"Frozen Egg 2"},{"floor":43,"key":"Whetstone"},{"floor":45,"key":"Bag of Marbles"},{"floor":48,"key":"infinitespire:Lucky Rock"},{"floor":49,"key":"ReplayTheSpireMod:Lightbulb"}],"event_choices":[{"damage_healed":0.0,"max_hp_gain":0.0,"max_hp_loss":0.0,"gold_gain":275.0,"event_name":"Golden Shrine","player_choice":"Desecrate","floor":14.0,"gold_loss":0.0,"damage_taken":0.0,"cards_obtained":["Regret"]},{"damage_healed":0,"gold_gain":0,"player_choice":"Opened","damage_taken":0,"relics_obtained":["MagicBroom"],"max_hp_gain":0,"max_hp_loss":0,"event_name":"The Mausoleum","floor":27,"gold_loss":0},{"damage_healed":0,"gold_gain":99,"player_choice":"Stole From Cult","damage_taken":0,"max_hp_gain":0,"max_hp_loss":0,"event_name":"Nest","floor":28,"gold_loss":0},{"damage_healed":0,"gold_gain":0,"player_choice":"Bought 2 Potions","damage_taken":0,"max_hp_gain":0,"max_hp_loss":0,"event_name":"The Woman in Blue","floor":36,"gold_loss":0},{"damage_healed":0,"gold_gain":0,"player_choice":"Ignored","damage_taken":0,"max_hp_gain":0,"max_hp_loss":0,"event_name":"OrinTheCat","floor":42,"gold_loss":0}],"is_beta":true,"boss_relics":[{"not_picked":["Runic Dome","Abe\u0027s Treasure"],"picked":"Empty Cage"},{"not_picked":["Velvet Choker","infinitespire:Cupcake"],"picked":"ExperimentalFamiliar"}],"items_purged_floors":[47],"is_endless":true,"potions_floor_spawned":[2,4,8,12,18,20,31,33,37,38,39,41,44],"killed_by":"LordOfAnnihilation","ascension_level":0}}