{"host":"wbs0wzz0alz01mnq","time":1614458236,"event":{"mods":["2.2 Compatiblity","AchievementEnabler","BaseMod","Bestiary","Colored Map","Colored Powertips","Curses Come First","Dark Map","DeckTracker","GifTheSpireLib","Googly Eyes","Highlight Path","Minty Spire (QoL Compilation)","Morshu Shopkeeper - ENHANCED","Permanent Neow","Quick Restart","RNG Fix","Rare Cards Sparkle","Relic Stats","Smile Girya","StSLib","The Dragon Tamer","UnlockEverythingMod","Waifu the Spire","Weighted Paths"],"gold_per_floor":[115,128,145,30,205,237,253,253,332,332,350,408,408,373,373,373,373,373],"floor_reached":16,"language":"ENG","playtime":1019,"items_purged":[],"score":100,"play_id":"9f96f2b3-83fc-47f8-b5e8-f4db8c6b5b4b","local_time":"20210227153716","is_ascension_mode":false,"metric_token":1619,"campfire_choices":[{"floor":8,"key":"REST"},{"data":"DTMod:DragonDance","floor":10,"key":"SMITH"},{"data":"DTMod:MagiciansMark","floor":15,"key":"SMITH"}],"dtmod_dragon_data":[50,50,-1,-1,0,0],"circlet_count":0,"master_deck":["DTMod:Strike","DTMod:Strike","DTMod:Strike","DTMod:DoubleHit","DTMod:TargetDefense","DTMod:TargetDefense","DTMod:TargetDefense","DTMod:TargetDefense","DTMod:SwitchingTactic","DTMod:HeatWave","DTMod:SneakAttack","DTMod:RunningTactic","DTMod:DragonDance+1","DTMod:Haste","Doubt","DTMod:PurifyingFlame","DTMod:RepeatStrike","DTMod:Threaten","DTMod:RunningTactic","DTMod:MagiciansMark+1"],"relics":["DTMod:PactStone","PreservedInsect","Kunai","Bag of Preparation"],"acts_visited":["Exordium"],"potions_floor_usage":[12,12,12,12,12,12,16],"damage_taken":[{"damage":0,"enemies":"Cultist","floor":1,"turns":4},{"damage":0,"enemies":"2 Louse","floor":2,"turns":3},{"damage":6,"enemies":"Jaw Worm","floor":3,"turns":2},{"damage":5,"enemies":"Gremlin Nob","floor":6,"turns":5},{"damage":29,"enemies":"Exordium Thugs","floor":7,"turns":7},{"damage":1,"enemies":"Exordium Wildlife","floor":11,"turns":3},{"damage":4,"enemies":"3 Sentries","floor":12,"turns":3},{"damage":24,"enemies":"The Guardian","floor":16,"turns":3}],"seed_played":"-5067622188215264981","potions_obtained":[{"floor":0,"key":"DuplicationPotion"},{"floor":0,"key":"ColorlessPotion"},{"floor":0,"key":"EntropicBrew"},{"floor":1,"key":"GamblersBrew"},{"floor":2,"key":"Ancient Potion"},{"floor":12,"key":"DuplicationPotion"}],"is_trial":false,"path_per_floor":["M","M","M","$","?","E","M","R","T","R","M","?","?","?","R","B"],"character_chosen":"THE_DT","items_purchased":["DTMod:DragonDance","DTMod:Haste"],"campfire_rested":1,"item_purchase_floors":[4,4],"current_hp_per_floor":[45,45,39,39,39,34,5,18,18,18,17,13,13,24,24,0,0,0],"gold":373,"neow_bonus":"THREE_SMALL_POTIONS","is_daily":false,"chose_seed":false,"campfire_upgraded":2,"win_rate":0.0,"timestamp":1614458236,"path_taken":["M","?","M","$","?","E","M","R","T","R","?","?","?","?","R","BOSS"],"items_purchased_type":["Card","Card"],"build_version":"2020-12-22","purchased_purges":0,"victory":false,"max_hp_per_floor":[45,45,45,45,45,45,45,45,45,45,45,45,45,45,45,45,45,45],"relic_stats":{"counters":[8,30],"PreservedInsect":30,"Bag of Preparation":[4],"Kunai":[3],"obtain_stats":[{"DTMod:PactStone":0,"PreservedInsect":6,"Bag of Preparation":12,"Kunai":9},{"DTMod:PactStone":0,"PreservedInsect":4,"Bag of Preparation":6,"Kunai":5},{"DTMod:PactStone":0,"PreservedInsect":14,"Bag of Preparation":24,"Kunai":21}]},"card_choices":[{"not_picked":["DTMod:ComboAttack","DTMod:Hide"],"picked":"DTMod:HeatWave","floor":1},{"not_picked":["DTMod:BurningEnergy","DTMod:Weaken"],"picked":"DTMod:SneakAttack","floor":2},{"not_picked":["DTMod:BizarreTactic","DTMod:BuildUp"],"picked":"DTMod:RunningTactic","floor":3},{"not_picked":["DTMod:BlazingStrike","DTMod:Coolant"],"picked":"DTMod:PurifyingFlame","floor":6},{"not_picked":["DTMod:BizarreTactic","DTMod:BlueScale"],"picked":"DTMod:RepeatStrike","floor":7},{"not_picked":["DTMod:Cover","DTMod:QuickFly"],"picked":"DTMod:Threaten","floor":11},{"not_picked":["DTMod:BlazingStrike","DTMod:Conduct"],"picked":"DTMod:RunningTactic","floor":12}],"player_experience":57728,"relics_obtained":[{"floor":6,"key":"PreservedInsect"},{"floor":9,"key":"Kunai"}],"event_choices":[{"damage_healed":0,"gold_gain":175,"player_choice":"AGREE","damage_taken":0,"max_hp_gain":0,"max_hp_loss":0,"event_name":"Liars Game","floor":5,"gold_loss":0,"cards_obtained":["Doubt"]},{"damage_healed":0,"gold_gain":0,"player_choice":"Searched \u00272\u0027 times","damage_taken":0,"relics_obtained":["Bag of Preparation"],"max_hp_gain":0,"max_hp_loss":0,"event_name":"Dead Adventurer","floor":12,"gold_loss":0},{"damage_healed":0,"gold_gain":0,"cards_transformed":["DTMod:Strike"],"player_choice":"Transformed","damage_taken":0,"max_hp_gain":0,"max_hp_loss":0,"event_name":"Transmorgrifier","floor":13,"gold_loss":0,"cards_obtained":["DTMod:MagiciansMark"]},{"damage_healed":11,"gold_gain":0,"player_choice":"Healed","damage_taken":0,"max_hp_gain":0,"max_hp_loss":0,"event_name":"The Cleric","floor":14,"gold_loss":35}],"is_beta":false,"boss_relics":[],"items_purged_floors":[],"is_endless":false,"potions_floor_spawned":[1,2,7,11,12],"killed_by":"The Guardian","ascension_level":0}}