{"host":"7xbu8gt067z192g2","time":1614410353,"event":{"mods":["BaseMod","Better Note","BetterRewards","Colored Map","Colored Powertips","Downfall","Googly Eyes","Highlight Path","Infinite Spire","Minty Spire (QoL Compilation)","Rare Cards Sparkle","Replay The Spire","StSLib"],"gold_per_floor":[116,128,128,128,155,188,2,2,25,58,89,101,113,139,151,286,298,333,345,357,389,426,479,505,557,569,602,614,661,673,710,722,860,872,902,933,837,873,904,955,967,581,581,625,639,975,975,995,995,995,995,995,577,615,615,615],"floor_reached":55,"language":"ENG","playtime":2006,"items_purged":["Strike_R","Strike_R","Strike_R"],"score":1183,"play_id":"ae1add8f-0114-4fda-9648-15d6c5bd653a","local_time":"20210227021913","is_ascension_mode":true,"campfire_choices":[{"data":"Bludgeon","floor":8,"key":"SMITH"},{"data":"Twin Strike","floor":12,"key":"SMITH"},{"data":"Battle Trance","floor":15,"key":"SMITH"},{"data":"Double Tap","floor":28,"key":"SMITH"},{"data":"Immolate","floor":30,"key":"SMITH"},{"floor":49,"key":"REST"},{"floor":49,"key":"RECALL"},{"data":"Limit Break","floor":52,"key":"SMITH"}],"circlet_count":0,"master_deck":["Defend_R","Defend_R","Defend_R","Defend_R","Bash","Anger","Bludgeon+1","Battle Trance+1","Twin Strike+1","Shrug It Off","Fiend Fire","Immolate+1","Blood for Blood","Dual Wield+1","Double Tap+1","Languid","Pommel Strike+1","J.A.X.+1","Limit Break+1","Pummel+1","downfall:Icky","Reaper","Parasite","Shockwave","Burning Pact+1","Corruption","Sword Boomerang","Languid","Secret Technique","Flame Barrier+1"],"relics":["Black Blood","NeowsBlessing","Golden Idol","Replay:Mystery Machine","Unceasing Top","Membership Card","Vajra","MawBank","Tiny Chest","Cursed Key","Snecko Eye","infinitespire:FocusingShard","Pondfish Scales","Singing Bowl","infinitespire:Beetle Shell","Ancient Tea Set","infinitespire:Magic Flask","infinitespire:Bottled Soul","HandDrill","Anchor","Eternal Feather","Letter Opener","Old Coin","Nunchaku","DollysMirror","Lantern","infinitespire:Golems Mask"],"acts_visited":["Exordium","TheCity","TheBeyond","TheEnding"],"potions_floor_usage":[14,40,50,54,55,55,55],"damage_taken":[{"damage":0,"enemies":"Jaw Worm","floor":1,"turns":1},{"damage":0,"enemies":"2 Louse","floor":2,"turns":1},{"damage":0,"enemies":"Gremlin Nob","floor":6,"turns":1},{"damage":15,"enemies":"Lagavulin","floor":10,"turns":5},{"damage":0,"enemies":"Small Slimes","floor":11,"turns":2},{"damage":6,"enemies":"Exordium Thugs","floor":14,"turns":3},{"damage":25,"enemies":"Fading Forest","floor":16,"turns":11},{"damage":12,"enemies":"3 Byrds","floor":18,"turns":4},{"damage":12,"enemies":"Chosen","floor":21,"turns":3},{"damage":0,"enemies":"Snecko","floor":22,"turns":2},{"damage":17,"enemies":"Book of Stabbing","floor":23,"turns":3},{"damage":0,"enemies":"Centurion and Healer","floor":24,"turns":2},{"damage":0,"enemies":"Gremlin Leader","floor":25,"turns":2},{"damage":8,"enemies":"Shelled Parasite and Fungi","floor":27,"turns":2},{"damage":16,"enemies":"Replay:Snechameleon","floor":29,"turns":2},{"damage":0,"enemies":"Snecko","floor":31,"turns":1},{"damage":13,"enemies":"Champ","floor":33,"turns":6},{"damage":0,"enemies":"3 Darklings","floor":35,"turns":2},{"damage":21,"enemies":"3 Shapes","floor":36,"turns":3},{"damage":0,"enemies":"3 Darklings","floor":38,"turns":2},{"damage":18,"enemies":"Maw","floor":39,"turns":3},{"damage":38,"enemies":"Reptomancer","floor":40,"turns":4},{"damage":33,"enemies":"Giant Head","floor":44,"turns":6},{"damage":17,"enemies":"4 Shapes","floor":45,"turns":2},{"damage":53,"enemies":"R_Hoarder","floor":46,"turns":7},{"damage":0,"enemies":"Sphere and 2 Shapes","floor":48,"turns":2},{"damage":94,"enemies":"Donu and Deca","floor":50,"turns":6},{"damage":102,"enemies":"Shield and Spear","floor":54,"turns":5},{"damage":18,"enemies":"The Heart","floor":55,"turns":2}],"seed_played":"2315167367485157760","potions_obtained":[{"floor":1,"key":"Guardian:BlockOnCardUsePotion"},{"floor":2,"key":"Fruit Juice"},{"floor":16,"key":"Reflective Coating"},{"floor":18,"key":"sneckomod:MuddlingPotion"},{"floor":44,"key":"SteroidPotion"},{"floor":54,"key":"Swift Potion"}],"is_trial":false,"path_per_floor":["M","M","?","?","T","E","$","R","T","E","M","R","?","M","R","B",null,"M","AVR","?","M","M","E","M","E","T","M","R","E","R","M","R_BF","B",null,"M","M","?","M","M","E","T","$","T","E","M","E","?","M","R_BF","B",null,"R","$","E","B"],"character_chosen":"IRONCLAD","items_purchased":["Membership Card","Reaper","infinitespire:Bottled Soul","HandDrill","Anchor","Nunchaku","Sword Boomerang","DollysMirror","Lantern","Secret Technique","PowerPotion"],"campfire_rested":1,"item_purchase_floors":[7,42,42,42,42,53,53,53,53,53,53],"current_hp_per_floor":[78,80,80,74,74,74,74,74,74,65,71,71,68,73,73,60,74,68,68,68,62,68,57,63,69,69,69,69,61,61,67,67,60,77,85,78,78,89,83,59,59,59,59,46,88,47,47,61,93,93,93,93,93,13,0,0],"gold":615,"neow_bonus":"THREE_ENEMY_KILL","is_daily":false,"chose_seed":false,"campfire_upgraded":6,"win_rate":0.0,"timestamp":1614410353,"path_taken":["M","M","?","?","?","E","?","R","T","E","M","R","?","M","R","BOSS","M","AVR","?","M","?","E","M","E","T","M","R","E","R","M","R_BF","BOSS","M","M","?","M","M","E","?","$","T","E","M","E","?","?","R_BF","BOSS","R","$","E","BOSS"],"items_purchased_type":["Relic","Card","Relic","Relic","Relic","Relic","Card","Relic","Relic","Card","Potion"],"build_version":"2020-12-22","purchased_purges":3,"victory":false,"max_hp_per_floor":[80,80,80,74,74,74,74,74,74,74,74,74,74,79,79,79,79,79,79,79,79,79,79,79,79,79,81,81,83,83,83,83,83,83,85,87,87,89,89,91,91,91,91,91,91,91,91,93,93,93,93,93,93,93,93,93],"card_choices":[{"not_picked":["Iron Wave","Replay:Undeath\u0027s Touch"],"picked":"Anger","floor":1},{"not_picked":["Body Slam","Replay:Undeath\u0027s Touch"],"picked":"Bludgeon","floor":2},{"not_picked":["Anger","ReplayTheSpireMod:Limb From Limb"],"picked":"Battle Trance","floor":6},{"not_picked":["ReplayTheSpireMod:Corrosion Curse","Warcry"],"picked":"Twin Strike","floor":10},{"not_picked":["Second Wind","ReplayReversal"],"picked":"Shrug It Off","floor":11},{"not_picked":["Wild Strike","Flex"],"picked":"Fiend Fire","floor":14},{"not_picked":["Exhume","Eclipse"],"picked":"Immolate","floor":16},{"not_picked":["Abandon+1","Carnage"],"picked":"Blood for Blood","floor":18},{"not_picked":["Flex","Clothesline+1","Havoc"],"picked":"SKIP","floor":21},{"not_picked":["Shrug It Off","True Grit"],"picked":"Dual Wield+1","floor":22},{"not_picked":["Run Through","Dropkick"],"picked":"Double Tap","floor":23},{"not_picked":["Seeing Red","Replay:Undeath\u0027s Touch","Evolve"],"picked":"SKIP","floor":24},{"not_picked":["ReplayTheSpireMod:LeadingStrike","Entrench","Anger"],"picked":"SKIP","floor":25},{"not_picked":["Heavy Blade+1","Metallicize+1","Carnage"],"picked":"Singing Bowl","floor":27},{"not_picked":["Replay:Undeath\u0027s Touch","Seeing Red","Warcry"],"picked":"Singing Bowl","floor":29},{"not_picked":["Burning Pact","Clothesline+1"],"picked":"Pommel Strike+1","floor":31},{"not_picked":["Offering","Immolate"],"picked":"Limit Break","floor":33},{"not_picked":["Intimidate","Ghostly Armor+1","Infernal Blade"],"picked":"Singing Bowl","floor":35},{"not_picked":["Wild Strike+1","ReplayTheSpireMod:Strike From Hell+1","Evolve"],"picked":"Singing Bowl","floor":36},{"not_picked":["Perfected Strike","Infernal Blade","ReplayTheSpireMod:Stacked"],"picked":"Singing Bowl","floor":38},{"not_picked":["Shrug It Off","ReplayTheSpireMod:Limb From Limb"],"picked":"Pummel+1","floor":39},{"not_picked":["Double Tap","Eclipse","Uppercut+1"],"picked":"Singing Bowl","floor":40},{"not_picked":["Clash","Rampage+1"],"picked":"Shockwave","floor":44},{"not_picked":["Armaments+1","Clash"],"picked":"Burning Pact+1","floor":45},{"not_picked":["Second Wind","Havoc+1"],"picked":"Corruption","floor":46},{"not_picked":["Havoc","Armaments","True Grit"],"picked":"Singing Bowl","floor":48},{"not_picked":["Twin Strike","Limit Break"],"picked":"Flame Barrier+1","floor":54}],"player_experience":236771,"relics_obtained":[{"floor":5,"key":"Replay:Mystery Machine"},{"floor":6,"key":"Unceasing Top"},{"floor":9,"key":"Vajra"},{"floor":10,"key":"MawBank"},{"floor":23,"key":"infinitespire:FocusingShard"},{"floor":25,"key":"Pondfish Scales"},{"floor":26,"key":"Singing Bowl"},{"floor":29,"key":"infinitespire:Beetle Shell"},{"floor":40,"key":"infinitespire:Magic Flask"},{"floor":43,"key":"Eternal Feather"},{"floor":44,"key":"Letter Opener"},{"floor":46,"key":"Old Coin"},{"floor":54,"key":"infinitespire:Golems Mask"}],"event_choices":[{"damage_healed":0,"gold_gain":0,"player_choice":"Lose Max HP","damage_taken":0,"relics_obtained":["Golden Idol"],"max_hp_gain":0,"max_hp_loss":6,"event_name":"Golden Idol","floor":4,"gold_loss":0},{"damage_healed":0,"gold_gain":0,"player_choice":"Success","damage_taken":3,"relics_obtained":["Tiny Chest"],"max_hp_gain":0,"max_hp_loss":0,"event_name":"Scrap Ooze","floor":13,"gold_loss":0},{"cards_removed":["Strike_R"],"damage_healed":0,"gold_gain":0,"player_choice":"Purged","damage_taken":0,"max_hp_gain":0,"max_hp_loss":0,"event_name":"Purifier","floor":20,"gold_loss":0},{"damage_healed":0,"gold_gain":0,"player_choice":"Obtain J.A.X.","damage_taken":0,"max_hp_gain":0,"max_hp_loss":0,"event_name":"Drug Dealer","floor":32,"gold_loss":0,"cards_obtained":["J.A.X."]},{"damage_healed":0,"gold_gain":0,"player_choice":"Paid Gold","damage_taken":0,"relics_obtained":["Ancient Tea Set"],"max_hp_gain":0,"max_hp_loss":0,"event_name":"WeMeetAgain","floor":37,"gold_loss":108},{"damage_healed":0,"gold_gain":0,"player_choice":"Upgraded","damage_taken":0,"max_hp_gain":0,"max_hp_loss":0,"event_name":"Upgrade Shrine","floor":47,"gold_loss":0,"cards_upgraded":["J.A.X."]}],"is_beta":false,"boss_relics":[{"not_picked":["SlaversCollar","Coffee Dripper"],"picked":"Cursed Key"},{"not_picked":["Velvet Choker","infinitespire:Cupcake"],"picked":"Black Blood"}],"items_purged_floors":[7,42,53],"is_endless":false,"potions_floor_spawned":[1,2,16,18,23,24,25,27,33,36,44,45,48,54],"killed_by":"The Heart","ascension_level":6}}