{"host":"d2gh6suihlstufn7","time":1614412791,"event":{"mods":["AchievementEnabler","BaseMod","Colored Map","Colored Powertips","Minty Spire (QoL Compilation)","Permanent Neow","Quick Restart","Shop Mod","StSLib","SuperFastMode","everything is the same but u backflip on backflip"],"gold_per_floor":[116,66,115,190,200,200,15,15,15,27,42,42,52,52,52,156,156,173,184,184,184,184,184,184],"floor_reached":23,"language":"KOR","playtime":354,"items_purged":[],"score":179,"play_id":"147e825e-e1be-49cf-998d-aac9b8912229","local_time":"20210227165951","is_ascension_mode":false,"campfire_choices":[{"data":"Combust","floor":6,"key":"SMITH"},{"data":"Shockwave","floor":8,"key":"SMITH"},{"floor":15,"key":"REST"}],"circlet_count":0,"master_deck":["Strike_R","Strike_R","Strike_R","Strike_R","Strike_R","Defend_R","Defend_R","Defend_R","Bash","Combust+1","Shockwave+1","Inflame","Seeing Red","Berserk+1","Seeing Red+1"],"relics":["Burning Blood","Juzu Bracelet","Art of War","Chemical X","StoneCalendar","Philosopher\u0027s Stone","Bird Faced Urn"],"acts_visited":["Exordium","TheCity"],"potions_floor_usage":[16,23,23,23,23,23,23],"damage_taken":[{"damage":5,"enemies":"Small Slimes","floor":1,"turns":3},{"damage":13,"enemies":"Jaw Worm","floor":5,"turns":2},{"damage":6,"enemies":"2 Louse","floor":10,"turns":3},{"damage":7,"enemies":"Blue Slaver","floor":11,"turns":3},{"damage":29,"enemies":"Exordium Thugs","floor":13,"turns":3},{"damage":58,"enemies":"The Guardian","floor":16,"turns":8},{"damage":20,"enemies":"Chosen","floor":18,"turns":5},{"damage":52,"enemies":"3 Byrds","floor":19,"turns":4},{"damage":24,"enemies":"Slavers","floor":23,"turns":2}],"seed_played":"-432685804887748730","potions_obtained":[{"floor":1,"key":"Ancient Potion"},{"floor":10,"key":"Block Potion"},{"floor":18,"key":"SteroidPotion"},{"floor":19,"key":"Fire Potion"},{"floor":21,"key":"EntropicBrew"}],"is_trial":false,"path_per_floor":["M","?","T","?","M","R","$","R","T","M","M","$","M","$","R","B",null,"M","M","?","?","?","E"],"character_chosen":"IRONCLAD","items_purchased":["Chemical X","Shockwave"],"campfire_rested":1,"item_purchase_floors":[7,7],"current_hp_per_floor":[80,80,80,69,62,62,62,62,62,62,61,61,38,38,62,10,80,66,20,20,20,20,0,0],"gold":184,"neow_bonus":"RANDOM_COMMON_RELIC","is_daily":false,"chose_seed":false,"campfire_upgraded":2,"win_rate":0.0,"timestamp":1614412791,"path_taken":["M","?","?","?","M","R","$","R","T","M","M","$","M","?","R","BOSS","M","M","?","?","?","E"],"items_purchased_type":["Relic","Card"],"build_version":"2020-12-22","purchased_purges":0,"victory":false,"max_hp_per_floor":[80,80,80,80,80,80,80,80,80,80,80,80,80,80,80,80,80,80,80,80,80,80,80,80],"card_choices":[{"not_picked":["Pummel","Sword Boomerang"],"picked":"Combust","floor":1},{"not_picked":["Hemokinesis","Combust","Entrench"],"picked":"SKIP","floor":5},{"not_picked":["Thunderclap","Anger","Dark Embrace"],"picked":"SKIP","floor":10},{"not_picked":["Rupture","Havoc"],"picked":"Inflame","floor":11},{"not_picked":["Thunderclap","Headbutt"],"picked":"Seeing Red","floor":13},{"not_picked":["Corruption","Exhume"],"picked":"Berserk","floor":16},{"not_picked":["Shrug It Off","Body Slam","Intimidate"],"picked":"SKIP","floor":18},{"not_picked":["Sword Boomerang","Burning Pact"],"picked":"Seeing Red+1","floor":19}],"player_experience":72060,"relics_obtained":[{"floor":3,"key":"Art of War"},{"floor":9,"key":"StoneCalendar"}],"event_choices":[{"cards_removed":["Defend_R"],"damage_healed":0,"gold_gain":0,"player_choice":"Card Removal","damage_taken":0,"max_hp_gain":0,"max_hp_loss":0,"event_name":"The Cleric","floor":2,"gold_loss":50},{"damage_healed":0,"gold_gain":75,"player_choice":"Gather Gold","damage_taken":11,"max_hp_gain":0,"max_hp_loss":0,"event_name":"World of Goop","floor":4,"gold_loss":0},{"damage_healed":0,"gold_gain":0,"player_choice":"Forge","damage_taken":0,"max_hp_gain":0,"max_hp_loss":0,"event_name":"Accursed Blacksmith","floor":20,"gold_loss":0,"cards_upgraded":["Berserk"]},{"damage_healed":0,"gold_gain":0,"player_choice":"Got Potions","damage_taken":0,"max_hp_gain":0,"max_hp_loss":0,"event_name":"Lab","floor":21,"gold_loss":0},{"damage_healed":0,"gold_gain":0,"player_choice":"Opened","damage_taken":0,"relics_obtained":["Bird Faced Urn"],"max_hp_gain":0,"max_hp_loss":0,"event_name":"The Mausoleum","floor":22,"gold_loss":0}],"is_beta":false,"boss_relics":[{"not_picked":["Tiny House","Snecko Eye"],"picked":"Philosopher\u0027s Stone"}],"items_purged_floors":[],"is_endless":false,"potions_floor_spawned":[1,10,18,19],"killed_by":"Slavers","ascension_level":0}}