{"host":"bx54wbx1b8s5cm4v","time":1614434492,"event":{"mods":["BaseMod","Beaked The Cultist","GifTheSpireLib","Hubris","Minty Spire (QoL Compilation)","StSLib","The Blackbeard","The Forsaken","The Necromancer","The Servant 0.9.4"],"gold_per_floor":[117,135,135,135,150,189,189,189,189],"floor_reached":8,"language":"ENG","playtime":1438,"items_purged":[],"score":59,"play_id":"62bd5218-0ead-4626-ac38-5c3583faa8c8","local_time":"20210227110132","is_ascension_mode":true,"campfire_choices":[],"circlet_count":0,"master_deck":["blackbeard:BlackbeardStrike","blackbeard:BlackbeardStrike","blackbeard:BlackbeardStrike","blackbeard:BlackbeardStrike","blackbeard:IntimidatingStrike","blackbeard:BlackbeardDefend","blackbeard:BlackbeardDefend","blackbeard:BlackbeardDefend","blackbeard:BlackbeardDefend","blackbeard:Cutlass+1","blackbeard:Sword","blackbeard:PiratesWill","blackbeard:TacticalRetreat","blackbeard:Toast"],"relics":["blackbeard:LoadTheCannons","Golden Idol","FaceOfCleric","Shovel"],"acts_visited":["Exordium"],"potions_floor_usage":[8],"damage_taken":[{"damage":0,"enemies":"Cultist","floor":1,"turns":3},{"damage":7,"enemies":"Small Slimes","floor":2,"turns":3},{"damage":1,"enemies":"Jaw Worm","floor":5,"turns":4},{"damage":33,"enemies":"Lagavulin","floor":6,"turns":8},{"damage":24,"enemies":"Gremlin Nob","floor":8,"turns":4}],"seed_played":"-8154052899673346135","potions_obtained":[{"floor":2,"key":"SneckoOil"}],"is_trial":false,"path_per_floor":["M","M","?","?","M","E","?","E"],"character_chosen":"BLACKBEARD_CLASS","items_purchased":[],"campfire_rested":0,"item_purchase_floors":[],"current_hp_per_floor":[82,75,55,55,55,23,23,0,0],"gold":189,"neow_bonus":"TEN_PERCENT_HP_BONUS","is_daily":false,"chose_seed":false,"campfire_upgraded":0,"win_rate":0.0,"timestamp":1614434492,"path_taken":["M","?","?","?","?","E","?","E"],"items_purchased_type":[],"build_version":"2020-12-22","purchased_purges":0,"victory":false,"max_hp_per_floor":[82,82,82,82,83,84,84,84,84],"card_choices":[{"not_picked":["blackbeard:GoldenDefense","blackbeard:FieryDefense"],"picked":"blackbeard:Sword","floor":1},{"not_picked":["blackbeard:BrownPants","blackbeard:DeadlyArsenal"],"picked":"blackbeard:PiratesWill","floor":2},{"not_picked":["blackbeard:GhostInTheRum","blackbeard:RemoveScurvy"],"picked":"blackbeard:TacticalRetreat","floor":5},{"not_picked":["blackbeard:Anchor","blackbeard:Sword"],"picked":"blackbeard:Toast","floor":6}],"player_experience":91263,"relics_obtained":[{"floor":6,"key":"Shovel"}],"event_choices":[{"damage_healed":0,"gold_gain":0,"player_choice":"Take Damage","damage_taken":20,"relics_obtained":["Golden Idol"],"max_hp_gain":0,"max_hp_loss":0,"event_name":"Golden Idol","floor":3,"gold_loss":0},{"damage_healed":0,"gold_gain":0,"player_choice":"Trade","damage_taken":0,"relics_obtained":["FaceOfCleric"],"max_hp_gain":0,"max_hp_loss":0,"event_name":"FaceTrader","floor":4,"gold_loss":0},{"damage_healed":0,"gold_gain":0,"player_choice":"Upgraded","damage_taken":0,"max_hp_gain":0,"max_hp_loss":0,"event_name":"Upgrade Shrine","floor":7,"gold_loss":0,"cards_upgraded":["blackbeard:Cutlass"]}],"is_beta":false,"boss_relics":[],"items_purged_floors":[],"is_endless":false,"potions_floor_spawned":[2],"killed_by":"Gremlin Nob","ascension_level":1}}