{"host":"g8a0qo0vjtg6u5wv","time":1614417140,"event":{"mods":["BaseMod","Colored Map","Custom Start","KOR Keyword Fix","Minty Spire (QoL Compilation)","StSLib","SuperFastMode"],"gold_per_floor":[113,83,95,270,289,289,89,89,116,132,132,147,177,188,188,284,334,346,346,99,114,114,114],"floor_reached":22,"language":"KOR","playtime":491,"items_purged":["Strike_B","Doubt"],"score":260,"play_id":"abdd5a87-88b8-4345-8457-4820ef5432ee","local_time":"20210227181220","is_ascension_mode":true,"campfire_choices":[{"data":"Coolheaded","floor":6,"key":"SMITH"},{"data":"Purity","floor":8,"key":"SMITH"},{"data":"Go for the Eyes","floor":11,"key":"SMITH"},{"data":"Chaos","floor":15,"key":"SMITH"}],"circlet_count":0,"master_deck":["Strike_B","Strike_B","Strike_B","Defend_B","Defend_B+1","Defend_B","Defend_B","Zap","Dualcast","Coolheaded+1","Go for the Eyes+1","Reboot","Ball Lightning","Purity+1","Gash","Conserve Battery","Chaos+1","Rainbow","Compile Driver","Hologram","Capacitor","Glacier","Recycle+1"],"relics":["Cracked Core","NeowsBlessing","Strawberry","Singing Bowl","Tiny House","Nilry\u0027s Codex"],"acts_visited":["Exordium","TheCity"],"potions_floor_usage":[13,13,16,22],"damage_taken":[{"damage":0,"enemies":"Small Slimes","floor":1,"turns":1},{"damage":0,"enemies":"Cultist","floor":3,"turns":1},{"damage":0,"enemies":"2 Louse","floor":5,"turns":1},{"damage":0,"enemies":"Exordium Wildlife","floor":10,"turns":5},{"damage":2,"enemies":"Blue Slaver","floor":12,"turns":4},{"damage":8,"enemies":"Lagavulin","floor":13,"turns":6},{"damage":5,"enemies":"2 Fungi Beasts","floor":14,"turns":5},{"damage":17,"enemies":"Slime Boss","floor":16,"turns":9},{"damage":10,"enemies":"Spheric Guardian","floor":18,"turns":4},{"damage":10,"enemies":"Chosen","floor":21,"turns":5},{"damage":49,"enemies":"Masked Bandits","floor":22,"turns":3}],"seed_played":"9056994825766821446","potions_obtained":[{"floor":2,"key":"EssenceOfDarkness"},{"floor":2,"key":"Ancient Potion"},{"floor":3,"key":"SpeedPotion"},{"floor":13,"key":"DistilledChaos"},{"floor":16,"key":"FocusPotion"},{"floor":17,"key":"PotionOfCapacity"}],"is_trial":false,"path_per_floor":["M","?","M","?","M","R","$","R","T","M","R","M","E","M","R","B",null,"M","?","$","M","?"],"character_chosen":"DEFECT","items_purchased":["Ball Lightning","Purity","Capacitor","Glacier"],"campfire_rested":0,"item_purchase_floors":[7,7,20,20],"current_hp_per_floor":[68,68,68,68,68,68,68,68,75,75,75,73,65,62,62,45,79,69,53,53,43,0,0],"gold":114,"neow_bonus":"THREE_ENEMY_KILL","is_daily":false,"chose_seed":false,"campfire_upgraded":4,"win_rate":0.0,"timestamp":1614417140,"path_taken":["M","?","?","?","M","R","$","R","T","M","R","M","E","M","R","BOSS","M","?","$","M","?"],"items_purchased_type":["Card","Card","Card","Card"],"build_version":"2020-12-22","purchased_purges":2,"victory":false,"max_hp_per_floor":[75,75,75,75,75,75,75,75,82,82,82,82,82,84,84,84,89,89,89,89,89,89,89],"card_choices":[{"not_picked":["Streamline","Storm"],"picked":"Coolheaded","floor":1},{"not_picked":["Streamline","Coolheaded"],"picked":"Go for the Eyes","floor":3},{"not_picked":["Rip and Tear","Turbo"],"picked":"Reboot","floor":5},{"not_picked":["Hologram","Barrage"],"picked":"Gash","floor":10},{"not_picked":["Stack","Cold Snap"],"picked":"Conserve Battery","floor":12},{"not_picked":["Loop","Defragment"],"picked":"Chaos","floor":13},{"not_picked":["Streamline","Scrape","Steam"],"picked":"Singing Bowl","floor":14},{"not_picked":["Reboot","Fission"],"picked":"Rainbow","floor":16},{"not_picked":["Leap","Barrage"],"picked":"Compile Driver","floor":17},{"not_picked":["BootSequence","Go for the Eyes+1"],"picked":"Hologram","floor":18},{"not_picked":["Coolheaded","Hello World"],"picked":"Recycle+1","floor":21}],"player_experience":598952,"relics_obtained":[{"floor":9,"key":"Strawberry"},{"floor":13,"key":"Singing Bowl"},{"floor":19,"key":"Nilry\u0027s Codex"}],"event_choices":[{"damage_healed":0,"gold_gain":0,"player_choice":"Bought 2 Potions","damage_taken":0,"max_hp_gain":0,"max_hp_loss":0,"event_name":"The Woman in Blue","floor":2,"gold_loss":0},{"damage_healed":0,"gold_gain":175,"player_choice":"AGREE","damage_taken":0,"max_hp_gain":0,"max_hp_loss":0,"event_name":"Liars Game","floor":4,"gold_loss":0,"cards_obtained":["Doubt"]},{"damage_healed":0,"gold_gain":0,"player_choice":"Obtained Book","damage_taken":16,"max_hp_gain":0,"max_hp_loss":0,"event_name":"Cursed Tome","floor":19,"gold_loss":0},{"damage_healed":0,"gold_gain":0,"player_choice":"Fought Bandits","damage_taken":0,"max_hp_gain":0,"max_hp_loss":0,"event_name":"Masked Bandits","floor":22,"gold_loss":0}],"is_beta":false,"boss_relics":[{"not_picked":["Black Star","Fusion Hammer"],"picked":"Tiny House"}],"items_purged_floors":[7,20],"is_endless":false,"potions_floor_spawned":[3,10,13,16,18],"killed_by":"Masked Bandits","ascension_level":8}}