{"host":"7cp3z5w0tcrrm8ys","time":1614393846,"event":{"mods":["AchievementEnabler","BaseMod","DeckTracker","Minty Spire (QoL Compilation)","StSLib","SuperFastMode"],"gold_per_floor":[214,227,49,14,31,31,44,44,44,71,71,71,2,2,2,2,2],"floor_reached":16,"language":"KOR","playtime":282,"items_purged":["Strike_R"],"score":196,"play_id":"30d76bb8-e889-4bfe-b6dc-f5c6bc8e8c2a","local_time":"20210227114406","is_ascension_mode":true,"campfire_choices":[{"data":"Searing Blow","floor":6,"key":"SMITH"},{"data":"Searing Blow+1","floor":8,"key":"SMITH"},{"data":"Searing Blow+2","floor":12,"key":"SMITH"},{"data":"Searing Blow+3","floor":15,"key":"SMITH"}],"circlet_count":0,"master_deck":["AscendersBane","Strike_R","Strike_R","Strike_R","Strike_R","Defend_R","Defend_R","Defend_R","Defend_R","Bash","Searing Blow+4","Flame Barrier","Dramatic Entrance","Blood for Blood"],"relics":["Burning Blood","The Courier","HornCleat","Golden Idol"],"acts_visited":["Exordium"],"potions_floor_usage":[5,10],"damage_taken":[{"damage":9,"enemies":"Jaw Worm","floor":1,"turns":5},{"damage":13,"enemies":"2 Louse","floor":2,"turns":2},{"damage":0,"enemies":"Small Slimes","floor":5,"turns":1},{"damage":2,"enemies":"3 Louse","floor":7,"turns":3},{"damage":21,"enemies":"Gremlin Nob","floor":10,"turns":4},{"damage":41,"enemies":"Hexaghost","floor":16,"turns":9}],"seed_played":"-4060322870513634614","potions_obtained":[{"floor":1,"key":"Fire Potion"},{"floor":2,"key":"SkillPotion"}],"is_trial":false,"path_per_floor":["M","M","$","?","M","R","M","R","T","E","?","R","$","?","R","B"],"character_chosen":"IRONCLAD","items_purchased":["Dramatic Entrance","Blood for Blood"],"campfire_rested":0,"item_purchase_floors":[3,13],"current_hp_per_floor":[65,58,58,75,75,75,75,75,75,60,34,34,34,39,39,0,0],"gold":2,"neow_bonus":"HUNDRED_GOLD","is_daily":false,"chose_seed":false,"campfire_upgraded":4,"win_rate":0.0,"timestamp":1614393846,"path_taken":["M","M","$","?","M","R","M","R","T","E","?","R","$","?","R","BOSS"],"items_purchased_type":["Card","Card"],"build_version":"2020-12-22","purchased_purges":1,"victory":false,"max_hp_per_floor":[75,75,75,75,75,75,75,75,75,75,75,75,75,80,80,80,80],"card_choices":[{"not_picked":["Rupture","Warcry"],"picked":"Searing Blow","floor":1},{"not_picked":["Anger","Heavy Blade"],"picked":"Flame Barrier","floor":2},{"not_picked":["Heavy Blade","Cleave","Clash"],"picked":"SKIP","floor":5},{"not_picked":["Flex","Searing Blow","Havoc"],"picked":"SKIP","floor":7},{"not_picked":["Perfected Strike","Power Through","Reckless Charge"],"picked":"SKIP","floor":10}],"player_experience":836822,"relics_obtained":[{"floor":9,"key":"The Courier"},{"floor":10,"key":"HornCleat"}],"event_choices":[{"damage_healed":18,"gold_gain":0,"player_choice":"Healed","damage_taken":0,"max_hp_gain":0,"max_hp_loss":0,"event_name":"The Cleric","floor":4,"gold_loss":35},{"damage_healed":0,"gold_gain":0,"player_choice":"Take Damage","damage_taken":26,"relics_obtained":["Golden Idol"],"max_hp_gain":0,"max_hp_loss":0,"event_name":"Golden Idol","floor":11,"gold_loss":0},{"damage_healed":0,"gold_gain":0,"player_choice":"Donut","damage_taken":0,"max_hp_gain":5,"max_hp_loss":0,"event_name":"Big Fish","floor":14,"gold_loss":0}],"is_beta":false,"boss_relics":[],"items_purged_floors":[3],"is_endless":false,"potions_floor_spawned":[1,2],"killed_by":"Hexaghost","ascension_level":20}}