{"host":"677pyieivi7bw41p","time":1613727403,"event":{"mods":["BaseMod","Minty Spire (QoL Compilation)"],"gold_per_floor":[118,68,68,93,40,71,94,134,179,194,194,194],"floor_reached":11,"language":"ENG","playtime":794,"items_purged":[],"score":87,"play_id":"01ed298a-cd3d-4f13-b824-ca06cf607392","local_time":"20210219033643","is_ascension_mode":true,"campfire_choices":[],"circlet_count":0,"master_deck":["Strike_R","Strike_R","Strike_R","Strike_R","Defend_R","Defend_R","Defend_R","Defend_R","Bash","Fire Breathing","Armaments","Pommel Strike","Power Through","Fire Breathing","Evolve","Clothesline"],"relics":["Burning Blood","Shovel","Golden Idol","Mercury Hourglass","Vajra","Anchor"],"acts_visited":["Exordium"],"potions_floor_usage":[8,8],"damage_taken":[{"damage":0.0,"enemies":"Small Slimes","floor":1.0,"turns":3.0},{"damage":6.0,"enemies":"Jaw Worm","floor":4.0,"turns":5.0},{"damage":33,"enemies":"Gremlin Nob","floor":6,"turns":5},{"damage":0,"enemies":"Cultist","floor":7,"turns":3},{"damage":34,"enemies":"Lagavulin","floor":8,"turns":7},{"damage":0,"enemies":"2 Fungi Beasts","floor":10,"turns":4},{"damage":22,"enemies":"Gremlin Nob","floor":11,"turns":4}],"seed_played":"-2279363655050831562","potions_obtained":[{"floor":1.0,"key":"Strength Potion"},{"floor":4.0,"key":"LiquidBronze"},{"floor":7,"key":"Regen Potion"}],"is_trial":false,"path_per_floor":["M","?","?","M","$","E","M","E","T","M","E"],"character_chosen":"IRONCLAD","items_purchased":["Pommel Strike"],"campfire_rested":0,"item_purchase_floors":[5],"current_hp_per_floor":[62,62,42,42,42,15,21,8,8,14,0,0],"gold":194,"neow_bonus":"ONE_RARE_RELIC","is_daily":false,"chose_seed":false,"campfire_upgraded":0,"win_rate":0.0,"timestamp":1613727403,"path_taken":["M","?","?","M","$","E","M","E","T","M","E"],"items_purchased_type":["Card"],"build_version":"2020-12-22","purchased_purges":0,"victory":false,"max_hp_per_floor":[80,80,80,80,80,80,80,80,80,80,80,80],"card_choices":[{"not_picked":["Thunderclap","Dark Embrace"],"picked":"Fire Breathing","floor":1.0},{"not_picked":["Heavy Blade","Shockwave"],"picked":"Armaments","floor":4.0},{"not_picked":["Havoc","Disarm"],"picked":"Power Through","floor":6},{"not_picked":["Havoc","Armaments"],"picked":"Fire Breathing","floor":7},{"not_picked":["Heavy Blade","Shrug It Off"],"picked":"Evolve","floor":8},{"not_picked":["Cleave","Sever Soul"],"picked":"Clothesline","floor":10}],"player_experience":21144,"relics_obtained":[{"floor":6,"key":"Mercury Hourglass"},{"floor":8,"key":"Vajra"},{"floor":9,"key":"Anchor"}],"event_choices":[{"cards_removed":["Strike_R"],"damage_healed":0.0,"max_hp_gain":0.0,"max_hp_loss":0.0,"gold_gain":0.0,"event_name":"The Cleric","player_choice":"Card Removal","floor":2.0,"gold_loss":50.0,"damage_taken":0.0},{"damage_healed":0.0,"max_hp_gain":0.0,"max_hp_loss":0.0,"gold_gain":0.0,"event_name":"Golden Idol","player_choice":"Take Damage","floor":3.0,"gold_loss":0.0,"damage_taken":20.0,"relics_obtained":["Golden Idol"]}],"is_beta":false,"boss_relics":[],"items_purged_floors":[],"is_endless":false,"potions_floor_spawned":[1,4,7],"killed_by":"Gremlin Nob","ascension_level":1}}