{"host":"dgzcrkpp5hmi1639","time":1614443039,"event":{"mods":["A Magickal Journey","BaseMod","BetterRewards","Colored Powertips","Duelist Mod","Energized Spire","GifTheSpireLib","Infinite Spire","Koishi","Minty Spire (QoL Compilation)","Prisma Mod","Quick Restart","Shop Mod","StSLib","Stuff the Spire","The Bug Knight","The Forsaken","The Jungle","The Necromancer","The Servant 0.9.4","The Wild Card","???mod?????"],"gold_per_floor":[111,123,134,134,147,147,147],"floor_reached":6,"language":"ENG","playtime":149,"items_purged":[],"score":38,"play_id":"315a7cdf-09e4-477b-8daa-b0832ee6b1b9","local_time":"20210227172359","is_ascension_mode":false,"campfire_choices":[],"circlet_count":0,"master_deck":["Strike_R","Strike_R","Strike_R","Strike_R","Strike_R","Defend_R","Defend_R","Defend_R","Defend_R","Bash","Clothesline","Spot Weakness","Flex","Perfected Strike"],"relics":["Burning Blood","NeowsBlessing"],"acts_visited":["Exordium"],"potions_floor_usage":[],"damage_taken":[{"damage":0,"enemies":"Jaw Worm","floor":1,"turns":1},{"damage":0,"enemies":"Cultist","floor":2,"turns":1},{"damage":0,"enemies":"Small Slimes","floor":3,"turns":2},{"damage":20,"enemies":"Exordium Wildlife","floor":5,"turns":6},{"damage":27,"enemies":"3 Sentries","floor":6,"turns":3}],"seed_played":"1977423726513625230","potions_obtained":[{"floor":3,"key":"SteroidPotion"}],"is_trial":false,"path_per_floor":["M","M","M","?","M","E"],"character_chosen":"IRONCLAD","items_purchased":[],"campfire_rested":0,"item_purchase_floors":[],"current_hp_per_floor":[80,80,80,80,66,39,39],"gold":147,"neow_bonus":"THREE_ENEMY_KILL","is_daily":false,"chose_seed":false,"campfire_upgraded":0,"win_rate":0.0,"timestamp":1614443039,"path_taken":["M","M","M","?","M","E"],"items_purchased_type":[],"build_version":"2020-12-22","purchased_purges":0,"victory":false,"max_hp_per_floor":[80,80,80,80,80,80,80],"card_choices":[{"not_picked":["StuffTheSpire:BloodClot","Armaments"],"picked":"Clothesline","floor":1},{"not_picked":["Blood for Blood","Headbutt"],"picked":"Spot Weakness","floor":2},{"not_picked":["Rage","StuffTheSpire:Resist"],"picked":"Flex","floor":3},{"not_picked":["Rampage","Rage"],"picked":"Perfected Strike","floor":5}],"player_experience":96152,"relics_obtained":[],"event_choices":[{"damage_healed":0,"gold_gain":0,"player_choice":"Leave","damage_taken":0,"max_hp_gain":0,"max_hp_loss":0,"event_name":"The Cleric","floor":4,"gold_loss":0}],"is_beta":false,"boss_relics":[],"items_purged_floors":[],"is_endless":false,"potions_floor_spawned":[3],"killed_by":"3 Sentries","ascension_level":0}}