{"host":"6lsob4l0icwczu35","time":1614448449,"event":{"mods":["BaseMod","Curses Come First","Minty Spire (QoL Compilation)","Relic Stats","StSLib"],"gold_per_floor":[115,133,146,157,0,34,34,61,61,88,98,116,116,130,130,258,258,271,286,0,25,48,48,91,91,91,111,111,125,164,182,182,308,308,332,356,156,175,196,231,231,231,231,108,133,153,178,211,211,211,211,211,61,61,61],"floor_reached":54,"language":"ENG","playtime":2901,"items_purged":["Defend_P","Defend_P"],"score":942,"play_id":"87ecd777-8dc8-43e7-991b-a42a8290bf43","local_time":"20210227195409","is_ascension_mode":false,"campfire_choices":[{"floor":7.0,"key":"RECALL"},{"floor":15.0,"key":"REST"},{"floor":23.0,"key":"REST"},{"floor":28.0,"key":"REST"},{"floor":32.0,"key":"REST"},{"floor":41,"key":"REST"},{"floor":49,"key":"REST"},{"floor":52,"key":"REST"}],"circlet_count":0,"master_deck":["Strike_P","Strike_P","Defend_P","Eruption","Vigilance","Prostrate","FollowUp","Consecrate","Wallop","ReachHeaven","EmptyFist","SashWhip","EmptyBody","ReachHeaven","Devotion+1","Crescendo","InnerPeace","MasterReality","FollowUp","ThirdEye","CutThroughFate","Indignation+1","Protect","Fasting2","Swivel","Protect","DeusExMachina","BowlingBash+1","Crescendo+1","Weave+1","BowlingBash+1","Madness","Madness","EmptyFist+1","Conclude+1","Tantrum+1"],"relics":["Fusion Hammer","Orrery","Pen Nib","Pantograph","Pear","Orichalcum","Golden Idol","Snecko Eye","Membership Card","Lantern","Bottled Tornado","Shuriken","Astrolabe","Damaru","Toolbox","Vajra","Meat on the Bone","Strange Spoon","Dream Catcher","TeardropLocket"],"acts_visited":["Exordium","TheCity","TheBeyond","TheEnding"],"potions_floor_usage":[39,40,48,54,54,54],"damage_taken":[{"damage":3.0,"enemies":"Jaw Worm","floor":1.0,"turns":3.0},{"damage":0.0,"enemies":"Small Slimes","floor":2.0,"turns":5.0},{"damage":0.0,"enemies":"Cultist","floor":3.0,"turns":3.0},{"damage":5.0,"enemies":"Red Slaver","floor":4.0,"turns":3.0},{"damage":0.0,"enemies":"3 Sentries","floor":6.0,"turns":4.0},{"damage":12.0,"enemies":"Lagavulin","floor":8.0,"turns":6.0},{"damage":0.0,"enemies":"3 Sentries","floor":10.0,"turns":5.0},{"damage":0.0,"enemies":"Exordium Thugs","floor":11.0,"turns":2.0},{"damage":2.0,"enemies":"Large Slime","floor":12.0,"turns":3.0},{"damage":0.0,"enemies":"2 Fungi Beasts","floor":14.0,"turns":2.0},{"damage":0.0,"enemies":"Slime Boss","floor":16.0,"turns":4.0},{"damage":7.0,"enemies":"3 Byrds","floor":18.0,"turns":4.0},{"damage":2.0,"enemies":"Spheric Guardian","floor":19.0,"turns":3.0},{"damage":0.0,"enemies":"Snecko","floor":21.0,"turns":3.0},{"damage":18.0,"enemies":"Snake Plant","floor":22.0,"turns":4.0},{"damage":51.0,"enemies":"Slavers","floor":24.0,"turns":6.0},{"damage":14.0,"enemies":"Sentry and Sphere","floor":27.0,"turns":4.0},{"damage":0.0,"enemies":"Centurion and Healer","floor":29.0,"turns":2.0},{"damage":0.0,"enemies":"Gremlin Leader","floor":30.0,"turns":3.0},{"damage":13.0,"enemies":"Snake Plant","floor":31.0,"turns":4.0},{"damage":43,"enemies":"Champ","floor":33,"turns":7},{"damage":4,"enemies":"Orb Walker","floor":35,"turns":3},{"damage":8,"enemies":"3 Shapes","floor":36,"turns":4},{"damage":0,"enemies":"Jaw Worm Horde","floor":38,"turns":2},{"damage":8,"enemies":"Sphere and 2 Shapes","floor":39,"turns":3},{"damage":46,"enemies":"Nemesis","floor":40,"turns":5},{"damage":0,"enemies":"Transient","floor":45,"turns":5},{"damage":0,"enemies":"Maw","floor":46,"turns":4},{"damage":12,"enemies":"3 Darklings","floor":47,"turns":3},{"damage":0,"enemies":"Reptomancer","floor":48,"turns":2},{"damage":45,"enemies":"Time Eater","floor":50,"turns":7},{"damage":96,"enemies":"Shield and Spear","floor":54,"turns":3}],"seed_played":"-4808118208642731154","potions_obtained":[{"floor":2.0,"key":"SmokeBomb"},{"floor":3.0,"key":"BottledMiracle"},{"floor":4.0,"key":"FearPotion"},{"floor":6.0,"key":"Swift Potion"},{"floor":16.0,"key":"SpeedPotion"},{"floor":18.0,"key":"Explosive Potion"},{"floor":19.0,"key":"Block Potion"},{"floor":22.0,"key":"EntropicBrew"},{"floor":27.0,"key":"Weak Potion"},{"floor":39,"key":"Regen Potion"},{"floor":45,"key":"FearPotion"},{"floor":47,"key":"LiquidMemories"}],"is_trial":false,"path_per_floor":["M","M","M","M","$","E","R","E","T","E","M","M","?","M","R","B",null,"M","M","$","M","M","R","E","?","T","M","R","M","E","M","R","B",null,"M","M","$","M","M","E","R","?","T","$","M","M","M","E","R","B",null,"R","$","E"],"character_chosen":"WATCHER","items_purchased":["Orrery","Membership Card","CutThroughFate","Lantern","Damaru","Toolbox","Strange Spoon","EntropicBrew","TeardropLocket","BottledMiracle"],"campfire_rested":7,"item_purchase_floors":[5,20,20,20,37,37,44,44,53,53],"current_hp_per_floor":[69,69,69,64,64,64,64,52,62,62,62,60,40,40,64,82,82,75,73,73,73,55,79,28,28,28,14,38,38,38,25,49,31,82,78,70,70,70,62,30,54,44,44,44,44,44,44,44,68,49,82,82,82,0,0],"gold":61,"neow_bonus":"BOSS_RELIC","is_daily":false,"chose_seed":false,"campfire_upgraded":0,"win_rate":0.0,"timestamp":1614448449,"path_taken":["M","M","M","M","$","E","R","E","T","E","M","M","?","M","R","BOSS","M","M","$","M","M","R","E","?","T","M","R","M","E","M","R","BOSS","M","M","?","?","M","E","R","?","T","$","M","M","M","E","R","BOSS","R","$","E"],"items_purchased_type":["Relic","Relic","Card","Relic","Relic","Relic","Relic","Potion","Relic","Potion"],"build_version":"2020-12-22","purchased_purges":2,"victory":false,"max_hp_per_floor":[72,72,72,72,72,72,72,72,82,82,82,82,82,82,82,82,82,82,82,82,82,82,82,82,82,82,82,82,82,82,82,82,82,82,82,82,82,82,82,82,82,82,82,82,82,82,82,82,82,82,82,82,82,82,82],"relic_stats":{"Strange Spoon":[9],"Dream Catcher":2,"counters":[32,121],"Golden Idol":173,"Shuriken":[20],"Pantograph":57,"Astrolabe":["BowlingBash","Crescendo","Weave"],"Snecko Eye":[142,145,154,131],"Pen Nib":[24],"Orichalcum":[102],"obtain_stats":[{"Lantern":20,"Pear":9,"Golden Idol":13,"Astrolabe":34,"Damaru":37,"Vajra":40,"Pen Nib":6,"TeardropLocket":53,"Orichalcum":10,"Bottled Tornado":24,"Strange Spoon":44,"Dream Catcher":48,"Shuriken":30,"Pantograph":8,"Orrery":5,"Snecko Eye":17,"Toolbox":37,"Fusion Hammer":0,"Membership Card":20,"PureWater":0,"Meat on the Bone":43},{"Lantern":13,"Pear":6,"Golden Idol":9,"Astrolabe":21,"Damaru":23,"Vajra":26,"Pen Nib":5,"TeardropLocket":31,"Orichalcum":7,"Bottled Tornado":16,"Strange Spoon":26,"Dream Catcher":30,"Shuriken":19,"Pantograph":6,"Orrery":4,"Snecko Eye":11,"Toolbox":23,"Fusion Hammer":0,"Membership Card":13,"PureWater":0,"Meat on the Bone":26},{"Lantern":47,"Pear":24,"Golden Idol":34,"Astrolabe":80,"Damaru":87,"Vajra":97,"Pen Nib":18,"TeardropLocket":118,"Orichalcum":29,"Bottled Tornado":60,"Strange Spoon":97,"Dream Catcher":111,"Shuriken":69,"Pantograph":24,"Orrery":14,"Snecko Eye":40,"Toolbox":87,"Fusion Hammer":0,"Membership Card":47,"PureWater":0,"Meat on the Bone":97}],"Meat on the Bone":24},"card_choices":[{"not_picked":["FlurryOfBlows","ClearTheMind"],"picked":"Prostrate","floor":1.0},{"not_picked":["SandsOfTime","Vengeance"],"picked":"FollowUp","floor":2.0},{"not_picked":["PathToVictory","FlurryOfBlows"],"picked":"Consecrate","floor":3.0},{"not_picked":["BowlingBash","ForeignInfluence"],"picked":"Wallop","floor":4.0},{"not_picked":["FearNoEvil","BattleHymn"],"picked":"ReachHeaven","floor":5.0},{"not_picked":["Conclude","Swivel"],"picked":"EmptyFist","floor":5.0},{"not_picked":["Study","CrushJoints"],"picked":"SashWhip","floor":5.0},{"not_picked":["Consecrate","InnerPeace"],"picked":"EmptyBody","floor":5.0},{"not_picked":["JustLucky","EmptyFist"],"picked":"ReachHeaven","floor":5.0},{"not_picked":["Sanctity","FlyingSleeves"],"picked":"Devotion","floor":6.0},{"not_picked":["Consecrate","EmptyFist","Nirvana"],"picked":"SKIP","floor":8.0},{"not_picked":["JustLucky","EmptyFist"],"picked":"Crescendo","floor":10.0},{"not_picked":["Evaluate","Swivel"],"picked":"InnerPeace","floor":11.0},{"not_picked":["SandsOfTime","Collect","CrushJoints"],"picked":"SKIP","floor":12.0},{"not_picked":["Wireheading","CrushJoints"],"picked":"MasterReality","floor":14.0},{"not_picked":["ReachHeaven","ThirdEye+1"],"picked":"FollowUp","floor":18.0},{"not_picked":["JustLucky","Collect+1"],"picked":"ThirdEye","floor":19.0},{"not_picked":["WaveOfTheHand","MentalFortress","Consecrate"],"picked":"SKIP","floor":21.0},{"not_picked":["ForeignInfluence","WreathOfFlame"],"picked":"Indignation+1","floor":22.0},{"not_picked":["Swivel","FlyingSleeves","WreathOfFlame"],"picked":"SKIP","floor":24.0},{"not_picked":["Swivel","Consecrate"],"picked":"Protect","floor":27.0},{"not_picked":["Weave","JustLucky+1"],"picked":"Fasting2","floor":29.0},{"not_picked":["Consecrate","MasterReality"],"picked":"Swivel","floor":30.0},{"not_picked":["FlyingSleeves","CarveReality"],"picked":"Protect","floor":31.0},{"not_picked":["Omniscience","SpiritShield"],"picked":"DeusExMachina","floor":33},{"not_picked":["EmptyFist","ReachHeaven+1","PathToVictory+1"],"picked":"SKIP","floor":35},{"not_picked":["LikeWater+1","Crescendo"],"picked":"BowlingBash+1","floor":36},{"not_picked":["SashWhip","EmptyBody","JustLucky+1"],"picked":"SKIP","floor":38},{"not_picked":["BattleHymn+1","Indignation+1","Conclude"],"picked":"SKIP","floor":39},{"not_picked":["EmptyBody","Nirvana+1","Protect+1"],"picked":"SKIP","floor":40},{"not_picked":["Halt+1","PathToVictory","Evaluate"],"picked":"SKIP","floor":45},{"not_picked":["CarveReality","Alpha"],"picked":"EmptyFist+1","floor":46},{"not_picked":["Halt+1","SandsOfTime"],"picked":"Conclude+1","floor":47},{"not_picked":["Devotion","CutThroughFate","Halt"],"picked":"SKIP","floor":48},{"not_picked":["EmptyMind","WreathOfFlame+1"],"picked":"Tantrum+1","floor":52}],"player_experience":319769,"relics_obtained":[{"floor":6.0,"key":"Pen Nib"},{"floor":8.0,"key":"Pantograph"},{"floor":9.0,"key":"Pear"},{"floor":10.0,"key":"Orichalcum"},{"floor":24.0,"key":"Bottled Tornado"},{"floor":30.0,"key":"Shuriken"},{"floor":40,"key":"Vajra"},{"floor":43,"key":"Meat on the Bone"},{"floor":48,"key":"Dream Catcher"}],"event_choices":[{"damage_healed":0.0,"max_hp_gain":0.0,"max_hp_loss":0.0,"gold_gain":0.0,"event_name":"Golden Idol","player_choice":"Take Damage","floor":13.0,"gold_loss":0.0,"damage_taken":20.0,"relics_obtained":["Golden Idol"]},{"damage_healed":0.0,"max_hp_gain":0.0,"max_hp_loss":0.0,"gold_gain":0.0,"event_name":"Upgrade Shrine","player_choice":"Upgraded","floor":25.0,"gold_loss":0.0,"damage_taken":0.0,"cards_upgraded":["Devotion"]},{"damage_healed":0,"gold_gain":0,"player_choice":"Embrace Madness","damage_taken":10,"max_hp_gain":0,"max_hp_loss":0,"event_name":"Winding Halls","floor":42,"gold_loss":0,"cards_obtained":["Madness","Madness"]}],"is_beta":false,"boss_relics":[{"not_picked":["Runic Dome","SacredBark"],"picked":"Snecko Eye"},{"not_picked":["Calling Bell","Busted Crown"],"picked":"Astrolabe"}],"items_purged_floors":[20,37],"is_endless":false,"potions_floor_spawned":[2,3,4,6,10,16,18,19,22,27,39,45,46,47],"killed_by":"Shield and Spear","ascension_level":0}}