{"host":"xr2w6q7a088fu8w2","time":1614433430,"event":{"mods":["AchievementEnabler","BaseMod","Colored Powertips","Good Game Mod","Koishi","Minty Spire (QoL Compilation)","MostiFishMod","Reimu£®≤©¿ˆ¡È√Œ£©","Relic Filter Mod","Reliquary","StSLib","SuperFastMode","UnlockEverythingMod"],"gold_per_floor":[112,65,82,32,32,107,137,137,148,148,73,73,73,73],"floor_reached":13,"language":"ZHS","playtime":331,"items_purged":["Koishi:BasicStrike"],"score":131,"play_id":"f5217274-aa12-4209-8d4d-ac444bcdcea4","local_time":"20210227214350","daily_mods":["Vintage","Green Cards","Heirloom","Time Dilation","Elite Swarm"],"is_ascension_mode":false,"campfire_choices":[{"floor":8,"key":"REST"}],"circlet_count":0,"master_deck":["Koishi:BasicStrike","Koishi:BasicStrike","Koishi:BasicStrike","Koishi:BasicDefend","Koishi:BasicDefend+1","Koishi:BasicDefend+1","Koishi:Provoke","Koishi:HauntingSlash","Koishi:SuperEgo","Koishi:SubconsciousSweep"],"relics":["Koishi:ImaginaryFriend","REME:ComplimentaryCards","DaveBox","Dodecahedron","Unceasing Top","Pantograph","SynthV:TestCard","Centennial Puzzle","CaptainsWheel","Juzu Bracelet","Sundial"],"acts_visited":["Exordium"],"potions_floor_usage":[9],"damage_taken":[{"damage":0,"enemies":"Cultist","floor":1,"turns":3},{"damage":0,"enemies":"2 Louse","floor":3,"turns":2},{"damage":31,"enemies":"Lagavulin","floor":7,"turns":9},{"damage":0,"enemies":"Jaw Worm","floor":9,"turns":1},{"damage":0,"enemies":"3 Sentries","floor":13,"turns":1}],"seed_played":"-6293729909300369547","potions_obtained":[{"floor":7,"key":"MagicPotion:ReiMu"}],"is_trial":true,"path_per_floor":["M","$","M","?","?","?","E","R","M","T","$","?","E"],"character_chosen":"KOISHI","items_purchased":["Koishi:SubconsciousSweep"],"campfire_rested":1,"item_purchase_floors":[2],"current_hp_per_floor":[60,60,60,60,48,37,11,29,30,30,30,30,30,30],"gold":73,"neow_bonus":"","is_daily":false,"chose_seed":false,"campfire_upgraded":0,"win_rate":0.0,"timestamp":1614433430,"path_taken":["M","$","M","?","?","?","E","R","M","T","$","?","E"],"items_purchased_type":["Card"],"build_version":"2020-12-22","purchased_purges":1,"victory":false,"max_hp_per_floor":[60,60,60,60,60,60,60,60,60,60,60,60,60,60],"card_choices":[{"not_picked":["Die Die Die","Koishi:SuperEgo","Koishi:MindStellarRelief","Grand Finale","MostiFishMod:Dislodge"],"picked":"SKIP","floor":7}],"player_experience":168941,"relics_obtained":[{"floor":1,"key":"Pantograph"},{"floor":1,"key":"SynthV:TestCard"},{"floor":3,"key":"Centennial Puzzle"},{"floor":7,"key":"CaptainsWheel"},{"floor":9,"key":"Juzu Bracelet"},{"floor":10,"key":"Sundial"}],"event_choices":[{"cards_removed":["Koishi:BasicDefend"],"damage_healed":0,"gold_gain":0,"player_choice":"Card Removal","damage_taken":0,"max_hp_gain":0,"max_hp_loss":0,"event_name":"The Cleric","floor":4,"gold_loss":50},{"damage_healed":0,"gold_gain":0,"player_choice":"Entered Light","damage_taken":12,"max_hp_gain":0,"max_hp_loss":0,"event_name":"Shining Light","floor":5,"gold_loss":0,"cards_upgraded":["Koishi:BasicDefend","Koishi:BasicDefend"]},{"damage_healed":0,"gold_gain":75,"player_choice":"Gather Gold","damage_taken":11,"max_hp_gain":0,"max_hp_loss":0,"event_name":"World of Goop","floor":6,"gold_loss":0},{"damage_healed":0,"gold_gain":0,"player_choice":"Ignored","damage_taken":0,"max_hp_gain":0,"max_hp_loss":0,"event_name":"Liars Game","floor":12,"gold_loss":0}],"is_beta":false,"boss_relics":[],"items_purged_floors":[11],"is_endless":true,"potions_floor_spawned":[7],"killed_by":"3 Sentries","ascension_level":0}}