{"host":"0mk07bycsqo1qk03","time":1614421699,"event":{"mods":["BaseMod","Downfall","Hermit","Hubris","Minty Spire (QoL Compilation)","Reliquary","Replay The Spire","Spicy Shops","Spire Arcade","StSLib","The Hierophant"],"gold_per_floor":[116,116,134,134,193,193,223,279,328,390,38,99,99,99,99,175,175,189,189,189,18,83,113,113,144,170,189,222,222,282,34,131,208,208,268,268,16,26,26,26,51,51,105,177,177,177,241,10,10,16],"floor_reached":51,"language":"ENG","playtime":2702,"items_purged":["Defend_G"],"score":1444,"play_id":"77e1e67a-6dde-4570-851c-3076b6e66ab4","local_time":"20210227112819","is_ascension_mode":true,"campfire_choices":[{"data":"Terror","floor":6.0,"key":"SMITH"},{"floor":15.0,"key":"REST"},{"data":"Atom Bomb","floor":24.0,"key":"SMITH"},{"data":"Footwork","floor":29.0,"key":"SMITH"},{"data":"Noxious Fumes","floor":40.0,"key":"SMITH"},{"data":"Wraith Form v2","floor":42.0,"key":"SMITH"},{"data":"The Bomb","floor":49.0,"key":"SMITH"}],"circlet_count":0,"master_deck":["AscendersBane","Strike_G","Strike_G","Strike_G","Strike_G","Defend_G","Defend_G","Defend_G","Survivor","Neutralize","Footwork+1","Dagger Spray","Underhanded Strike","Terror+1","Deflect","Sneak Up","Dodge and Roll","Dash","Atom Bomb+1","PiercingWail","Shame","Injury","PiercingWail","Crippling Poison","PiercingWail","Malaise","Wraith Form v2+1","Noxious Fumes+1","The Bomb+1","Replay:BasicMightCard","Venomology","Blur","Noxious Fumes+1","Fluid Movement"],"relics":["Ring of Misfortune","ReplayTheSpireMod:Ring of Challenge","reliquary:Firecrackers","hubris:AncientText","Membership Card","Darkstone Periapt","Oddly Smooth Stone","reliquary:Spinner","Vajra","Sizzling Blood","Snecko Eye","Mummified Hand","MealTicket","Replay:Bottled Steam","PreservedInsect","StrikeDummy","reliquary:SharkskinSheath","Shuriken","ClockworkSouvenir","Replay:Baseball","TheAbacus","hubris:Backtick","The Courier","Ice Cream","reliquary:ExpiredCoupon","Counterbalance","Bag of Marbles","Replay:Bandana","sneckomod:BlankCard","reliquary:RosewoodLute","reliquary:RoseTintedGlasses","hubris:CuriousFeather"],"acts_visited":["Exordium","TheCity","TheBeyond"],"potions_floor_usage":[50,50],"damage_taken":[{"damage":10.0,"enemies":"Jaw Worm","floor":1.0,"turns":7.0},{"damage":1.0,"enemies":"Cultist","floor":3.0,"turns":3.0},{"damage":5.0,"enemies":"Small Slimes","floor":5.0,"turns":5.0},{"damage":17.0,"enemies":"3 Sentries","floor":7.0,"turns":9.0},{"damage":8.0,"enemies":"Looter","floor":8.0,"turns":3.0},{"damage":4.0,"enemies":"Blue Slaver","floor":10.0,"turns":6.0},{"damage":1.0,"enemies":"Exordium Wildlife","floor":12.0,"turns":8.0},{"damage":2.0,"enemies":"Hexaghost","floor":16.0,"turns":12.0},{"damage":0.0,"enemies":"Spheric Guardian","floor":18.0,"turns":2.0},{"damage":0.0,"enemies":"Shell Parasite","floor":22.0,"turns":4.0},{"damage":1.0,"enemies":"Book of Stabbing","floor":23.0,"turns":6.0},{"damage":0.0,"enemies":"Gremlin Leader","floor":25.0,"turns":2.0},{"damage":10.0,"enemies":"3 Cultists","floor":27.0,"turns":4.0},{"damage":15.0,"enemies":"Book of Stabbing","floor":28.0,"turns":4.0},{"damage":26.0,"enemies":"Centurion and Healer","floor":30.0,"turns":5.0},{"damage":13.0,"enemies":"Collector","floor":33.0,"turns":13.0},{"damage":1.0,"enemies":"3 Darklings","floor":35.0,"turns":10.0},{"damage":0.0,"enemies":"3 Shapes","floor":38.0,"turns":1.0},{"damage":26.0,"enemies":"Reptomancer","floor":41.0,"turns":4.0},{"damage":0.0,"enemies":"Transient","floor":44.0,"turns":5.0},{"damage":11.0,"enemies":"Maw","floor":47.0,"turns":7.0},{"damage":26,"enemies":"hubris:GrandSnecko","floor":50,"turns":11}],"seed_played":"8323820285818573003","potions_obtained":[{"floor":1.0,"key":"Poison Potion"},{"floor":5.0,"key":"hexamod:SoulburnPotion"},{"floor":23.0,"key":"SneckoOil"},{"floor":27.0,"key":"Milkshake"},{"floor":28.0,"key":"FearPotion"},{"floor":30.0,"key":"Guardian:BlockOnCardUsePotion"},{"floor":33.0,"key":"LiquidMemories"},{"floor":41.0,"key":"CunningPotion"},{"floor":44.0,"key":"Elixir"}],"is_trial":false,"path_per_floor":["M","?","M","?","M","R","E","M","T","M","$","M","$","?","R","B",null,"M","?","?","$","M","E","R","E","T","M","E","R","M","$","R","B",null,"M","?","$","M","?","R","E","R","T","M","?","?","M","$","R","B",null],"character_chosen":"THE_SILENT","items_purchased":["Membership Card","Darkstone Periapt","Oddly Smooth Stone","Vajra","MealTicket","Replay:Bottled Steam","ClockworkSouvenir","Replay:Baseball","TheAbacus","reliquary:ExpiredCoupon","Counterbalance","Bag of Marbles","reliquary:RosewoodLute","reliquary:RoseTintedGlasses","hubris:CuriousFeather","Fluid Movement"],"campfire_rested":1,"item_purchase_floors":[11,11,11,13,21,21,31,31,31,37,37,37,48,48,48,48],"current_hp_per_floor":[49,70,69,69,64,64,47,39,39,35,35,34,24,28,50,52,69,73,79,79,85,86,86,86,86,86,80,69,69,47,62,62,53,78,81,71,86,86,86,86,64,64,64,68,68,68,61,76,76,54],"gold":16,"neow_bonus":"TRANSFORM_TWO_CARDS","is_daily":false,"chose_seed":false,"campfire_upgraded":6,"win_rate":0.0,"timestamp":1614421699,"path_taken":["M","?","?","?","M","R","E","M","T","M","$","M","?","?","R","BOSS","M","?","?","?","M","E","R","E","T","M","E","R","M","$","R","BOSS","M","?","$","M","?","R","E","R","T","?","?","?","M","$","R","BOSS"],"items_purchased_type":["Relic","Relic","Relic","Relic","Relic","Relic","Relic","Relic","Relic","Relic","Relic","Relic","Relic","Relic","Relic","Card"],"build_version":"2020-12-22","purchased_purges":1,"victory":true,"max_hp_per_floor":[60,70,70,70,70,70,70,70,70,70,70,70,70,74,74,74,74,74,80,80,86,86,86,86,86,86,86,86,86,86,86,86,86,86,86,86,86,86,86,86,86,86,86,86,86,86,86,86,86,86],"card_choices":[{"not_picked":["hubris:Counter","hubris:SlightOfHand"],"picked":"Dagger Spray","floor":1.0},{"not_picked":["ReplayTheSpireMod:Shiv Toss","hubris:Counter"],"picked":"Underhanded Strike","floor":3.0},{"not_picked":["ReplayTheSpireMod:Scrap Shanks","Deadly Poison"],"picked":"Terror","floor":5.0},{"not_picked":["Backflip","Quick Slash"],"picked":"Deflect","floor":7.0},{"not_picked":["All Out Attack","PiercingWail"],"picked":"Sneak Up","floor":8.0},{"not_picked":["Backflip","Sucker Punch"],"picked":"Dodge and Roll","floor":10.0},{"not_picked":["Poisoned Stab","Masterful Stab"],"picked":"Dash","floor":12.0},{"not_picked":["Venomology","A Thousand Cuts"],"picked":"Atom Bomb","floor":16.0},{"not_picked":["Bane","Flying Knee"],"picked":"PiercingWail","floor":18.0},{"not_picked":["hubris:SlightOfHand","Quick Slash","Acrobatics"],"picked":"SKIP","floor":22.0},{"not_picked":["Quick Slash+1","hubris:SlightOfHand"],"picked":"PiercingWail","floor":23.0},{"not_picked":["Dagger Spray","Acrobatics","Blade Dance"],"picked":"SKIP","floor":25.0},{"not_picked":["Dagger Spray","Quick Slash"],"picked":"Crippling Poison","floor":27.0},{"not_picked":["Masterful Stab","Infinite Blades+1"],"picked":"PiercingWail","floor":28.0},{"not_picked":["Heel Hook","Footwork"],"picked":"Malaise","floor":30.0},{"not_picked":["Tools of the Trade","Bullet Time"],"picked":"Wraith Form v2","floor":33.0},{"not_picked":["Toxin Wave","Sucker Punch+1"],"picked":"Noxious Fumes","floor":35.0},{"not_picked":["Finesse","Panacea"],"picked":"The Bomb","floor":36.0},{"not_picked":["Forethought","ReplayTheSpireMod:Necrogeddon"],"picked":"Replay:BasicMightCard","floor":36.0},{"not_picked":["Dagger Spray","ReplayTheSpireMod:Shiv Toss","Cloak And Dagger"],"picked":"SKIP","floor":38.0},{"not_picked":["Blade Dance+1","Cloak And Dagger+1"],"picked":"Venomology","floor":41.0},{"not_picked":["Backflip","Distraction+1"],"picked":"Blur","floor":44.0},{"not_picked":["Outmaneuver+1","Quick Slash+1","Expertise"],"picked":"SKIP","floor":47.0}],"player_experience":1074989,"relics_obtained":[{"floor":4.0,"key":"Ring of Misfortune"},{"floor":4.0,"key":"ReplayTheSpireMod:Ring of Challenge"},{"floor":7.0,"key":"reliquary:Firecrackers"},{"floor":9.0,"key":"hubris:AncientText"},{"floor":12.0,"key":"reliquary:Spinner"},{"floor":23.0,"key":"PreservedInsect"},{"floor":25.0,"key":"StrikeDummy"},{"floor":26.0,"key":"reliquary:SharkskinSheath"},{"floor":28.0,"key":"Shuriken"},{"floor":35.0,"key":"Ice Cream"},{"floor":41.0,"key":"Replay:Bandana"},{"floor":43.0,"key":"sneckomod:BlankCard"}],"event_choices":[{"cards_removed":["Night Terror"],"damage_healed":11.0,"max_hp_gain":10.0,"max_hp_loss":0.0,"gold_gain":0.0,"event_name":"Bonfire Elementals","player_choice":"Offered Rare","floor":2.0,"gold_loss":0.0,"damage_taken":0.0},{"damage_healed":0.0,"max_hp_gain":0.0,"max_hp_loss":0.0,"gold_gain":0.0,"event_name":"Addict","player_choice":"Stole Relic","floor":19.0,"gold_loss":0.0,"damage_taken":0.0,"relics_obtained":["Mummified Hand"],"cards_obtained":["Shame"]},{"damage_healed":0.0,"max_hp_gain":0.0,"max_hp_loss":0.0,"gold_gain":0.0,"event_name":"Ghosts","player_choice":"Ignored","floor":20.0,"gold_loss":0.0,"damage_taken":0.0},{"damage_healed":0.0,"max_hp_gain":0.0,"max_hp_loss":0.0,"gold_gain":0.0,"event_name":"SensoryStone","player_choice":"Memory 3","floor":36.0,"gold_loss":0.0,"damage_taken":10.0},{"damage_healed":0.0,"max_hp_gain":0.0,"max_hp_loss":0.0,"gold_gain":0.0,"event_name":"Match and Keep!","player_choice":"0 cards matched","floor":39.0,"gold_loss":0.0,"damage_taken":0.0,"cards_obtained":[]},{"damage_healed":0.0,"max_hp_gain":0.0,"max_hp_loss":0.0,"gold_gain":0.0,"event_name":"Duplicator","player_choice":"Copied","floor":46.0,"gold_loss":0.0,"damage_taken":0.0,"cards_obtained":["Noxious Fumes"]}],"is_beta":false,"boss_relics":[{"not_picked":["Black Star","bronze:MakeshiftBattery"],"picked":"Snecko Eye"},{"not_picked":["reliquary:RedCape","ChewingGum"],"picked":"hubris:Backtick"}],"items_purged_floors":[11],"is_endless":false,"potions_floor_spawned":[1,5,23,27,28,30,33,41,44,47],"ascension_level":16}}