{"host":"q8ewzd1tf4mqkgtb","time":1614405770,"event":{"mods":["Ascension Unlocker","BaseMod","Colored Map","Faster Ascension Climbing","Minty Spire (QoL Compilation)","Relic Stats","StSLib","UnlockEverythingMod"],"gold_per_floor":[114,130,55,72,82,82,98,131,131,131,206,206,28,42,42,42,42],"floor_reached":16,"language":"ENG","playtime":6205,"items_purged":["Strike_R","Strike_R"],"score":204,"play_id":"d1d9436b-82ab-4d51-a813-9202545c6b9f","local_time":"20210227000250","is_ascension_mode":true,"campfire_choices":[{"data":"Clothesline","floor":6,"key":"SMITH"},{"floor":12,"key":"REST"},{"data":"Immolate","floor":15,"key":"SMITH"}],"circlet_count":0,"master_deck":["AscendersBane","Strike_R","Strike_R","Defend_R","Defend_R","Defend_R","Defend_R","Bash","Clothesline+1","Sword Boomerang","Anger","Bloodletting","Reaper","Exhume","Immolate+1","Evolve"],"relics":["Runic Cube","Bag of Preparation","Meat on the Bone"],"acts_visited":["Exordium"],"potions_floor_usage":[7,8,16,16],"damage_taken":[{"damage":20,"enemies":"Small Slimes","floor":1,"turns":5},{"damage":2,"enemies":"2 Louse","floor":2,"turns":3},{"damage":0,"enemies":"Cultist","floor":4,"turns":4},{"damage":1,"enemies":"3 Louse","floor":5,"turns":4},{"damage":28,"enemies":"Lots of Slimes","floor":7,"turns":7},{"damage":13,"enemies":"3 Sentries","floor":8,"turns":4},{"damage":3,"enemies":"2 Fungi Beasts","floor":14,"turns":2},{"damage":50,"enemies":"Slime Boss","floor":16,"turns":6}],"seed_played":"6235872605282676558","potions_obtained":[{"floor":2,"key":"FearPotion"},{"floor":5,"key":"Regen Potion"},{"floor":7,"key":"AttackPotion"},{"floor":14,"key":"Weak Potion"}],"is_trial":false,"path_per_floor":["M","M","$","M","M","R","M","E","T","?","?","R","$","M","R","B"],"character_chosen":"IRONCLAD","items_purchased":["Immolate"],"campfire_rested":1,"item_purchase_floors":[13],"current_hp_per_floor":[48,46,46,46,45,45,32,19,19,19,8,30,30,39,39,0,0],"gold":42,"neow_bonus":"BOSS_RELIC","is_daily":false,"chose_seed":false,"campfire_upgraded":2,"win_rate":0.0,"timestamp":1614405770,"path_taken":["M","M","$","M","M","R","M","E","T","?","?","R","$","M","R","BOSS"],"items_purchased_type":["Card"],"build_version":"2020-12-22","purchased_purges":2,"victory":false,"max_hp_per_floor":[75,75,75,75,75,75,75,75,75,75,75,75,75,75,75,75,75],"relic_stats":{"counters":[8,35],"Bag of Preparation":[4],"obtain_stats":[{"Bag of Preparation":8,"Burning Blood":0,"Runic Cube":0,"Meat on the Bone":9},{"Bag of Preparation":6,"Burning Blood":0,"Runic Cube":0,"Meat on the Bone":6},{"Bag of Preparation":27,"Burning Blood":0,"Runic Cube":0,"Meat on the Bone":27}],"Runic Cube":[18],"Meat on the Bone":12},"card_choices":[{"not_picked":["Body Slam","Iron Wave"],"picked":"Clothesline","floor":1},{"not_picked":["Havoc","Thunderclap","Body Slam"],"picked":"SKIP","floor":2},{"not_picked":["True Grit","Armaments"],"picked":"Sword Boomerang","floor":4},{"not_picked":["Headbutt","Rampage"],"picked":"Anger","floor":5},{"not_picked":["Ghostly Armor","Heavy Blade"],"picked":"Bloodletting","floor":7},{"not_picked":["Combust","Intimidate"],"picked":"Reaper","floor":8},{"not_picked":["Battle Trance","Clash"],"picked":"Evolve","floor":14}],"player_experience":608141,"relics_obtained":[{"floor":8,"key":"Bag of Preparation"},{"floor":9,"key":"Meat on the Bone"}],"event_choices":[{"damage_healed":0,"gold_gain":0,"cards_transformed":["Strike_R"],"player_choice":"Change","damage_taken":0,"max_hp_gain":0,"max_hp_loss":0,"event_name":"Living Wall","floor":10,"gold_loss":0,"cards_obtained":["Exhume"]},{"damage_healed":0,"gold_gain":75,"player_choice":"Gather Gold","damage_taken":11,"max_hp_gain":0,"max_hp_loss":0,"event_name":"World of Goop","floor":11,"gold_loss":0}],"is_beta":false,"boss_relics":[],"items_purged_floors":[3,13],"is_endless":false,"potions_floor_spawned":[2,5,7,14],"killed_by":"Slime Boss","ascension_level":20}}