{"host":"bvp2uifzy1c463d9","time":1614458724,"event":{"mods":["AchievementEnabler","BaseMod","Better Note","Block Reminder","Bossed Relics","Colored Map","Colored Powertips","Hermit","Highlight Path","Hubris","Infinite Spire","Minty Spire (QoL Compilation)","Relic Sorter","Relic Stats","Reliquary","Replay The Spire","StSLib","The Blue Laboratory","Wandering Minibosses"],"gold_per_floor":[115,133,151,169,188,217,234,234,257,29,55,1,17,17,17,113,113,133,133,133,133],"floor_reached":20,"language":"ENG","playtime":1007,"items_purged":["hermit:Strike_Hermit"],"score":233,"play_id":"7af217b0-f3db-487e-a174-6dddfed1f379","local_time":"20210227144524","is_ascension_mode":true,"campfire_choices":[{"data":"hermit:Snipe","floor":8,"key":"SMITH"},{"floor":15,"key":"DIG"}],"circlet_count":0,"master_deck":["hermit:Defend_Hermit","hermit:Defend_Hermit","hermit:Snapshot","hermit:Covet","hermit:GhostlyPresence","hermit:Dive","hermit:Enervate","hermit:Brawl","hermit:Horror","hermit:Combo","hermit:Snipe+1","hermit:Dive","hermit:TrackingShot","hermit:Adapt","Injury","Doubt","hermit:Quickdraw+1","infinitespire:Fortify"],"relics":["hubris:VirtuousBlindfold","Lantern","reliquary:SharkskinSheath","infinitespire:Satchel","Blood Vial","Gremlin Horn","infinitespire:Lucky Rock","Kintsugi"],"acts_visited":["Exordium","TheCity"],"potions_floor_usage":[7,16,18],"damage_taken":[{"damage":0,"enemies":"Cultist","floor":1,"turns":3},{"damage":3,"enemies":"Small Slimes","floor":2,"turns":4},{"damage":0,"enemies":"2 Louse","floor":3,"turns":2},{"damage":0,"enemies":"Exordium Wildlife","floor":4,"turns":5},{"damage":0,"enemies":"Exordium Thugs","floor":5,"turns":4},{"damage":9,"enemies":"3 Sentries","floor":6,"turns":9},{"damage":0,"enemies":"Red Slaver","floor":7,"turns":2},{"damage":7,"enemies":"Lagavulin","floor":11,"turns":5},{"damage":0,"enemies":"Lots of Slimes","floor":13,"turns":3},{"damage":33,"enemies":"The Guardian","floor":16,"turns":8},{"damage":24,"enemies":"3 Byrds","floor":18,"turns":4},{"damage":28,"enemies":"Chosen","floor":20,"turns":7}],"seed_played":"-6309167404098138605","potions_obtained":[{"floor":1,"key":"blueLaboratory:FruitPunch"},{"floor":2,"key":"Adrenaline Potion"},{"floor":3,"key":"blueLaboratory:BubblePotion"},{"floor":11,"key":"blueLaboratory:Moonshine"},{"floor":16,"key":"blueLaboratory:NullPotion"}],"is_trial":false,"path_per_floor":["M","M","M","M","M","E","M","R","T","$","E","$","M","T","R_BF","B",null,"M","?","M"],"character_chosen":"HERMIT","items_purchased":["infinitespire:Satchel","hermit:Dive"],"campfire_rested":0,"item_purchase_floors":[10,12],"current_hp_per_floor":[75,72,72,72,72,63,63,63,63,63,56,56,58,58,58,29,65,43,24,0,0],"gold":133,"neow_bonus":"BOSS_RELIC","is_daily":false,"chose_seed":false,"campfire_upgraded":1,"win_rate":0.0,"timestamp":1614458724,"path_taken":["M","M","M","M","M","E","M","R","T","?","E","$","M","?","R_BF","BOSS","M","?","M"],"items_purchased_type":["Relic","Card"],"build_version":"2020-12-22","purchased_purges":1,"victory":false,"max_hp_per_floor":[75,75,75,75,75,75,75,75,75,75,75,75,75,75,75,77,77,77,77,77,77],"relic_stats":{"Blood Vial":8,"Gremlin Horn":[2,2],"counters":[12,56],"obtain_stats":[{"Blood Vial":11,"Lantern":6,"Gremlin Horn":14,"hubris:VirtuousBlindfold":0,"infinitespire:Satchel":10,"infinitespire:Lucky Rock":15,"Kintsugi":17,"hermit:Momento":0,"reliquary:SharkskinSheath":9},{"Blood Vial":8,"Lantern":6,"Gremlin Horn":9,"hubris:VirtuousBlindfold":0,"infinitespire:Satchel":7,"infinitespire:Lucky Rock":9,"Kintsugi":10,"hermit:Momento":0,"reliquary:SharkskinSheath":7},{"Blood Vial":34,"Lantern":27,"Gremlin Horn":37,"hubris:VirtuousBlindfold":0,"infinitespire:Satchel":29,"infinitespire:Lucky Rock":37,"Kintsugi":45,"hermit:Momento":0,"reliquary:SharkskinSheath":29}]},"card_choices":[{"not_picked":["hermit:Gestalt","hermit:Headshot"],"picked":"hermit:GhostlyPresence","floor":1},{"not_picked":["hermit:Snipe","hermit:LuckOfTheDraw"],"picked":"hermit:Dive","floor":2},{"not_picked":["hermit:FlashPowder","hermit:EyeOfTheStorm"],"picked":"hermit:Enervate","floor":3},{"not_picked":["hermit:Determination","hermit:ItchyTrigger"],"picked":"hermit:Brawl","floor":4},{"not_picked":["hermit:Maintenance","hermit:Ricochet"],"picked":"hermit:Horror","floor":5},{"not_picked":["hermit:Gambit","hermit:Brawl"],"picked":"hermit:Combo","floor":6},{"not_picked":["hermit:HighCaliber","hermit:Manifest"],"picked":"hermit:Snipe","floor":7},{"not_picked":["hermit:Glare","hermit:LuckOfTheDraw","hermit:Misfire"],"picked":"SKIP","floor":11},{"not_picked":["hermit:Gambit","hermit:Coalescence"],"picked":"hermit:TrackingShot","floor":13},{"not_picked":["hermit:HeroicBravado","hermit:Reprieve"],"picked":"hermit:Adapt","floor":16},{"not_picked":["hermit:SprayPray","hermit:Gestalt"],"picked":"hermit:Quickdraw+1","floor":18},{"not_picked":["infinitespire:Starlight","ReplayTheSpireMod:??????????????????????"],"picked":"infinitespire:Fortify","floor":19}],"player_experience":397496,"relics_obtained":[{"floor":6,"key":"Lantern"},{"floor":9,"key":"reliquary:SharkskinSheath"},{"floor":11,"key":"Blood Vial"},{"floor":14,"key":"Gremlin Horn"},{"floor":15,"key":"infinitespire:Lucky Rock"}],"event_choices":[],"is_beta":false,"boss_relics":[{"not_picked":["hermit:DentedPlate","ReplayTheSpireMod:SealedPack"],"picked":"Kintsugi"}],"items_purged_floors":[10],"is_endless":false,"potions_floor_spawned":[1,2,3,5,11,16],"killed_by":"Chosen","ascension_level":5}}