{"host":"xltyy2z8nrfiikj5","time":1614437397,"event":{"mods":["BaseMod","Colored Map","Downfall","Minty Spire (QoL Compilation)","StSLib"],"gold_per_floor":[0,19,31,206,224,240,240,240,253,266,266,292,31,50,67,165,165,165,178,194,209,227,255,255,255,267,35,50,50,69,94,110,209,209,109,119,138,153,169,177,177,191,207,226,26,26,26,55,73,73,73,100,8,8,8,8,8,8],"floor_reached":56,"language":"ENG","playtime":7501,"items_purged":["Slimebound:Strike_Slimebound"],"score":879,"play_id":"1a73776e-bc22-4c76-a9ed-faaf8577d53a","local_time":"20210227094957","is_ascension_mode":true,"campfire_choices":[{"data":"Slimebound:CorrosiveSpit","floor":1.0,"key":"SMITH"},{"data":"Slimebound:Split","floor":8.0,"key":"SMITH"},{"data":"Slimebound:Darklings","floor":11.0,"key":"SMITH"},{"data":"Slimebound:Teamwork","floor":18,"key":"SMITH"},{"data":"Slimebound:RollThrough","floor":25,"key":"SMITH"},{"floor":35,"key":"RECALL"},{"data":"Slimebound:RallyTheTroops","floor":45,"key":"SMITH"},{"data":"Slimebound:LeadByExample","floor":47,"key":"SMITH"},{"data":"Slimebound:LevelUp","floor":54,"key":"SMITH"}],"circlet_count":0,"master_deck":["Slimebound:Strike_Slimebound","Slimebound:Strike_Slimebound","Slimebound:Tackle","Slimebound:Defend_Slimebound","Slimebound:Defend_Slimebound","Slimebound:Defend_Slimebound","Slimebound:Split+1","Slimebound:CorrosiveSpit+1","Slimebound:Prepare","Slimebound:Prepare","Slimebound:ServeAndProtect","Slimebound:SamplingLick","Slimebound:RollThrough+1","Slimebound:Darklings+1","Slimebound:MassFeed","Slimebound:Teamwork+1","Slimebound:LivingWall+1","Slimebound:Gluttony","Slimebound:CheckThePlaybook+1","Slimebound:GoopSpray+1","Slimebound:Prepare+1","Slimebound:LeadByExample+1","Slimebound:ForwardTackle+1","Slimebound:GoopSpray+1","Slimebound:Schlurp+1","Slimebound:ItLooksTasty+1","Slimebound:MegaLick+1","Slimebound:Prepare+1","Ghostly+1","Ghostly+1","Ghostly+1","Ghostly+1","Ghostly+1","Slimebound:MegaLick+1","Slimebound:Replication+1","Slimebound:Dissolve+1","Slimebound:RallyTheTroops+1","Slimebound:LeadByExample","Slimebound:LivingWall+1","Slimebound:FlameTackle+1","Slimebound:FormOfPuddle+1","Slimebound:BestDefense+1","Slimebound:LevelUp+1","expansioncontent:YouAreMine+1","expansioncontent:InvincibleStrength","Slimebound:LeechLife","Parasite","Slimebound:MinionMaster","Slimebound:LevelUp+1"],"relics":["Slimebound:AbsorbEndCombat","Sundial","HornCleat","Toxic Egg 2","Empty Cage","Toy Ornithopter","Matryoshka","Chemical X","Potion Belt","Snecko Eye","downfall:HeartBlessingGreen","Bottled Lightning","Anchor","downfall:HeartBlessingBlue","downfall:HeartBlessingRed","Kunai","Slimebound:MaxSlimesRelic"],"acts_visited":["Exordium","TheCity","TheBeyond","TheEnding"],"potions_floor_usage":[22,22,23,27,33,42,43,48,50,52,55,56,56],"damage_taken":[{"damage":4.0,"enemies":"2 Louse","floor":2.0,"turns":2.0},{"damage":4.0,"enemies":"Small Slimes","floor":3.0,"turns":4.0},{"damage":1.0,"enemies":"Jaw Worm","floor":5.0,"turns":5.0},{"damage":8.0,"enemies":"3 Louse","floor":6.0,"turns":3.0},{"damage":3.0,"enemies":"2 Fungi Beasts","floor":9.0,"turns":4.0},{"damage":2.0,"enemies":"downfall:LooterAlt","floor":10.0,"turns":4.0},{"damage":4.0,"enemies":"Gremlin Nob","floor":12.0,"turns":4.0},{"damage":0.0,"enemies":"downfall:FleeingMerchant","floor":13.0,"turns":4.0},{"damage":17.0,"enemies":"Large Slime","floor":14.0,"turns":4.0},{"damage":0.0,"enemies":"3 Louse","floor":15.0,"turns":2.0},{"damage":19.0,"enemies":"DF_ARCHETYPE_STREAMLINE","floor":16.0,"turns":11.0},{"damage":9,"enemies":"Spheric Guardian","floor":19,"turns":4},{"damage":0,"enemies":"Chosen","floor":20,"turns":3},{"damage":1,"enemies":"Snecko","floor":21,"turns":8},{"damage":0,"enemies":"Centurion and Healer","floor":22,"turns":5},{"damage":7,"enemies":"Slavers","floor":23,"turns":3},{"damage":13,"enemies":"3 Cultists","floor":26,"turns":5},{"damage":6,"enemies":"downfall:FleeingMerchant","floor":27,"turns":4},{"damage":6,"enemies":"Snecko","floor":28,"turns":4},{"damage":0,"enemies":"Cultist and Chosen","floor":30,"turns":7},{"damage":5,"enemies":"Book of Stabbing","floor":31,"turns":5},{"damage":11,"enemies":"Shelled Parasite and Fungi","floor":32,"turns":6},{"damage":8,"enemies":"WA_ARCHETYPE_CALM","floor":33,"turns":9},{"damage":3,"enemies":"3 Darklings","floor":36,"turns":5},{"damage":2,"enemies":"Orb Walker","floor":37,"turns":3},{"damage":0,"enemies":"3 Darklings","floor":38,"turns":5},{"damage":7,"enemies":"Maw","floor":39,"turns":4},{"damage":0,"enemies":"downfall:FleeingMerchant","floor":40,"turns":4},{"damage":5,"enemies":"Sphere and 2 Shapes","floor":42,"turns":5},{"damage":1,"enemies":"4 Shapes","floor":43,"turns":4},{"damage":0,"enemies":"Transient","floor":44,"turns":5},{"damage":39,"enemies":"Giant Head","floor":48,"turns":10},{"damage":10,"enemies":"Writhing Mass","floor":49,"turns":7},{"damage":48,"enemies":"SI_POISON_ARCHETYPE","floor":50,"turns":8},{"damage":36,"enemies":"downfall:CharBossMerchant","floor":52,"turns":8},{"damage":18,"enemies":"downfall:NeowBoss","floor":55,"turns":16},{"damage":91,"enemies":"downfall:NeowBossFinal","floor":56,"turns":9}],"seed_played":"-2445091495077653425","potions_obtained":[{"floor":3.0,"key":"EntropicBrew"},{"floor":9.0,"key":"Explosive Potion"},{"floor":15.0,"key":"Swift Potion"},{"floor":21,"key":"sneckomod:MuddlingPotion"},{"floor":23,"key":"ColorlessPotion"},{"floor":26,"key":"hexamod:SoulburnPotion"},{"floor":32,"key":"PowerPotion"},{"floor":33,"key":"CultistPotion"},{"floor":36,"key":"Guardian:BlockOnCardUsePotion"},{"floor":37,"key":"FearPotion"},{"floor":43,"key":"SpeedPotion"},{"floor":48,"key":"Fruit Juice"},{"floor":49,"key":"hexamod:SoulburnPotion"}],"is_trial":false,"path_per_floor":["R","M","M","?","M","M","T","R","M","M","R","E","$","M","M","B",null,"R","M","M","M","M","E","T","R","M","$","M","?","M","E","M","B",null,"R","M","M","M","M","$","T","M","M","M","R","?","R","E","M","B",null,"E","$","R","B","B"],"character_chosen":"SLIMEBOUND","items_purchased":["Toxic Egg 2","Chemical X","Slimebound:MegaLick+1","Bottled Lightning","Slimebound:LevelUp","hexamod:SoulburnPotion"],"campfire_rested":0,"item_purchase_floors":[13,27,27,40,53,53],"current_hp_per_floor":[77,75,75,75,77,71,71,71,72,72,72,70,72,57,74,66,89,89,80,84,92,98,97,97,97,90,95,100,52,52,49,45,46,52,52,55,53,58,56,58,58,58,63,64,74,69,69,46,42,21,79,79,79,79,70,0,0,0],"gold":8,"neow_bonus":"TWENTY_PERCENT_HP_BONUS","is_daily":false,"chose_seed":false,"campfire_upgraded":8,"win_rate":0.0,"timestamp":1614437397,"path_taken":["R","M","M","?","M","M","T","R","M","M","R","E","$","M","M","BOSS","BOSS","R","M","M","M","M","E","T","R","M","$","M","?","M","E","M","BOSS","R","M","M","M","M","$","T","M","M","M","R","?","R","E","M","BOSS","E","$","R","BOSS","BOSS"],"items_purchased_type":["Relic","Relic","Card","Relic","Card","Potion"],"build_version":"2020-12-22","purchased_purges":1,"victory":false,"max_hp_per_floor":[77,77,77,77,77,77,77,77,77,77,77,77,77,77,86,89,89,89,89,89,92,98,98,98,98,101,101,104,52,52,52,52,52,52,52,55,55,58,58,58,58,61,64,64,74,74,74,79,79,79,79,79,79,79,79,79,79,79],"card_choices":[{"not_picked":["Slimebound:PressTheAttack","Slimebound:SamplingLick"],"picked":"Slimebound:Prepare","floor":2.0},{"not_picked":["Slimebound:Schlurp","Slimebound:SlimeSpikes"],"picked":"Slimebound:Prepare","floor":3.0},{"not_picked":["Slimebound:RollThrough","Slimebound:ProtectTheBoss"],"picked":"Slimebound:ServeAndProtect","floor":5.0},{"not_picked":["Slimebound:ItLooksTasty","Slimebound:Schlurp"],"picked":"Slimebound:SamplingLick","floor":6.0},{"not_picked":["Slimebound:LeechingTouch","Slimebound:GoopTackle"],"picked":"Slimebound:RollThrough","floor":9.0},{"not_picked":["Slimebound:RollThrough","Slimebound:Nibble"],"picked":"Slimebound:Darklings","floor":10.0},{"not_picked":["Slimebound:LeechingTouch","Slimebound:LevelUp"],"picked":"Slimebound:MassFeed","floor":12.0},{"not_picked":["Slimebound:DivideAndConquer","Slimebound:SplitBruiser"],"picked":"Slimebound:Teamwork","floor":13.0},{"not_picked":["Slimebound:ForwardTackle","Slimebound:ComboTackle"],"picked":"Slimebound:LivingWall+1","floor":14.0},{"not_picked":["Slimebound:ServeAndProtect+1","Slimebound:RollThrough"],"picked":"Slimebound:Gluttony","floor":15.0},{"not_picked":["Slimebound:WasteNot+1","Slimebound:DuplicatedForm"],"picked":"Slimebound:CheckThePlaybook+1","floor":16},{"not_picked":["Slimebound:SpikyOuterGoop","Slimebound:GrowthPunch"],"picked":"Slimebound:GoopSpray+1","floor":19},{"not_picked":["Slimebound:LivingWall+1","Slimebound:ComboTackle"],"picked":"Slimebound:Prepare+1","floor":20},{"not_picked":["Slimebound:LivingWall+1","Slimebound:Gluttony"],"picked":"Slimebound:LeadByExample","floor":21},{"not_picked":["Slimebound:HungryTackle","Slimebound:GrowthPunch"],"picked":"Slimebound:ForwardTackle+1","floor":22},{"not_picked":["Slimebound:SplitAcid+1","Slimebound:LivingWall+1"],"picked":"Slimebound:GoopSpray+1","floor":23},{"not_picked":["Slimebound:LeechingTouch","Slimebound:Equalize"],"picked":"Slimebound:Schlurp+1","floor":26},{"not_picked":["Slimebound:PressTheAttack","Slimebound:ServeAndProtect+1"],"picked":"Slimebound:ItLooksTasty+1","floor":27},{"not_picked":["Slimebound:SplitBruiser+1","Slimebound:LeechLife"],"picked":"Slimebound:Prepare+1","floor":28},{"not_picked":["Slimebound:RollThrough+1","Slimebound:SlimeSpikes+1"],"picked":"Slimebound:MegaLick+1","floor":30},{"not_picked":["Slimebound:Repurpose+1","Slimebound:LeadByExample"],"picked":"Slimebound:Replication+1","floor":31},{"not_picked":["Slimebound:Replication+1","Slimebound:GoopSpray+1"],"picked":"Slimebound:Dissolve+1","floor":32},{"not_picked":["Slimebound:MassRepurpose+1","Slimebound:Recycling"],"picked":"Slimebound:RallyTheTroops","floor":33},{"not_picked":["Slimebound:GoopSpray+1","Slimebound:SlimeBarrage"],"picked":"Slimebound:LeadByExample","floor":36},{"not_picked":["Slimebound:SplitBruiser+1","Slimebound:ComboTackle"],"picked":"Slimebound:LivingWall+1","floor":37},{"not_picked":["Slimebound:SplitBruiser+1","Slimebound:DisruptingSlam"],"picked":"Slimebound:FlameTackle+1","floor":38},{"not_picked":["Slimebound:RejuvenatingLick+1","Slimebound:SplitAcid+1"],"picked":"Slimebound:FormOfPuddle+1","floor":39},{"not_picked":["Slimebound:SlimeTap+1","Slimebound:LivingWall+1","Slimebound:SplitMire+1"],"picked":"SKIP","floor":40},{"not_picked":["Slimebound:LivingWall+1","Slimebound:SlimeSpikes+1","Slimebound:GoopSpray+1"],"picked":"SKIP","floor":42},{"not_picked":["Slimebound:SlimeSpikes+1","Slimebound:RollThrough"],"picked":"Slimebound:BestDefense+1","floor":43},{"not_picked":["Slimebound:BestDefense","Slimebound:SplitLeeching+1"],"picked":"Slimebound:LevelUp+1","floor":44},{"not_picked":["expansioncontent:LastStand","expansioncontent:GuardianWhirl"],"picked":"expansioncontent:YouAreMine","floor":46},{"not_picked":["expansioncontent:LastStand","expansioncontent:Hexaburn"],"picked":"expansioncontent:InvincibleStrength","floor":46},{"not_picked":["Slimebound:SlimeSpikes+1","Slimebound:LivingWall+1"],"picked":"Slimebound:LeechLife","floor":48},{"not_picked":["Slimebound:ProtectTheBoss","Slimebound:SlimeSpikes+1","Slimebound:Gluttony"],"picked":"SKIP","floor":49},{"not_picked":["Slimebound:Prepare+1","Slimebound:LeechingTouch+1"],"picked":"Slimebound:MinionMaster","floor":52}],"player_experience":1577748,"relics_obtained":[{"floor":7.0,"key":"Sundial"},{"floor":12.0,"key":"HornCleat"},{"floor":23,"key":"Toy Ornithopter"},{"floor":24,"key":"Matryoshka"},{"floor":31,"key":"Potion Belt"},{"floor":41,"key":"Anchor"},{"floor":48,"key":"Kunai"},{"floor":52,"key":"Slimebound:MaxSlimesRelic"}],"event_choices":[{"damage_healed":0,"gold_gain":0,"player_choice":"Became a Ghost","damage_taken":0,"max_hp_gain":0,"max_hp_loss":52,"event_name":"Ghosts","floor":29,"gold_loss":0,"cards_obtained":["Ghostly","Ghostly","Ghostly","Ghostly","Ghostly"]}],"is_beta":false,"boss_relics":[{"not_picked":["Astrolabe","Slimebound:TarBlob"],"picked":"Empty Cage"},{"not_picked":["bronze:MakeshiftBattery","Runic Pyramid"],"picked":"Snecko Eye"}],"items_purged_floors":[40],"is_endless":false,"potions_floor_spawned":[3,9,10,15,21,23,26,32,33,36,37,43,48,49],"killed_by":"downfall:NeowBossFinal","ascension_level":2}}