{"host":"9rqk712yu6s3287p","time":1614437106,"event":{"mods":["ATMod(°¢èªMod)","Act Like it!","BaseMod","CapriCore","Chen","Gensokyo","Googly Eyes","Marisa£¨ìFÓê¡¡Ä§ÀíÉ³£©","Minty Spire (QoL Compilation)","MostiFishMod","Onozuka Komachi Mod","Reimu£¨²©ÀöÁéÃÎ£©","Remilia_Scarlet Moed£¨ÀÙÃ×ÀòÑÇ¡¤Ë¹¿¨À×ÌØ£©3.3.5","Remilia£¨ÀÙÃ×ÀòÑÇ£©","Replay The Spire","RumiaBox-Â¶Ã×æ«µÄÉñÃØºÐ×Ó","StSLib","The Administrix","The Immortal","The Servant 0.9.4","Yakumo Yukari mod","Youmu£¨»êÆÇÑýÃÎ£©","Yuyuko","[IsaacMod]ÒÔÈö¼âËþ","¡¾ÒÅÎï¿¨ÅÆ¡¿REMEMod","²ÐÁôÖ®Îï"],"gold_per_floor":[150,186,216,258,324,471,597,932,971,1134,1299,1556,1712,1845,2363,2672,2684,2817,2956,3082,3228,3455,3571,3720,3857,3896,4017,4157,4034,4041,4265,4265,4639,4639,4865,4865,5165,5420,5681,5957,6202,6460,6542,6891,6900,7173,7173,7428,7428,7671,7671,7671,7671,21218,21522,21522,21531,21531,21789,21907,21943,21943,22228,22228,22542,22930,22930,23222,23222,23608,23797],"floor_reached":57,"language":"ZHS","playtime":6473,"items_purged":["HellCatastrophe+1","Doubt"],"score":5913,"play_id":"b912c336-59ed-4ee3-825b-11aff52ba76a","local_time":"20210227224506","daily_mods":["Shiny","Vintage","Heirloom","Time Dilation","Flight","Elite Swarm","Lethality","Midas","Binary"],"is_ascension_mode":true,"campfire_choices":[{"data":"BloodRain+1","floor":32.0,"key":"PURGE"},{"data":"Normality","floor":49.0,"key":"PURGE"},{"floor":49,"key":"RECALL"}],"circlet_count":93,"master_deck":["AscendersBane","TricksterDevil+1","BatForm+1","ForecastOfChange+1","CurseOfVladTepes+1","ScarletMeister+1","QueenOfMidnight+1","BloodyHallows+1","HeartBreak+1","EquivalentExchange+1","KillingBlow+1","BloodyCatastrophe+1","ChaoticDestiny+1","BloodySeventeenLaser+1","ScarletCoffin+1","DemonKingCradle+1","TransientEternity+1","CeilingFear+1","MostiFishMod:SparklingWater+1","MostiFishMod:FantasySummer+1","MostiFishMod:NightSea+1","MostiFishMod:SparklingWater+1","CurseOfTheBell","AbeCurse","MostiFishMod:EE1D+1","MostiFishMod:EE1D+1","MostiFishMod:EE1D+1"],"relics":["Snecko Eye","Busted Crown","AT_ATBox","HushsDoor","SharpPlug","MoonlightInvasionPlan","FossilizedHelix","Strawberry","Replay:Towering Pillar of Hats","SynthV:TestCard","Lantern","Blue Candle","AT_RedTearstoneRing","Chameleon Ring","MawBank","Art of War","Mastiff:ReiMu","Question Card","Toy Ornithopter","Ginger","Happy Flower","D6","Happy Flower","Ginger","D6","Replay:Bandana","REME_ArchaeologicalTools","HornCleat","BloodDonationMachine","PlaceholderMod:DeVermisMysteriis","Damocles","Whetstone","ThornShield","Bag of Preparation","MoneyPower","Letter Opener","Ccalipers","Incense Burner","BookOfRevelations","CaptainsWheel","Replay:Kaleidoscope","SalivaCoin","PreservedInsect","Pen Nib","DeadEye","DeadEye","Pen Nib","PreservedInsect","Replay:Rubber Ducky","AT_ChloranthyRing","Bag of Marbles","MealTicket","Peace Pipe","FairyMaid","GodSword5","ChampionBelt","Centennial Puzzle","AT_BladeRuinedKing","Leech","Nunchaku","AT_ForceNature","Bronze Scales","AT_ArchangelStaff","The Courier","HowToJump","Divine Protection","GodSword1","AT_BellDemon","Akabeko","TheBean","Anchor","Gambling Chip","Replay:Arrowhead","MagicDraw3","Pet Ghost","YumHeart","Smiling Mask","Void","Ornamental Fan","PillsDrop","PokeGo","SteamSale","SteamSale","InkBottle","SSSystem","Potion Belt","SecretRecord","TungstenRod","Eternal Feather","AT_RabadonDeathcap","CeramicFish","Shuriken","Dream Catcher","Frozen Egg 2","PureWhite:ReiMu","SatanicBible","Boot","Ancient Tea Set","AT_EbonyIvory","AT_MibuBalloonWealth","Orichalcum","Replay:Wax Seal","MostiFishMod:Haymaker","ReplayTheSpireMod:TigerMarble","Mercury Hourglass","Replay:Mystery Machine","Oddly Smooth Stone","ReplayFunnel","ReplayTheSpireMod:Lightbulb","Replay:Bottled Eggs","Quantum Egg","CombinedTypeHook","AT_SilvercatRing","GodSword3","AT_RedNoBalance","AT_GuinsooRageblade","CrazyTorch:ReiMu","MagicDraw2","MagicDraw4","MagicDraw1","HollowDreamFlower","AT_GoldPhoenixTree","OriginationStaff","PlaceholderMod:SoulofChaos","GodSword4","AT_TimeSand","TuHaoJin","DoctorsRemote","REME_HourglassOfDeath","REME_LimitBreaker","PlaceholderMod:DaolothFragment","TypeBBloodRedTea","Bird Faced Urn","Gremlin Horn","AT_BellowingDragoncrestRing","White Beast Statue","Replay:Bottled Flurry","Darkstone Periapt","Pear","Bottled Flame","Iron Hammer","AT_Kusabimaru","Matryoshka","Replay:Bottled Steam","Mango","GodSword6","Counterbalance","BookofShadows","AT_ImmortalShieldbow","Meat on the Bone","ImprovedEquipment","Durian","Prayer Wheel","Onion Ring","Snack Pack","Mirror","AT_Manta","Replay:WaspNest","Sundial","Garlic","AnarchistCookbook","Lizard Tail","AT_DeathDance","Tea:ReiMu","MoreBug","Mummified Hand","Golden Egg","DianPoetry","GodSword7","Kunai","Replay:Bottled Snecko","RedBat","StrikeDummy","UnicornStump","Replay:Ringing Soul","Pantograph","Molten Egg 2","Singing Bowl","Pocketwatch","Bottled Tornado","TheBible","ReplayTheSpireMod:Ninjato","Thread and Needle","Toxic Egg 2","GuppysHead","Replay:Accelerometer","GnawedLeaf","BlankCard","DaCapo","PunchingBag","Calipers","Ice Cream","Torii","Gungnir","StoneCalendar","SentryEyes","AT_TheCollector","Replay:PocketPolymizer","DianDianMeat","Unceasing Top","Shovel","Turnip","BionicSphere","ChaoDraw","GuppysTail","D4","Pondfish Scales","Replay:Multitool","EdensBlessing","AntiCross","Nilry\u0027s Codex","Circlet","ScarletEmblem","Guide Book","ReplayTheSpireMod:CursedCoin","Orrery","TheAbacus","Medical Kit","ClockworkSouvenir","MostiFishMod:AdaptiveDefenses","TheBattery","TakeMeEscape","TentaclePot:ReiMu","PlaceholderMod:FlatBlood","Frozen Eye","TimeFreeze","Ying","Dodecahedron","BirthdayGift-Icosahedron","SynthV","DiscerningMonocle","Sling","REME_CardOfGreed","Strange Spoon","BirthdayGift-Tetrahedron","MetatronsCube","ChiLing","Chi","Ling","Civilization","Chaos","Tiny House","BFFS","Incubus","Chemical X","Replay:Bronze Core","BargainBundle","Cursed Key","REME_ChargedStone","Lee\u0027s Waffle","GuanYuAspect","EasyGame_NEW","Empty Cage","Coffee Dripper","REME_DuelDisc","ReplayTheSpireMod:Ring of Exchange","Ring of Misfortune","RhineSuit","Membership Card","OrangePellets","APieceOfRedMist","Ring of Chaos","Runic Pyramid","Replay:Wanted Poster","Black Star","ChiXiaoBlade","DollysMirror","Calling Bell","TimeKeys","Abe\u0027s Treasure","EE1DDrone","MegaBlast","FeatherPendant"],"acts_visited":["Exordium","TheCity","TheBeyond","TheEnding"],"potions_floor_usage":[45],"damage_taken":[{"damage":0.0,"enemies":"Cultist","floor":1.0,"turns":3.0},{"damage":0.0,"enemies":"Jaw Worm","floor":2.0,"turns":4.0},{"damage":0.0,"enemies":"Small Slimes","floor":3.0,"turns":5.0},{"damage":0.0,"enemies":"Red Slaver","floor":4.0,"turns":4.0},{"damage":0.0,"enemies":"Blue Slaver","floor":5.0,"turns":4.0},{"damage":0.0,"enemies":"Lagavulin","floor":6.0,"turns":7.0},{"damage":0.0,"enemies":"3 Louse","floor":7.0,"turns":5.0},{"damage":0.0,"enemies":"3 Sentries","floor":8.0,"turns":7.0},{"damage":0.0,"enemies":"Red Slaver","floor":10.0,"turns":3.0},{"damage":0.0,"enemies":"Gremlin Nob","floor":11.0,"turns":4.0},{"damage":0.0,"enemies":"3 Sentries","floor":12.0,"turns":5.0},{"damage":0.0,"enemies":"Gremlin Nob","floor":13.0,"turns":3.0},{"damage":0.0,"enemies":"Lagavulin","floor":14.0,"turns":3.0},{"damage":0.0,"enemies":"Hiden Room Battle","floor":15.0,"turns":4.0},{"damage":0.0,"enemies":"Slime Boss","floor":16.0,"turns":6.0},{"damage":0.0,"enemies":"REME_1_Revenger","floor":18.0,"turns":2.0},{"damage":0.0,"enemies":"Replay:Snechameleon","floor":19.0,"turns":2.0},{"damage":0.0,"enemies":"Book of Stabbing","floor":20.0,"turns":2.0},{"damage":0.0,"enemies":"Book of Stabbing","floor":21.0,"turns":2.0},{"damage":0.0,"enemies":"REME_1_Revenger","floor":22.0,"turns":3.0},{"damage":0.0,"enemies":"REME_1_Revenger","floor":23.0,"turns":1.0},{"damage":0.0,"enemies":"Slavers","floor":24.0,"turns":3.0},{"damage":0.0,"enemies":"REME_1_Revenger","floor":25.0,"turns":1.0},{"damage":0.0,"enemies":"Slavers","floor":27.0,"turns":1.0},{"damage":0.0,"enemies":"REME_1_Revenger","floor":28.0,"turns":1.0},{"damage":0.0,"enemies":"Book of Stabbing","floor":31.0,"turns":1.0},{"damage":0.0,"enemies":"Champ","floor":33.0,"turns":1.0},{"damage":0.0,"enemies":"Nemesis","floor":35.0,"turns":1.0},{"damage":0.0,"enemies":"R_Hoarder","floor":38.0,"turns":1.0},{"damage":0.0,"enemies":"Giant Head","floor":39.0,"turns":1.0},{"damage":0.0,"enemies":"R_Hoarder","floor":40.0,"turns":1.0},{"damage":0.0,"enemies":"Nemesis","floor":41.0,"turns":1.0},{"damage":0.0,"enemies":"R_Hoarder","floor":42.0,"turns":1.0},{"damage":0.0,"enemies":"Reptomancer","floor":44.0,"turns":1.0},{"damage":0.0,"enemies":"R_Hoarder","floor":46.0,"turns":1.0},{"damage":0.0,"enemies":"Giant Head","floor":48.0,"turns":1.0},{"damage":0.0,"enemies":"R_Hoarder","floor":35.0,"turns":1.0},{"damage":0.0,"enemies":"Remilia_Smww","floor":39.0,"turns":1.0},{"damage":0.0,"enemies":"Reptomancer","floor":40.0,"turns":1.0},{"damage":0.0,"enemies":"R_Hoarder","floor":44.0,"turns":1.0},{"damage":0,"enemies":"Nemesis","floor":48,"turns":1},{"damage":0,"enemies":"Donu and Deca","floor":50,"turns":1},{"damage":0,"enemies":"Awakened One","floor":51,"turns":2},{"damage":0,"enemies":"Hiden Room Battle","floor":53,"turns":1},{"damage":0,"enemies":"Shield and Spear","floor":55,"turns":1},{"damage":0,"enemies":"The Heart","floor":56,"turns":1}],"seed_played":"-1140248400830971509","potions_obtained":[{"floor":1.0,"key":"ColorlessPotion"},{"floor":1.0,"key":"Doom Potion"},{"floor":2.0,"key":"Energy Potion"},{"floor":2.0,"key":"FearPotion"},{"floor":3.0,"key":"GrandPatriotsElixir:ReiMu"},{"floor":7.0,"key":"GamblersBrew"},{"floor":8.0,"key":"Fire Potion"},{"floor":12.0,"key":"LifebloodPotion"},{"floor":13.0,"key":"Energy Potion"},{"floor":15.0,"key":"Dexterity Potion"},{"floor":19.0,"key":"Swift Potion"},{"floor":20.0,"key":"REME_GoldPotion"},{"floor":20.0,"key":"Dexterity Potion"},{"floor":23.0,"key":"MagicPotion:ReiMu"},{"floor":25.0,"key":"Adrenaline Potion"},{"floor":27.0,"key":"PanachePotion"},{"floor":28.0,"key":"GrandPatriotsElixir:ReiMu"},{"floor":31.0,"key":"Languid Potion"},{"floor":35.0,"key":"Elixir"},{"floor":37.0,"key":"Explosive Potion"},{"floor":38.0,"key":"Adrenaline Potion"},{"floor":53,"key":"ColorlessPotion"}],"is_trial":true,"path_per_floor":["M","M","M","M","M","E","M","E","T","M","E","E","E","E","R","B",null,"M","M","M","M","M","E","E","M","T","E","E","$","?","M","R","B",null,"M","?","$","M","M","E","E","E","T","E","?","E","?","E","R","M","$","?","T","?","E","?","R","T","E","$","$","?","E","R","B","B",null,"R","$","E","B",null],"character_chosen":"REMILIA","items_purchased":["SteamSale","InkBottle","SSSystem","Potion Belt","SecretRecord","TungstenRod","Eternal Feather","Gremlin Food","AT_RabadonDeathcap","CeramicFish","Shuriken","Dream Catcher","Frozen Egg 2","PureWhite:ReiMu","SatanicBible","Boot","Ancient Tea Set","AT_EbonyIvory","AT_MibuBalloonWealth","Orichalcum","Replay:Wax Seal","MostiFishMod:Haymaker","ReplayTheSpireMod:TigerMarble","Mercury Hourglass","Replay:Mystery Machine","Oddly Smooth Stone","ReplayFunnel","ReplayTheSpireMod:Lightbulb","Replay:Bottled Eggs","Quantum Egg","CombinedTypeHook","AT_SilvercatRing","GodSword3","AT_SilverBalance","AT_GuinsooRageblade","CrazyTorch:ReiMu","MagicDraw2","MagicDraw4","MagicDraw1","HollowDreamFlower","AT_GoldPhoenixTree","OriginationStaff","PlaceholderMod:SoulofChaos","GodSword4","AT_TimeSand","TuHaoJin","DoctorsRemote","REME_HourglassOfDeath","REME_LimitBreaker","PlaceholderMod:DaolothFragment","TypeBBloodRedTea","Bird Faced Urn","Gremlin Horn","AT_BellowingDragoncrestRing","White Beast Statue","Replay:Bottled Flurry","Darkstone Periapt","Pear","Bottled Flame","Iron Hammer","AT_Kusabimaru","Matryoshka","Replay:Bottled Steam","Mango","GodSword6","Counterbalance","BookofShadows","AT_ImmortalShieldbow","Meat on the Bone","ImprovedEquipment","Durian","Prayer Wheel","Onion Ring","Snack Pack","Mirror","AT_Manta","Replay:WaspNest","Sundial","Garlic","AnarchistCookbook","Lizard Tail","AT_DeathDance","Tea:ReiMu","MoreBug","Mummified Hand","Golden Egg","DianPoetry","GodSword7","Kunai","Replay:Bottled Snecko","RedBat","StrikeDummy","UnicornStump","Replay:Ringing Soul","Pantograph","Molten Egg 2","Singing Bowl","Pocketwatch","Bottled Tornado","TheBible","ReplayTheSpireMod:Ninjato","Thread and Needle","Toxic Egg 2","GuppysHead","Replay:Accelerometer","GnawedLeaf","BlankCard","DaCapo","PunchingBag","Calipers","Ice Cream","Torii","Gungnir","StoneCalendar","SentryEyes","AT_TheCollector","Replay:PocketPolymizer","DianDianMeat","Unceasing Top","Shovel","Turnip","BionicSphere","ChaoDraw","GuppysTail","D4","Pondfish Scales","ForgetMeNow","Replay:Multitool","EdensBlessing","AntiCross","Guide Book","ReplayTheSpireMod:CursedCoin","Orrery","TheAbacus","Medical Kit","ClockworkSouvenir","MostiFishMod:AdaptiveDefenses","TheBattery","Fruit Juice","FearPotion","ZuzhouPotion:ReiMu","TakeMeEscape","TentaclePot:ReiMu","PlaceholderMod:FlatBlood","Frozen Eye","TimeFreeze","ReplayTheSpireMod:ShopPack","Ying","Dodecahedron","BirthdayGift-Icosahedron","SynthV","DiscerningMonocle","Sling","REME_CardOfGreed","Strange Spoon","BirthdayGift-Tetrahedron","MetatronsCube","ChiLing","Civilization","Chaos","Tiny House","BFFS","Incubus","Chemical X","Replay:Bronze Core","BargainBundle","Cursed Key","REME_ChargedStone","Lee\u0027s Waffle","GuanYuAspect","EasyGame_NEW","Empty Cage","Coffee Dripper","REME_DuelDisc","RhineSuit","Membership Card","OrangePellets","APieceOfRedMist","Ring of Chaos","Runic Pyramid","Replay:Wanted Poster","Black Star","ChiXiaoBlade","DollysMirror","Fruit Juice","Calling Bell","TimeKeys","Abe\u0027s Treasure","EE1DDrone","MegaBlast","FeatherPendant","PowerPotion","SkillPotion","FairyPotion","SpeedPotion","FearPotion","Languid Potion","Reflective Coating","Circlet","Circlet","Circlet","Circlet","Circlet","Circlet","Circlet","Circlet","Circlet","Circlet","Circlet","Circlet","Circlet","Circlet","Circlet","Circlet","Circlet","Circlet","Circlet","Circlet","Circlet","Circlet","Circlet","Circlet"],"campfire_rested":0,"item_purchase_floors":[29,29,29,29,29,29,29,29,29,29,29,29,29,29,29,29,29,29,29,29,29,29,29,29,29,29,29,29,29,29,29,29,29,29,29,29,29,29,29,29,29,29,29,29,29,29,29,29,29,29,29,29,29,29,29,29,29,29,29,29,29,29,29,29,29,29,29,29,29,29,29,29,29,29,29,29,29,29,29,29,29,29,29,29,29,29,29,29,29,29,29,29,29,29,29,29,29,29,29,29,29,29,29,29,29,29,29,29,29,29,29,29,29,29,29,29,29,29,29,29,29,29,29,29,29,29,29,29,29,29,37,37,37,37,37,37,37,37,37,37,37,37,37,37,37,37,37,37,37,37,37,37,37,37,37,37,37,37,37,37,37,37,37,37,37,37,37,37,37,37,37,37,37,37,36,36,36,45,45,45,45,45,45,45,45,45,46,46,46,46,46,46,46,46,46,46,46,46,54,54,54,54,54,54,54,54,54,54,54,54,54,54,54,54,54,54,54,54,54,54,54,54],"current_hp_per_floor":[70,70,70,70,70,70,70,75,75,77,77,77,77,77,67,67,77,77,77,77,77,77,77,77,77,77,77,77,106,101,93,108,121,134,158,161,103,121,140,160,181,203,213,230,243,265,268,290,290,312,312,315,318,383,404,409,421,421,443,36,20,23,75,93,202,398,493,506,506,513,518],"gold":23797,"neow_bonus":"","is_daily":false,"chose_seed":false,"campfire_upgraded":0,"win_rate":0.0,"timestamp":1614437106,"path_taken":["M","M","M","M","M","E","M","E","T","M","E","E","E","E","R","BOSS","M","M","M","M","M","E","E","M","T","E","E","$","?","M","R","BOSS","M","?","$","M","M","E","E","E","T","E","?","E","?","E","R","M","$","?","?","?","E","?","R","T","E","$","$","?","E","R","BOSS","BOSS","R","$","E","BOSS"],"items_purchased_type":["Relic","Relic","Relic","Relic","Relic","Relic","Relic","Relic","Relic","Relic","Relic","Relic","Relic","Relic","Relic","Relic","Relic","Relic","Relic","Relic","Relic","Relic","Relic","Relic","Relic","Relic","Relic","Relic","Relic","Relic","Relic","Relic","Relic","Relic","Relic","Relic","Relic","Relic","Relic","Relic","Relic","Relic","Relic","Relic","Relic","Relic","Relic","Relic","Relic","Relic","Relic","Relic","Relic","Relic","Relic","Relic","Relic","Relic","Relic","Relic","Relic","Relic","Relic","Relic","Relic","Relic","Relic","Relic","Relic","Relic","Relic","Relic","Relic","Relic","Relic","Relic","Relic","Relic","Relic","Relic","Relic","Relic","Relic","Relic","Relic","Relic","Relic","Relic","Relic","Relic","Relic","Relic","Relic","Relic","Relic","Relic","Relic","Relic","Relic","Relic","Relic","Relic","Relic","Relic","Relic","Relic","Relic","Relic","Relic","Relic","Relic","Relic","Relic","Relic","Relic","Relic","Relic","Relic","Relic","Relic","Relic","Relic","Relic","Relic","Relic","Relic","Relic","Relic","Relic","Relic","Relic","Relic","Relic","Relic","Relic","Relic","Relic","Relic","Potion","Potion","Potion","Relic","Relic","Relic","Relic","Relic","Relic","Relic","Relic","Relic","Relic","Relic","Relic","Relic","Relic","Relic","Relic","Relic","Relic","Card","Relic","Relic","Relic","Relic","Relic","Relic","Relic","Relic","Relic","Relic","Relic","Relic","Relic","Relic","Relic","Relic","Relic","Relic","Relic","Relic","Relic","Relic","Relic","Relic","Potion","Relic","Relic","Relic","Relic","Relic","Relic","Potion","Potion","Potion","Potion","Potion","Potion","Potion","Undefined","Undefined","Undefined","Undefined","Undefined","Undefined","Undefined","Undefined","Undefined","Undefined","Undefined","Undefined","Undefined","Undefined","Undefined","Undefined","Undefined","Undefined","Undefined","Undefined","Undefined","Undefined","Undefined","Undefined"],"build_version":"2020-12-22","purchased_purges":2,"victory":true,"max_hp_per_floor":[77,77,77,77,77,77,77,77,77,77,77,77,77,77,77,77,77,77,77,77,77,77,77,77,77,77,77,77,106,109,129,129,136,136,158,161,103,121,140,160,181,203,213,230,243,265,268,290,290,312,312,315,318,383,405,410,421,421,443,466,501,479,489,489,494,499,499,506,506,513,518],"card_choices":[{"not_picked":["KillingBlow","TricksterDevil"],"picked":"SKIP","floor":6.0},{"not_picked":["TransientEternity","BloodyCatastrophe","BloodySeventeenLaser"],"picked":"SKIP","floor":8.0},{"not_picked":["TransientEternity","BloodyCatastrophe","BloodySeventeenLaser"],"picked":"SKIP","floor":8.0},{"not_picked":["DemonKingCradle","ChaoticDestiny","ScarletCoffin"],"picked":"SKIP","floor":11.0},{"not_picked":["BloodySeventeenLaser","TricksterDevil","KillingBlow"],"picked":"SKIP","floor":12.0},{"not_picked":["TransientEternity","HellCatastrophe","ForecastOfChange"],"picked":"SKIP","floor":13.0},{"not_picked":["TricksterDevil","BloodyHallows","DemonKingCradle"],"picked":"SKIP","floor":14.0},{"not_picked":["DemonKingCradle","QueenOfMidnight","BloodyHallows"],"picked":"SKIP","floor":18.0},{"not_picked":["BloodySeventeenLaser","CeilingFear","EquivalentExchange"],"picked":"SKIP","floor":19.0},{"not_picked":["CeilingFear","ScarletMeister","ForecastOfChange"],"picked":"SKIP","floor":21.0},{"not_picked":["HeartBreak","TricksterDevil","BloodRain"],"picked":"SKIP","floor":23.0},{"not_picked":["DemonKingCradle","QueenOfMidnight","BloodySeventeenLaser"],"picked":"SKIP","floor":24.0},{"not_picked":["TransientEternity","ScarletMeister","ChaoticDestiny"],"picked":"SKIP","floor":25.0},{"not_picked":["ForecastOfChange","DemonKingCradle","HeartBreak"],"picked":"SKIP","floor":27.0},{"not_picked":["QueenOfMidnight","ScarletMeister","BloodRain"],"picked":"SKIP","floor":28.0},{"not_picked":["CurseOfVladTepes+1","BatForm+1","TricksterDevil+1"],"picked":"Singing Bowl","floor":31.0},{"not_picked":["QueenOfMidnight+1","ChaoticDestiny+1","CeilingFear+1"],"picked":"Singing Bowl","floor":33.0},{"not_picked":["QueenOfMidnight+1","ForecastOfChange+1","BloodyHallows+1"],"picked":"Singing Bowl","floor":35.0},{"not_picked":["VampireKiss+1","MastersStateliness+1","VampirishNight+1"],"picked":"Singing Bowl","floor":37.0},{"not_picked":["RedNightlessCastle+1","CharismaGuard+1","AfternoonTea+1"],"picked":"Singing Bowl","floor":37.0},{"not_picked":["QueenOfMidnight+1","ScarletDevil+1","NightDance+1"],"picked":"Singing Bowl","floor":37.0},{"not_picked":["LeisurelyOfLord+1","ScarletDevil+1","Stigmanizer+1"],"picked":"Singing Bowl","floor":37.0},{"not_picked":["UnstableMagic+1","DiffusionOfMisfortune+1","CharismaGuard+1"],"picked":"Singing Bowl","floor":37.0},{"not_picked":["ChaosCard","REME_ProfessionalPlagiarism","MostiFishMod:Awakening"],"picked":"Singing Bowl","floor":37.0},{"not_picked":["ReplayTheSpireMod:Brewmster","AT_BreakingExtremeWeapon","AT_TearsDenial"],"picked":"Singing Bowl","floor":37.0},{"not_picked":["Survey Options","Sadistic Nature","MostiFishMod:ForestofLight"],"picked":"Singing Bowl","floor":37.0},{"not_picked":["VampireKiss+1","MastersStateliness+1","VampirishNight+1"],"picked":"Singing Bowl","floor":37.0},{"not_picked":["RedNightlessCastle+1","CharismaGuard+1","AfternoonTea+1"],"picked":"Singing Bowl","floor":37.0},{"not_picked":["QueenOfMidnight+1","ScarletDevil+1","NightDance+1"],"picked":"Singing Bowl","floor":37.0},{"not_picked":["LeisurelyOfLord+1","ScarletDevil+1","Stigmanizer+1"],"picked":"Singing Bowl","floor":37.0},{"not_picked":["BombardNight+1","EternalNight+1","BloodHunter+1"],"picked":"Singing Bowl","floor":37.0},{"not_picked":["BloodyCatastrophe+1","HellCatastrophe+1","BloodyHallows+1"],"picked":"Singing Bowl","floor":38.0},{"not_picked":["TricksterDevil+1","BloodyCatastrophe+1","CurseOfVladTepes+1"],"picked":"Singing Bowl","floor":39.0},{"not_picked":["ScarletCoffin+1","BloodyCatastrophe+1","TransientEternity+1"],"picked":"Singing Bowl","floor":40.0},{"not_picked":["QueenOfMidnight+1","HellCatastrophe+1","ScarletMeister+1"],"picked":"Singing Bowl","floor":41.0},{"not_picked":["KillingBlow+1","ScarletCoffin+1","BloodRain+1"],"picked":"Singing Bowl","floor":42.0},{"not_picked":["ChaoticDestiny+1","BatForm+1","KillingBlow+1"],"picked":"Singing Bowl","floor":44.0},{"not_picked":["EquivalentExchange+1","ScarletCoffin+1","BloodyHallows+1"],"picked":"Singing Bowl","floor":46.0},{"not_picked":["BloodySeventeenLaser+1","BatForm+1","TransientEternity+1"],"picked":"Singing Bowl","floor":48.0},{"not_picked":["BloodyHallows+1","ForecastOfChange+1","QueenOfMidnight+1"],"picked":"Singing Bowl","floor":35.0},{"not_picked":["StarOfDavid+1","FavorOfDestiny+1","BombardNight+1"],"picked":"Singing Bowl","floor":39.0},{"not_picked":["ForecastOfChange+1","BloodyCatastrophe+1","DemonKingCradle+1"],"picked":"Singing Bowl","floor":40.0},{"not_picked":["Master of Strategy+1","MostiFishMod:ButterFly+1","AT_PowerWithin+1"],"picked":"Singing Bowl","floor":41.0},{"not_picked":["ForecastOfChange+1","BloodySeventeenLaser+1","TricksterDevil+1"],"picked":"Singing Bowl","floor":44.0},{"not_picked":["KillingBlow+1","BloodyHallows+1","EquivalentExchange+1"],"picked":"Singing Bowl","floor":48},{"not_picked":["UnstableMagic+1","BlasphemousPunishment+1","RedNightlessCastle+1"],"picked":"Singing Bowl","floor":53},{"not_picked":["QueenOfMidnight+1","HeartBreak+1","ScarletCoffin+1"],"picked":"Singing Bowl","floor":55}],"player_experience":632365,"relics_obtained":[{"floor":1.0,"key":"Strawberry"},{"floor":1.0,"key":"Replay:Towering Pillar of Hats"},{"floor":1.0,"key":"SynthV:TestCard"},{"floor":2.0,"key":"Lantern"},{"floor":2.0,"key":"Replay:Baseball"},{"floor":3.0,"key":"Blue Candle"},{"floor":3.0,"key":"ScarletDevilRocket"},{"floor":3.0,"key":"AT_RedTearstoneRing"},{"floor":4.0,"key":"Chameleon Ring"},{"floor":4.0,"key":"MawBank"},{"floor":5.0,"key":"Art of War"},{"floor":5.0,"key":"Mastiff:ReiMu"},{"floor":6.0,"key":"Question Card"},{"floor":6.0,"key":"Toy Ornithopter"},{"floor":7.0,"key":"Ginger"},{"floor":7.0,"key":"Happy Flower"},{"floor":7.0,"key":"D6"},{"floor":7.0,"key":"Happy Flower"},{"floor":7.0,"key":"Ginger"},{"floor":7.0,"key":"D6"},{"floor":7.0,"key":"Replay:Bandana"},{"floor":8.0,"key":"REME_ArchaeologicalTools"},{"floor":8.0,"key":"HornCleat"},{"floor":8.0,"key":"BloodDonationMachine"},{"floor":9.0,"key":"PlaceholderMod:DeVermisMysteriis"},{"floor":10.0,"key":"Damocles"},{"floor":11.0,"key":"Whetstone"},{"floor":11.0,"key":"ThornShield"},{"floor":12.0,"key":"Bag of Preparation"},{"floor":12.0,"key":"MoneyPower"},{"floor":12.0,"key":"Letter Opener"},{"floor":12.0,"key":"Ccalipers"},{"floor":13.0,"key":"Incense Burner"},{"floor":13.0,"key":"BookOfRevelations"},{"floor":13.0,"key":"CaptainsWheel"},{"floor":14.0,"key":"Replay:Kaleidoscope"},{"floor":14.0,"key":"SalivaCoin"},{"floor":15.0,"key":"PreservedInsect"},{"floor":15.0,"key":"Pen Nib"},{"floor":15.0,"key":"DeadEye"},{"floor":15.0,"key":"DeadEye"},{"floor":15.0,"key":"Pen Nib"},{"floor":15.0,"key":"PreservedInsect"},{"floor":15.0,"key":"Replay:Rubber Ducky"},{"floor":15.0,"key":"AT_ChloranthyRing"},{"floor":15.0,"key":"Bag of Marbles"},{"floor":15.0,"key":"MealTicket"},{"floor":16.0,"key":"Peace Pipe"},{"floor":16.0,"key":"FairyMaid"},{"floor":16.0,"key":"GodSword5"},{"floor":18.0,"key":"Centennial Puzzle"},{"floor":18.0,"key":"AT_BladeRuinedKing"},{"floor":18.0,"key":"Leech"},{"floor":19.0,"key":"Nunchaku"},{"floor":19.0,"key":"AT_ForceNature"},{"floor":19.0,"key":"Bronze Scales"},{"floor":20.0,"key":"AT_ArchangelStaff"},{"floor":20.0,"key":"The Courier"},{"floor":20.0,"key":"HowToJump"},{"floor":21.0,"key":"Omamori"},{"floor":21.0,"key":"Divine Protection"},{"floor":22.0,"key":"GodSword1"},{"floor":23.0,"key":"AT_BellDemon"},{"floor":23.0,"key":"Akabeko"},{"floor":23.0,"key":"TheBean"},{"floor":24.0,"key":"Anchor"},{"floor":24.0,"key":"Gambling Chip"},{"floor":24.0,"key":"Replay:Arrowhead"},{"floor":25.0,"key":"MagicDraw3"},{"floor":25.0,"key":"Pet Ghost"},{"floor":25.0,"key":"YumHeart"},{"floor":27.0,"key":"Smiling Mask"},{"floor":27.0,"key":"Void"},{"floor":27.0,"key":"Ornamental Fan"},{"floor":27.0,"key":"PillsDrop"},{"floor":28.0,"key":"Diplopia"},{"floor":28.0,"key":"ArrowTower"},{"floor":28.0,"key":"PokeGo"},{"floor":30.0,"key":"Nilry\u0027s Codex"},{"floor":31.0,"key":"Circlet"},{"floor":31.0,"key":"Circlet"},{"floor":31.0,"key":"Circlet"},{"floor":33.0,"key":"Circlet"},{"floor":35.0,"key":"Circlet"},{"floor":35.0,"key":"Circlet"},{"floor":35.0,"key":"Circlet"},{"floor":35.0,"key":"Circlet"},{"floor":38.0,"key":"Circlet"},{"floor":38.0,"key":"Circlet"},{"floor":38.0,"key":"Circlet"},{"floor":39.0,"key":"Circlet"},{"floor":39.0,"key":"Circlet"},{"floor":39.0,"key":"Circlet"},{"floor":40.0,"key":"Circlet"},{"floor":40.0,"key":"Circlet"},{"floor":40.0,"key":"Circlet"},{"floor":41.0,"key":"Circlet"},{"floor":41.0,"key":"Circlet"},{"floor":41.0,"key":"Circlet"},{"floor":42.0,"key":"Circlet"},{"floor":42.0,"key":"Circlet"},{"floor":42.0,"key":"Circlet"},{"floor":43.0,"key":"Circlet"},{"floor":43.0,"key":"Circlet"},{"floor":44.0,"key":"Circlet"},{"floor":44.0,"key":"Circlet"},{"floor":44.0,"key":"Circlet"},{"floor":45.0,"key":"ReplayTheSpireMod:Ring of Exchange"},{"floor":45.0,"key":"Ring of Misfortune"},{"floor":46.0,"key":"Circlet"},{"floor":46.0,"key":"Circlet"},{"floor":46.0,"key":"Circlet"},{"floor":48.0,"key":"Circlet"},{"floor":48.0,"key":"Circlet"},{"floor":48.0,"key":"Circlet"},{"floor":35.0,"key":"Circlet"},{"floor":35.0,"key":"Circlet"},{"floor":35.0,"key":"Circlet"},{"floor":39.0,"key":"Circlet"},{"floor":39.0,"key":"Circlet"},{"floor":39.0,"key":"Circlet"},{"floor":39.0,"key":"Circlet"},{"floor":39.0,"key":"Circlet"},{"floor":39.0,"key":"Circlet"},{"floor":39.0,"key":"Circlet"},{"floor":39.0,"key":"Circlet"},{"floor":39.0,"key":"Circlet"},{"floor":39.0,"key":"Circlet"},{"floor":39.0,"key":"Circlet"},{"floor":40.0,"key":"Circlet"},{"floor":40.0,"key":"Circlet"},{"floor":40.0,"key":"Circlet"},{"floor":44.0,"key":"Circlet"},{"floor":44.0,"key":"Circlet"},{"floor":44.0,"key":"Circlet"},{"floor":45,"key":"Circlet"},{"floor":45,"key":"Circlet"},{"floor":45,"key":"Circlet"},{"floor":48,"key":"Circlet"},{"floor":48,"key":"Circlet"},{"floor":48,"key":"Circlet"},{"floor":48,"key":"Circlet"},{"floor":53,"key":"Circlet"},{"floor":53,"key":"Circlet"},{"floor":53,"key":"Circlet"},{"floor":53,"key":"Circlet"},{"floor":55,"key":"Circlet"},{"floor":55,"key":"Circlet"},{"floor":55,"key":"Circlet"},{"floor":55,"key":"Circlet"}],"event_choices":[{"damage_healed":0.0,"max_hp_gain":0.0,"max_hp_loss":0.0,"gold_gain":0.0,"event_name":"HidenRoomEvent","player_choice":"Fight","floor":15.0,"gold_loss":0.0,"damage_taken":0.0},{"damage_healed":0.0,"max_hp_gain":0.0,"max_hp_loss":0.0,"gold_gain":0.0,"event_name":"Cursed Tome","player_choice":"Obtained Book","floor":30.0,"gold_loss":0.0,"damage_taken":21.0},{"damage_healed":0.0,"max_hp_gain":0.0,"max_hp_loss":0.0,"gold_gain":0.0,"event_name":"Mysterious Sphere","player_choice":"Ignored","floor":47.0,"gold_loss":0.0,"damage_taken":0.0},{"damage_healed":0.0,"max_hp_gain":0.0,"max_hp_loss":0.0,"gold_gain":0.0,"event_name":"SensoryStone","player_choice":"Memory 1","floor":41.0,"gold_loss":0.0,"damage_taken":0.0},{"damage_healed":0.0,"max_hp_gain":0.0,"max_hp_loss":0.0,"gold_gain":0.0,"event_name":"MindBloom","player_choice":"Heal","floor":42.0,"gold_loss":0.0,"damage_taken":0.0,"cards_obtained":["Doubt"]},{"damage_healed":0,"gold_gain":0,"player_choice":"Max HP","damage_taken":0,"max_hp_gain":0,"max_hp_loss":25,"event_name":"Winding Halls","floor":47,"gold_loss":0},{"damage_healed":0,"gold_gain":0,"player_choice":"Fight","damage_taken":0,"max_hp_gain":0,"max_hp_loss":0,"event_name":"HidenRoomEvent","floor":53,"gold_loss":0}],"is_beta":false,"boss_relics":[{"not_picked":["HereWithMe","ChewingGum"],"picked":"ChampionBelt"},{"not_picked":[]},{"not_picked":["Runic Dome","OneHitWonderSystem"],"picked":"ScarletEmblem"},{"not_picked":[]}],"items_purged_floors":[29,45],"is_endless":false,"potions_floor_spawned":[1,2,6,7,8,10,20,22,28,31,33,35,38,39,40,41,42,44,46,48,35,39,40,44,48,53,55],"ascension_level":20}}