{"host":"8av5he6utbys9oi5","time":1614420375,"event":{"mods":["BaseMod","GungeonMod","Marisa£®ÏF”Í°°ƒß¿Ì…≥£©","Minty Spire (QoL Compilation)","Replay The Spire","StSLib"],"gold_per_floor":[110,110,35,46,46,80,99,110,110,141,141,153,194,194,194,313,313,327,357,357,297,197,208,208,298,298,342,374,202,248,282,282,379,379,410,260,260,279,295,295,322,322,322,372,372,197,211,225,225,225],"floor_reached":51,"language":"ZHS","playtime":2856,"items_purged":["Strike_MRS","SatelliteIllusion","Defend_MRS","WitchOfGreed","UpSweep"],"score":957,"play_id":"1e25e25b-a09d-4b52-bc2a-61a9cb6d8640","local_time":"20210227180615","is_ascension_mode":true,"campfire_choices":[{"data":"BlazeAway","floor":11.0,"key":"SMITH"},{"floor":15.0,"key":"REST"},{"data":"BinaryStars","floor":24.0,"key":"SMITH"},{"floor":32,"key":"DIG"},{"data":"SuperNova","floor":40,"key":"SMITH"},{"floor":42,"key":"RECALL"},{"data":"WitchLeyline","floor":45,"key":"SMITH"}],"circlet_count":0,"master_deck":["Defend_MRS","ShootingEcho+1","StarBarrage","BlazeAway+1","SuperNova+1","PropBag+1","BinaryStars+1","Dark Shackles","PulseMagic+1","MysteriousBeam","WitchLeyline+1","MilkyWay+1","MilkyWay+1"],"relics":["MiniHakkero","NeowsBlessing","Lantern","Question Card","DemoMod:PoisonVial","Durian","Replay:Drink Me","DemoMod:SerJunkan","DemoMod:Junk","Busted Crown","Torii"],"acts_visited":["Exordium","TheCity","TheBeyond"],"potions_floor_usage":[39,48,48,50],"damage_taken":[{"damage":0.0,"enemies":"Small Slimes","floor":1.0,"turns":1.0},{"damage":0.0,"enemies":"Cultist","floor":4.0,"turns":1.0},{"damage":0.0,"enemies":"3 Sentries","floor":6.0,"turns":1.0},{"damage":2.0,"enemies":"2 Louse","floor":7.0,"turns":2.0},{"damage":7.0,"enemies":"Blue Slaver","floor":8.0,"turns":2.0},{"damage":10.0,"enemies":"Gremlin Nob","floor":10.0,"turns":3.0},{"damage":6.0,"enemies":"Exordium Wildlife","floor":12.0,"turns":2.0},{"damage":25.0,"enemies":"Lagavulin","floor":13.0,"turns":6.0},{"damage":4.0,"enemies":"The Guardian","floor":16.0,"turns":8.0},{"damage":13.0,"enemies":"2 Thieves","floor":18.0,"turns":3.0},{"damage":0.0,"enemies":"Chosen","floor":19.0,"turns":3.0},{"damage":0.0,"enemies":"Centurion and Healer","floor":23.0,"turns":5.0},{"damage":1.0,"enemies":"Slavers","floor":27.0,"turns":5.0},{"damage":0.0,"enemies":"Snecko","floor":28.0,"turns":4.0},{"damage":0.0,"enemies":"Book of Stabbing","floor":30.0,"turns":4.0},{"damage":0.0,"enemies":"Shelled Parasite and Fungi","floor":31.0,"turns":4.0},{"damage":0,"enemies":"Collector","floor":33,"turns":4},{"damage":1,"enemies":"3 Shapes","floor":35,"turns":3},{"damage":0,"enemies":"Orb Walker","floor":38,"turns":2},{"damage":0,"enemies":"Maw","floor":39,"turns":4},{"damage":0,"enemies":"Nemesis","floor":41,"turns":3},{"damage":2,"enemies":"Mind Bloom Boss Battle","floor":44,"turns":4},{"damage":0,"enemies":"Sphere and 2 Shapes","floor":47,"turns":3},{"damage":0,"enemies":"Jaw Worm Horde","floor":48,"turns":2},{"damage":1,"enemies":"Donu and Deca","floor":50,"turns":4}],"seed_played":"-6111144134159723864","potions_obtained":[{"floor":6.0,"key":"DemoMod:LeadSkinPotion"},{"floor":7.0,"key":"LiquidBronze"},{"floor":10.0,"key":"Explosive Potion"},{"floor":13.0,"key":"Fire Potion"},{"floor":16.0,"key":"AttackPotion"},{"floor":18.0,"key":"Explosive Potion"},{"floor":23.0,"key":"DemoMod:LeadSkinPotion"},{"floor":28.0,"key":"Fire Potion"},{"floor":39,"key":"Explosive Potion"},{"floor":49,"key":"Cursed Concoction"},{"floor":49,"key":"StarNLove"}],"is_trial":false,"path_per_floor":["M","?","$","M","?","E","M","M","T","E","R","M","E","?","R","B",null,"M","M","?","?","$","M","R","?","T","E","M","$","E","M","R","B",null,"M","$","?","M","M","R","E","R","T","?","R","$","M","M","R","B",null],"character_chosen":"MARISA","items_purchased":["WitchLeyline"],"campfire_rested":1,"item_purchase_floors":[29],"current_hp_per_floor":[75,75,75,75,68,68,66,59,59,49,49,43,23,23,47,43,60,47,47,47,47,47,47,47,29,29,28,28,28,28,28,28,28,60,59,59,59,59,59,59,59,59,59,57,57,57,57,57,57,56],"gold":225,"neow_bonus":"THREE_ENEMY_KILL","is_daily":false,"chose_seed":false,"campfire_upgraded":4,"win_rate":0.0,"timestamp":1614420375,"path_taken":["M","?","$","?","?","E","M","M","T","E","R","M","E","?","R","BOSS","M","M","?","?","$","?","R","?","T","E","?","$","E","M","R","BOSS","M","$","?","M","M","R","E","R","T","?","R","$","M","?","R","BOSS"],"items_purchased_type":["Card"],"build_version":"2020-12-22","purchased_purges":5,"victory":true,"max_hp_per_floor":[75,75,75,75,75,75,75,75,75,75,75,75,80,80,80,80,60,60,60,60,60,60,60,60,60,60,60,60,60,60,60,60,60,60,60,60,60,60,60,60,60,60,60,60,60,60,60,60,60,60],"card_choices":[{"not_picked":["WitchLeyline","DoubleSpark"],"picked":"ShootingEcho","floor":1.0},{"not_picked":["LuminesStrike","IllusionStar"],"picked":"StarBarrage","floor":4.0},{"not_picked":["IllusionStar","StarBarrage"],"picked":"BlazeAway","floor":6.0},{"not_picked":["ChargingUp","Occultation","IllusionStar"],"picked":"SKIP","floor":7.0},{"not_picked":["AbsoluteMagnitude","Acceleration","WitchOfGreed"],"picked":"SKIP","floor":8.0},{"not_picked":["PowerUp","StarBarrage","PulseMagic","DoubleSpark"],"picked":"SKIP","floor":10.0},{"not_picked":["NonDirectionalLaser","MysteriousBeam","GravityBeat"],"picked":"WitchOfGreed","floor":12.0},{"not_picked":["Acceleration","OortCloud","StarlightTyphoon","BlazeAway"],"picked":"SKIP","floor":13.0},{"not_picked":["JA","BlazingStar","SatelliteIllusion"],"picked":"SuperNova","floor":16.0},{"not_picked":["MagicChant+1","NonDirectionalLaser+1","Orbital+1"],"picked":"PropBag+1","floor":18.0},{"not_picked":["FairyDestructionRay","GravityBeat","MilkyWay","ShootingEcho"],"picked":"SKIP","floor":19.0},{"not_picked":["StarlightTyphoon","GalacticHalo","NonDirectionalLaser","MeteoricShower"],"picked":"SKIP","floor":23.0},{"not_picked":["UnstableBomb+1","PowerUp+1","DC"],"picked":"PulseMagic+1","floor":27.0},{"not_picked":["Acceleration","LuminesStrike","StarlightTyphoon+1"],"picked":"MysteriousBeam","floor":28.0},{"not_picked":["DoubleSpark+1","JA","AsteroidBelt"],"picked":"MilkyWay+1","floor":30.0},{"not_picked":["WitchLeyline","GalacticHalo","UnstableBomb","EventHorizon"],"picked":"SKIP","floor":31.0},{"not_picked":["EventHorizon+1","GalacticHalo"],"picked":"SKIP","floor":35},{"not_picked":["PowerUp+1","DoubleSpark+1"],"picked":"SKIP","floor":38},{"not_picked":["UltimateShortwave","SporeBomb"],"picked":"SKIP","floor":39},{"not_picked":["DoubleSpark+1","IllusionStar+1"],"picked":"SKIP","floor":41},{"not_picked":["MysteriousBeam"],"picked":"MilkyWay+1","floor":47},{"not_picked":["GalacticHalo+1","StarlightTyphoon"],"picked":"SKIP","floor":48}],"player_experience":227105,"relics_obtained":[{"floor":6.0,"key":"Lantern"},{"floor":9.0,"key":"Question Card"},{"floor":10.0,"key":"DemoMod:PoisonVial"},{"floor":13.0,"key":"Durian"},{"floor":26.0,"key":"DemoMod:SerJunkan"},{"floor":27.0,"key":"DemoMod:Junk"},{"floor":30.0,"key":"DemoMod:Junk"},{"floor":32,"key":"DemoMod:Junk"},{"floor":41,"key":"DemoMod:Junk"},{"floor":43,"key":"Torii"},{"floor":44,"key":"DemoMod:Junk"}],"event_choices":[{"damage_healed":0.0,"max_hp_gain":0.0,"max_hp_loss":0.0,"gold_gain":0.0,"event_name":"Accursed Blacksmith","player_choice":"Forge","floor":2.0,"gold_loss":0.0,"damage_taken":0.0,"cards_upgraded":["ShootingEcho"]},{"cards_removed":["Strike_MRS"],"damage_healed":0.0,"max_hp_gain":0.0,"max_hp_loss":0.0,"gold_gain":0.0,"event_name":"Golden Wing","player_choice":"Card Removal","floor":5.0,"gold_loss":0.0,"damage_taken":7.0},{"damage_healed":0.0,"max_hp_gain":0.0,"max_hp_loss":0.0,"gold_gain":0.0,"cards_transformed":["MasterSpark","Defend_MRS"],"event_name":"Designer","player_choice":"Transformed Cards","floor":21.0,"gold_loss":60.0,"damage_taken":0.0,"cards_obtained":["SatelliteIllusion","BinaryStars"]},{"damage_healed":0.0,"max_hp_gain":0.0,"max_hp_loss":0.0,"gold_gain":90.0,"event_name":"Knowing Skull","player_choice":"CARD GOLD ","floor":25.0,"potions_obtained":[],"gold_loss":0.0,"damage_taken":18.0,"cards_obtained":["Dark Shackles"]},{"damage_healed":0,"gold_gain":0,"player_choice":"Memory 1","damage_taken":0,"max_hp_gain":0,"max_hp_loss":0,"event_name":"SensoryStone","floor":37,"gold_loss":0},{"damage_healed":0,"gold_gain":0,"player_choice":"Fight","damage_taken":0,"max_hp_gain":0,"max_hp_loss":0,"event_name":"MindBloom","floor":44,"gold_loss":0}],"is_beta":false,"boss_relics":[{"not_picked":["BewitchedHakkero","Coffee Dripper"],"picked":"Replay:Drink Me"},{"not_picked":["Runic Pyramid","Runic Dome"],"picked":"Busted Crown"}],"items_purged_floors":[3,22,29,36,46],"is_endless":false,"potions_floor_spawned":[6,7,10,13,16,18,23,31,39,44,47],"ascension_level":3}}