{"host":"2ty4h143nj8vwezc","time":1614442464,"event":{"mods":["BaseMod","Colored Map","Googly Eyes","Highlight Path","Minty Spire (QoL Compilation)","Quick Restart","StSLib"],"gold_per_floor":[115,115,132,143,43,8,8,33,33,60,60,80,100,110,110,187,187,199,216,39,52,52,52],"floor_reached":22,"language":"ENG","playtime":873,"items_purged":["Pain","Defend_B"],"score":459,"play_id":"25cfe577-351e-4a65-ba8f-06e82f912b3a","local_time":"20210227111424","is_ascension_mode":true,"campfire_choices":[{"data":"Defragment","floor":7.0,"key":"SMITH"},{"floor":11.0,"key":"REST"},{"data":"Fusion","floor":15.0,"key":"SMITH"}],"circlet_count":0,"master_deck":["AscendersBane","Strike_B","Strike_B","Defend_B","Defend_B","Zap","Dualcast","Defragment+1","Ball Lightning","Thunder Strike","Go for the Eyes","Coolheaded","BootSequence","White Noise","Reinforced Body","Fusion+1","Creative AI","Force Field+1","Static Discharge+1","White Noise+1","Beam Cell+1","Storm","Conserve Battery"],"relics":["Cracked Core","NeowsBlessing","WarpedTongs","White Beast Statue","Bottled Tornado","Mercury Hourglass","Astrolabe"],"acts_visited":["Exordium","TheCity"],"potions_floor_usage":[21,21,22],"damage_taken":[{"damage":0.0,"enemies":"Small Slimes","floor":1.0,"turns":1.0},{"damage":0.0,"enemies":"Cultist","floor":3.0,"turns":1.0},{"damage":0.0,"enemies":"Jaw Worm","floor":4.0,"turns":1.0},{"damage":15.0,"enemies":"3 Sentries","floor":8.0,"turns":3.0},{"damage":31.0,"enemies":"Gremlin Nob","floor":10.0,"turns":5.0},{"damage":0.0,"enemies":"Exordium Wildlife","floor":12.0,"turns":3.0},{"damage":0.0,"enemies":"Large Slime","floor":13.0,"turns":4.0},{"damage":0.0,"enemies":"Blue Slaver","floor":14.0,"turns":2.0},{"damage":0.0,"enemies":"Slime Boss","floor":16.0,"turns":7.0},{"damage":16.0,"enemies":"Shell Parasite","floor":18.0,"turns":6.0},{"damage":6.0,"enemies":"Spheric Guardian","floor":19.0,"turns":3.0},{"damage":30,"enemies":"3 Cultists","floor":21,"turns":4},{"damage":17,"enemies":"Sentry and Sphere","floor":22,"turns":3}],"seed_played":"-158222883394959460","potions_obtained":[{"floor":3.0,"key":"ColorlessPotion"},{"floor":10.0,"key":"BlessingOfTheForge"},{"floor":12.0,"key":"ColorlessPotion"},{"floor":13.0,"key":"Regen Potion"},{"floor":14.0,"key":"Block Potion"},{"floor":16.0,"key":"BlessingOfTheForge"},{"floor":18.0,"key":"LiquidMemories"},{"floor":19.0,"key":"DuplicationPotion"},{"floor":21,"key":"FearPotion"}],"is_trial":false,"path_per_floor":["M","?","M","M","$","?","R","E","T","E","R","M","M","M","R","B",null,"M","M","$","M","M"],"character_chosen":"DEFECT","items_purchased":["Go for the Eyes","Storm"],"campfire_rested":1,"item_purchase_floors":[5,20],"current_hp_per_floor":[64,64,64,64,64,71,71,56,56,25,46,46,46,51,51,51,66,50,44,44,14,0,0],"gold":52,"neow_bonus":"THREE_ENEMY_KILL","is_daily":false,"chose_seed":false,"campfire_upgraded":2,"win_rate":0.0,"timestamp":1614442464,"path_taken":["M","?","?","M","$","?","R","E","T","E","R","M","M","M","R","BOSS","M","M","$","M","M"],"items_purchased_type":["Card","Card"],"build_version":"2020-12-22","purchased_purges":2,"victory":false,"max_hp_per_floor":[71,71,71,71,71,71,71,71,71,71,71,71,71,71,71,71,71,71,71,71,71,71,71],"card_choices":[{"not_picked":["Streamline","Stack"],"picked":"Defragment","floor":1.0},{"not_picked":["White Noise","Scrape"],"picked":"Ball Lightning","floor":3.0},{"not_picked":["Coolheaded","Sweeping Beam"],"picked":"Thunder Strike","floor":4.0},{"not_picked":["Sweeping Beam","Gash"],"picked":"Coolheaded","floor":8.0},{"not_picked":["Coolheaded","Streamline"],"picked":"BootSequence","floor":10.0},{"not_picked":["Stack","Steam Power"],"picked":"White Noise","floor":12.0},{"not_picked":["Turbo","Cold Snap"],"picked":"Reinforced Body","floor":13.0},{"not_picked":["Stack","Steam"],"picked":"Fusion","floor":14.0},{"not_picked":["Meteor Strike","Multi-Cast"],"picked":"Creative AI","floor":16.0},{"not_picked":["Fusion","Ball Lightning"],"picked":"Beam Cell+1","floor":18.0},{"not_picked":["Ball Lightning","Leap","Reinforced Body"],"picked":"SKIP","floor":19.0},{"not_picked":["Turbo","Fusion"],"picked":"Conserve Battery","floor":21}],"player_experience":490707,"relics_obtained":[{"floor":8.0,"key":"White Beast Statue"},{"floor":9.0,"key":"Bottled Tornado"},{"floor":10.0,"key":"Mercury Hourglass"}],"event_choices":[{"damage_healed":0.0,"max_hp_gain":0.0,"max_hp_loss":0.0,"gold_gain":0.0,"event_name":"Accursed Blacksmith","player_choice":"Rummage","floor":2.0,"gold_loss":0.0,"damage_taken":0.0,"relics_obtained":["WarpedTongs"],"cards_obtained":["Pain"]},{"damage_healed":17.0,"max_hp_gain":0.0,"max_hp_loss":0.0,"gold_gain":0.0,"event_name":"The Cleric","player_choice":"Healed","floor":6.0,"gold_loss":35.0,"damage_taken":0.0}],"is_beta":false,"boss_relics":[{"not_picked":["Empty Cage","Busted Crown"],"picked":"Astrolabe"}],"items_purged_floors":[5,20],"is_endless":false,"potions_floor_spawned":[3,10,12,13,14,16,18,19,21],"killed_by":"Sentry and Sphere","ascension_level":17}}