{"host":"rqgzkpsifhykr0rp","time":1614396502,"event":{"mods":["BaseMod","Colored Map","Downfall","Minty Spire (QoL Compilation)","StSLib"],"gold_per_floor":[99,99,99,99,111,136,161,61,93,109,19,19,31,49,68,164,164,64,75,88,98,109,94,121,149,160,60,70,80,105,120,131,235,235,235,253,263,263,263,292,317,340,352,352,362,23,23,46,64,64,64,64],"floor_reached":50,"language":"ENG","playtime":6941,"items_purged":["bronze:Strike","bronze:Strike","bronze:Strike"],"score":603,"play_id":"8eec87cd-3cdb-4b9a-a71c-ee4a16cc5f3f","local_time":"20210226222822","is_ascension_mode":false,"campfire_choices":[{"floor":1.0,"key":"RECALL"},{"data":"bronze:Flail","floor":8.0,"key":"SMITH"},{"data":"bronze:Branch","floor":12,"key":"SMITH"},{"data":"bronze:WhirlingStrike","floor":18,"key":"SMITH"},{"data":"bronze:Verify","floor":27,"key":"SMITH"},{"data":"bronze:ClassDefault","floor":35,"key":"SMITH"},{"data":"bronze:Replicate","floor":44,"key":"SMITH"},{"data":"bronze:Virus","floor":47,"key":"SMITH"}],"circlet_count":0,"master_deck":["bronze:Defend","bronze:Defend","bronze:Defend","bronze:Defend","bronze:Replicate+1","bronze:Goto","bronze:Flail+1","bronze:Turbo","bronze:CloningBeam","bronze:CutThrough","bronze:Repair","bronze:FineTuning+1","bronze:Branch+1","bronze:ChosenStrike","bronze:WildBeam","bronze:Virus+1","bronze:WhirlingStrike+1","bronze:SpaghettiCode+1","CurseOfTheBell","bronze:Overheat+1","bronze:Iterate+1","bronze:Frontload+1","bronze:Philosophize+1","bronze:FineTuning+1","bronze:ChosenStrike+1","bronze:Verify+1","bronze:Repulsor+1","bronze:Shield+1","bronze:ClassDefault+1","bronze:ForceShield+1","bronze:Branch+1","bronze:Assembly+1","bronze:BuggyMess+1","bronze:DarkDash+1","bronze:Goto+1","bronze:Frontload+1","bronze:BuggyMess+1","bronze:SpaghettiCode+1","bronze:FineTuning+1","bronze:Branch+1","bronze:ForceShield+1","bronze:DarkDash+1","bronze:Frontload+1","bronze:Philosophize+1","bronze:BronzeOrb+1","bronze:GetLatest+1","bronze:Assembly+1"],"relics":["bronze:BronzeCore","downfall:HeartsMalice","Question Card","downfall:HeartBlessingRed","Toxic Egg 2","Calling Bell","Omamori","Molten Egg 2","Thread and Needle","downfall:HeartBlessingBlue","Art of War","Potion Belt","downfall:HeartBlessingGreen","Happy Flower","Coffee Dripper","Strawberry","Smiling Mask","Orrery","HandDrill","Boot"],"acts_visited":["Exordium","TheCity","TheBeyond"],"potions_floor_usage":[16,16,23,25,30,32,32,33,36,37,37,40,40,42,49],"damage_taken":[{"damage":0.0,"enemies":"Cultist","floor":2.0,"turns":1.0},{"damage":0.0,"enemies":"Small Slimes","floor":3.0,"turns":1.0},{"damage":0.0,"enemies":"2 Louse","floor":4.0,"turns":1.0},{"damage":11.0,"enemies":"Exordium Wildlife","floor":5.0,"turns":2.0},{"damage":12.0,"enemies":"3 Sentries","floor":6.0,"turns":5.0},{"damage":22.0,"enemies":"Lagavulin","floor":9.0,"turns":8.0},{"damage":3,"enemies":"Blue Slaver","floor":10,"turns":3},{"damage":2,"enemies":"downfall:FleeingMerchant","floor":11,"turns":4},{"damage":0,"enemies":"Large Slime","floor":13,"turns":3},{"damage":0,"enemies":"downfall:LooterAlt","floor":14,"turns":2},{"damage":16,"enemies":"Blue Slaver","floor":15,"turns":4},{"damage":28,"enemies":"IC_STATUS_ARCHETYPE","floor":16,"turns":8},{"damage":9,"enemies":"3 Byrds","floor":19,"turns":4},{"damage":0,"enemies":"Spheric Guardian","floor":20,"turns":3},{"damage":2,"enemies":"3 Cultists","floor":21,"turns":4},{"damage":0,"enemies":"Snecko","floor":22,"turns":4},{"damage":1,"enemies":"downfall:FleeingMerchant","floor":23,"turns":4},{"damage":25,"enemies":"Book of Stabbing","floor":25,"turns":5},{"damage":22,"enemies":"Shelled Parasite and Fungi","floor":26,"turns":3},{"damage":0,"enemies":"3 Cultists","floor":28,"turns":2},{"damage":0,"enemies":"Cultist and Chosen","floor":29,"turns":4},{"damage":29,"enemies":"Slavers","floor":30,"turns":5},{"damage":4,"enemies":"Snecko","floor":31,"turns":5},{"damage":11,"enemies":"Centurion and Healer","floor":32,"turns":5},{"damage":25,"enemies":"WA_ARCHETYPE_CALM","floor":33,"turns":8},{"damage":22,"enemies":"3 Shapes","floor":36,"turns":6},{"damage":31,"enemies":"3 Darklings","floor":37,"turns":5},{"damage":0,"enemies":"Reptomancer","floor":40,"turns":3},{"damage":0,"enemies":"downfall:FleeingMerchant","floor":42,"turns":4},{"damage":24,"enemies":"Spire Growth","floor":43,"turns":5},{"damage":0,"enemies":"4 Shapes","floor":45,"turns":6},{"damage":9,"enemies":"3 Darklings","floor":49,"turns":9},{"damage":70,"enemies":"DF_ARCHETYPE_ORBS","floor":50,"turns":8}],"seed_played":"3186490285720469895","potions_obtained":[{"floor":5.0,"key":"Energy Potion"},{"floor":9.0,"key":"SteroidPotion"},{"floor":13,"key":"bronze:CleanCodePotion"},{"floor":15,"key":"LiquidMemories"},{"floor":16,"key":"Weak Potion"},{"floor":20,"key":"Dexterity Potion"},{"floor":28,"key":"PowerPotion"},{"floor":30,"key":"LiquidMemories"},{"floor":31,"key":"Guardian:BlockOnCardUsePotion"},{"floor":32,"key":"hexamod:SoulburnPotion"},{"floor":33,"key":"PowerPotion"},{"floor":36,"key":"EntropicBrew"},{"floor":40,"key":"DuplicationPotion"},{"floor":43,"key":"bronze:BurnAndBuffPotion"}],"is_trial":false,"path_per_floor":["R","M","M","M","M","E","T","R","E","M","$","R","M","M","M","B",null,"R","M","M","M","M","$","T","E","M","R","M","M","E","M","M","B",null,"R","M","M","?","?","E","T","$","M","R","M","$","R","T","M","B"],"character_chosen":"THE_AUTOMATON","items_purchased":["Orrery","bronze:ForceShield+1","bronze:DarkDash+1","bronze:BronzeOrb+1","bronze:GetLatest+1","HandDrill"],"campfire_rested":0,"item_purchase_floors":[42,42,42,46,46,46],"current_hp_per_floor":[70,70,70,70,59,47,47,47,39,52,57,57,65,65,49,28,70,80,79,80,80,80,79,79,62,40,40,40,47,25,30,46,28,80,80,65,41,70,70,77,77,77,60,60,60,60,60,60,59,0,0,0],"gold":64,"neow_bonus":"THREE_ENEMY_KILL","is_daily":false,"chose_seed":false,"campfire_upgraded":7,"win_rate":0.0,"timestamp":1614396502,"path_taken":["R","M","M","M","M","E","T","R","E","M","$","R","M","M","M","BOSS","R","M","M","M","M","$","T","E","M","R","M","M","E","?","M","BOSS","R","M","M","?","?","E","T","$","M","R","M","?","R","?","M","BOSS"],"items_purchased_type":["Relic","Card","Card","Card","Card","Relic"],"build_version":"2020-12-22","purchased_purges":3,"victory":false,"max_hp_per_floor":[70,70,70,70,70,70,70,70,70,70,70,70,70,70,70,70,70,80,80,80,80,80,80,80,80,80,80,80,80,80,80,80,80,80,80,80,80,70,70,77,77,77,77,77,77,77,77,77,77,77,77,77],"card_choices":[{"not_picked":["bronze:BronzeArmor","bronze:Allocate"],"picked":"bronze:Flail","floor":2.0},{"not_picked":["bronze:Shell","bronze:BugBarrage"],"picked":"bronze:Turbo","floor":3.0},{"not_picked":["bronze:OilSpill","bronze:BugBarrage"],"picked":"bronze:CloningBeam","floor":4.0},{"not_picked":["bronze:Overload","bronze:Fortify"],"picked":"bronze:CutThrough","floor":5.0},{"not_picked":["bronze:Allocate","bronze:Shield"],"picked":"bronze:Repair","floor":6.0},{"not_picked":["bronze:Return+1","bronze:Overload+1","bronze:Backtrace"],"picked":"bronze:FineTuning+1","floor":9.0},{"not_picked":["bronze:Overheat","bronze:CloningBeam","bronze:BuggyMess+1"],"picked":"bronze:Branch","floor":10},{"not_picked":["bronze:Flail","bronze:Backtrace","bronze:BuggyMess+1"],"picked":"bronze:ChosenStrike","floor":11},{"not_picked":["bronze:Backtrace","bronze:Shield+1","bronze:BugBarrage"],"picked":"bronze:WildBeam","floor":13},{"not_picked":["bronze:FollowUp","bronze:BuggyMess+1","bronze:Fortify"],"picked":"bronze:Virus","floor":14},{"not_picked":["bronze:Branch","bronze:DarkDash","bronze:WildBeam"],"picked":"bronze:WhirlingStrike","floor":15},{"not_picked":["bronze:ShipIt","bronze:BurnOut","bronze:FindAndReplace+1"],"picked":"bronze:SpaghettiCode+1","floor":16},{"not_picked":["bronze:Shell+1","bronze:Deprecate+1","bronze:BitShift+1"],"picked":"bronze:Overheat+1","floor":19},{"not_picked":["bronze:Return+1","bronze:CutThrough+1","bronze:HyperBeam+1"],"picked":"bronze:Iterate+1","floor":20},{"not_picked":["bronze:Allocate+1","bronze:OilSpill+1","bronze:Shell+1"],"picked":"bronze:Frontload+1","floor":21},{"not_picked":["bronze:Overload+1","bronze:WildBeam+1","bronze:BronzeOrb+1"],"picked":"bronze:Philosophize+1","floor":22},{"not_picked":["bronze:OilSpill+1","bronze:Overheat+1","bronze:Iterate+1"],"picked":"bronze:FineTuning+1","floor":23},{"not_picked":["bronze:WildBeam+1","bronze:Overheat+1","bronze:CloningBeam+1"],"picked":"bronze:ChosenStrike+1","floor":25},{"not_picked":["bronze:WildBeam+1","bronze:WhirlingStrike+1","bronze:BitShift+1"],"picked":"bronze:Verify","floor":26},{"not_picked":["bronze:CloningBeam+1","bronze:ForLoop+1","bronze:Shell+1"],"picked":"bronze:Repulsor+1","floor":28},{"not_picked":["bronze:Safeguard+1","bronze:Flail+1","bronze:Iterate+1"],"picked":"bronze:Shield+1","floor":29},{"not_picked":["bronze:Shield+1","bronze:OilSpill+1","bronze:Branch+1"],"picked":"bronze:ClassDefault","floor":30},{"not_picked":["bronze:Turbo+1","bronze:CutThrough+1","bronze:Flail+1"],"picked":"bronze:ForceShield+1","floor":31},{"not_picked":["bronze:Overheat+1","bronze:BitShift+1","bronze:NullPointer+1"],"picked":"bronze:Branch+1","floor":32},{"not_picked":["bronze:Virus+1","bronze:SpaghettiCode+1","bronze:RecursiveStrike+1"],"picked":"bronze:Assembly+1","floor":33},{"not_picked":["bronze:BugBarrage+1","bronze:Invalidate+1","bronze:NullPointer+1"],"picked":"bronze:BuggyMess+1","floor":36},{"not_picked":["bronze:Flail+1","bronze:Return+1","bronze:BitShift+1"],"picked":"bronze:DarkDash+1","floor":37},{"not_picked":["bronze:CloningBeam+1","bronze:CutThrough+1","bronze:Mutator"],"picked":"bronze:Frontload+1","floor":40},{"not_picked":["bronze:RecursiveStrike+1","bronze:Turbo+1","bronze:CutThrough+1","bronze:BitShift+1"],"picked":"SKIP","floor":42},{"not_picked":["bronze:Iterate+1","bronze:Turbo+1","bronze:WildBeam+1"],"picked":"bronze:BuggyMess+1","floor":42},{"not_picked":["bronze:OilSpill+1","bronze:Invalidate+1","bronze:Overload+1"],"picked":"bronze:SpaghettiCode+1","floor":42},{"not_picked":["bronze:Repair+1","bronze:OilSpill+1","bronze:WildBeam+1"],"picked":"bronze:FineTuning+1","floor":42},{"not_picked":["bronze:WhirlingStrike+1","bronze:Invalidate+1","bronze:DelayedSlice+1"],"picked":"bronze:Branch+1","floor":42},{"not_picked":["bronze:Overheat+1","bronze:OilSpill+1","bronze:DelayedSlice+1"],"picked":"bronze:Frontload+1","floor":43},{"not_picked":["bronze:WhirlingStrike+1","bronze:Shield+1","bronze:Overload+1"],"picked":"bronze:Philosophize+1","floor":45},{"not_picked":["bronze:CutThrough+1","bronze:Overheat+1","bronze:WildBeam+1"],"picked":"bronze:Assembly+1","floor":49}],"player_experience":348476,"relics_obtained":[{"floor":6.0,"key":"Question Card"},{"floor":9.0,"key":"Toxic Egg 2"},{"floor":17,"key":"Omamori"},{"floor":17,"key":"Molten Egg 2"},{"floor":17,"key":"Thread and Needle"},{"floor":24,"key":"Art of War"},{"floor":25,"key":"Potion Belt"},{"floor":30,"key":"Happy Flower"},{"floor":40,"key":"Strawberry"},{"floor":41,"key":"Smiling Mask"},{"floor":48,"key":"Boot"}],"event_choices":[],"is_beta":false,"boss_relics":[{"not_picked":["Runic Pyramid","Busted Crown"],"picked":"Calling Bell"},{"not_picked":["Runic Dome","Philosopher\u0027s Stone"],"picked":"Coffee Dripper"}],"items_purged_floors":[11,42,46],"is_endless":false,"potions_floor_spawned":[5,9,13,15,16,20,22,28,30,31,32,33,36,40,43],"killed_by":"DF_ARCHETYPE_ORBS","ascension_level":0}}