{"host":"ja7dzuhhg5v29gue","time":1614442006,"event":{"mods":["Aspiration","BaseMod","Colored Powertips","Energized Spire","Hubris","Infinite Spire","Minty Spire (QoL Compilation)","Quarter Circle Forward PUNCH!","Replay The Spire","StSLib"],"gold_per_floor":[109,124,136,146,72,72,86,86,86,86,116,131,150,164,164,263,263,274,291,291,291,291,306,320,320,338,338,338,338,338,356,376,1,1,103,103,124,124,146,165,165,165,209,209,235,35,35,85,13,13,13,13],"floor_reached":53,"language":"ENG","playtime":2202,"items_purged":["Defend_R","Strike_R"],"score":691,"play_id":"208cbd1a-b33f-4c83-956e-aa8714e9ac97","local_time":"20210227170646","is_ascension_mode":false,"campfire_choices":[{"data":"Blood for Blood","floor":6,"key":"SMITH"},{"data":"Bash","floor":10,"key":"SMITH"},{"data":"Run Through","floor":15,"key":"SMITH"},{"data":"Berserk","floor":25,"key":"SMITH"},{"data":"Hemokinesis","floor":27,"key":"SMITH"},{"data":"Brutality","floor":34,"key":"SMITH"},{"data":"Hemogenesis","floor":42,"key":"SMITH"},{"data":"Combust","floor":44,"key":"SMITH"},{"data":"Reaper","floor":47,"key":"SMITH"},{"data":"Blood for Blood","floor":51,"key":"SMITH"}],"circlet_count":0,"master_deck":["Strike_R","Strike_R","Strike_R","Defend_R","Defend_R","Defend_R","Bash+1","Cleave","Reaper+1","Blood for Blood+1","Run Through+1","Berserk+1","Hemokinesis+1","ReplayTheSpireMod:Muscle Training+1","Twin Strike","Brutality+1","Heavy Blade+1","Combust+1","Hemogenesis+1","Hemokinesis+1","Blood for Blood+1"],"relics":["Burning Blood","Bag of Preparation","infinitespire:Satchel","infinitespire:EmpoweringShard","Replay:Bronze Core","Membership Card","Replay:Bottled Flurry","aspiration:RitualStick","Lizard Tail","Gambling Chip","infinitespire:EvilPickle","Runic Pyramid","qcfpunch:Army_Boots","infinitespire:Broken Mirror","infinitespire:Lucky Rock","Toolbox","Potion Belt","TungstenRod","Membership Card"],"acts_visited":["Exordium","TheCity","TheBeyond"],"potions_floor_usage":[11,11,18,23,24,32,52,52,52],"damage_taken":[{"damage":13,"enemies":"infinitespire:Voidling","floor":1,"turns":3},{"damage":5,"enemies":"Small Slimes","floor":2,"turns":3},{"damage":6,"enemies":"2 Louse","floor":3,"turns":3},{"damage":14,"enemies":"Exordium Wildlife","floor":4,"turns":7},{"damage":14,"enemies":"Exordium Thugs","floor":7,"turns":3},{"damage":14,"enemies":"Gremlin Nob","floor":11,"turns":3},{"damage":12,"enemies":"2 Fungi Beasts","floor":12,"turns":2},{"damage":10,"enemies":"Looter","floor":13,"turns":2},{"damage":7,"enemies":"Blue Slaver","floor":14,"turns":2},{"damage":41,"enemies":"Hexaghost","floor":16,"turns":9},{"damage":0,"enemies":"Spheric Guardian","floor":18,"turns":2},{"damage":22,"enemies":"2 Thieves","floor":19,"turns":3},{"damage":9,"enemies":"Snecko","floor":23,"turns":3},{"damage":19,"enemies":"Sentry and Sphere","floor":24,"turns":4},{"damage":29,"enemies":"Centurion and Healer","floor":26,"turns":3},{"damage":7,"enemies":"Chosen and Byrds","floor":31,"turns":3},{"damage":5,"enemies":"Snecko","floor":32,"turns":3},{"damage":49,"enemies":"Pondfish","floor":35,"turns":5},{"damage":24,"enemies":"3 Darklings","floor":37,"turns":3},{"damage":14,"enemies":"Orb Walker","floor":39,"turns":2},{"damage":8,"enemies":"3 Darklings","floor":40,"turns":3},{"damage":53,"enemies":"Giant Head","floor":43,"turns":6},{"damage":37,"enemies":"Mind Bloom Boss Battle","floor":48,"turns":3},{"damage":126,"enemies":"Awakened One","floor":52,"turns":7}],"seed_played":"-5871490330563722172","potions_obtained":[{"floor":4,"key":"FearPotion"},{"floor":7,"key":"LiquidMemories"},{"floor":12,"key":"Explosive Potion"},{"floor":16,"key":"Regen Potion"},{"floor":18,"key":"GamblersBrew"},{"floor":26,"key":"Strength Potion"},{"floor":35,"key":"DuplicationPotion"},{"floor":40,"key":"Adrenaline Potion"},{"floor":48,"key":"Venom Potion"}],"is_trial":false,"path_per_floor":["M","M","M","M","$","R","M","?","T","R","E","M","M","M","R","B",null,"M","M","AVR","PTL","PTL","M","M","R","M","R","T","?","?","M","M","$","R","B",null,"M","?","M","M","AVR","R","E","R","T","$","R","?","$","?","R","B",null],"character_chosen":"IRONCLAD","items_purchased":["Blood for Blood","Lizard Tail","Combust","Gambling Chip","Toolbox","Potion Belt","Membership Card"],"campfire_rested":0,"item_purchase_floors":[5,33,33,33,46,46,49],"current_hp_per_floor":[77,78,78,70,70,70,62,67,67,67,59,61,64,63,63,35,85,85,79,79,79,79,82,78,78,55,55,55,38,38,46,61,61,61,42,85,85,85,77,85,85,85,57,57,57,57,57,80,80,80,80,48],"gold":13,"neow_bonus":"RANDOM_COMMON_RELIC","is_daily":false,"chose_seed":false,"campfire_upgraded":10,"win_rate":0.0,"timestamp":1614442006,"path_taken":["M","?","M","M","$","R","M","?","T","R","E","M","M","M","R","BOSS","M","M","AVR","PTL","PTL","M","M","R","M","R","T","?","?","M","M","$","R","BOSS","M","?","M","M","AVR","R","E","R","T","?","R","?","?","?","R","BOSS"],"items_purchased_type":["Card","Relic","Card","Relic","Relic","Relic","Relic"],"build_version":"2020-12-22","purchased_purges":2,"victory":true,"max_hp_per_floor":[80,80,80,80,80,80,80,85,85,85,85,85,85,85,85,85,85,85,85,85,85,85,85,85,85,85,85,85,85,85,85,85,85,85,85,85,85,85,85,85,85,85,85,85,85,85,85,85,85,85,85,85],"card_choices":[{"not_picked":["Iron Wave","Rampage"],"picked":"Cleave","floor":1},{"not_picked":["True Grit","Iron Wave","Thunderclap"],"picked":"SKIP","floor":2},{"not_picked":["Clash","Perfected Strike","Iron Wave"],"picked":"SKIP","floor":3},{"not_picked":["Sword Boomerang","Shockwave"],"picked":"Reaper","floor":4},{"not_picked":["Sword Boomerang","Body Slam","Headbutt"],"picked":"SKIP","floor":7},{"not_picked":["Fire Breathing","Heavy Blade","Life Link"],"picked":"SKIP","floor":11},{"not_picked":["Body Slam","Shrug It Off"],"picked":"Run Through","floor":12},{"not_picked":["Cleave","Inflame","ReplayTheSpireMod:LeadingStrike"],"picked":"SKIP","floor":13},{"not_picked":["Clash","Replay:Undeath\u0027s Touch","Havoc"],"picked":"SKIP","floor":14},{"not_picked":["Corruption","Juggernaut"],"picked":"Berserk","floor":16},{"not_picked":["Sword Boomerang","Replay:Undeath\u0027s Touch+1"],"picked":"Hemokinesis","floor":18},{"not_picked":["Metallicize","Run Through+1","Replay:Undeath\u0027s Touch"],"picked":"SKIP","floor":19},{"not_picked":["Wild Strike","Run Through"],"picked":"ReplayTheSpireMod:Muscle Training+1","floor":23},{"not_picked":["Havoc","Limit Break","Disarm"],"picked":"SKIP","floor":24},{"not_picked":["Perfected Strike","Spot Weakness+1"],"picked":"Twin Strike","floor":26},{"not_picked":["Havoc","Body Slam"],"picked":"Heavy Blade+1","floor":31},{"not_picked":["ReplayTheSpireMod:Stacked","Twin Strike","Seeing Red"],"picked":"SKIP","floor":32},{"not_picked":["Barricade","Immolate"],"picked":"Hemogenesis","floor":35},{"not_picked":["Perfected Strike","Inflame","Warcry+1"],"picked":"SKIP","floor":37},{"not_picked":["Clothesline","Dark Embrace","Havoc"],"picked":"SKIP","floor":39},{"not_picked":["Pommel Strike+1","Entrench","Intimidate"],"picked":"SKIP","floor":40},{"not_picked":["Pommel Strike+1","Anger","True Grit"],"picked":"SKIP","floor":43}],"player_experience":124349,"relics_obtained":[{"floor":9,"key":"infinitespire:Satchel"},{"floor":11,"key":"infinitespire:EmpoweringShard"},{"floor":28,"key":"Replay:Bottled Flurry"},{"floor":43,"key":"infinitespire:Broken Mirror"},{"floor":45,"key":"infinitespire:Lucky Rock"},{"floor":48,"key":"TungstenRod"}],"event_choices":[{"damage_healed":0,"gold_gain":0,"player_choice":"Donut","damage_taken":0,"max_hp_gain":5,"max_hp_loss":0,"event_name":"Big Fish","floor":8,"gold_loss":0},{"damage_healed":0,"gold_gain":0,"cards_transformed":["Strike_R"],"player_choice":"Transformed","damage_taken":0,"max_hp_gain":0,"max_hp_loss":0,"event_name":"Transmorgrifier","floor":30,"gold_loss":0,"cards_obtained":["Brutality"]},{"damage_healed":0,"gold_gain":0,"player_choice":"Copied","damage_taken":0,"max_hp_gain":0,"max_hp_loss":0,"event_name":"Duplicator","floor":38,"gold_loss":0,"cards_obtained":["Hemokinesis"]},{"damage_healed":0,"gold_gain":0,"player_choice":"Fight","damage_taken":0,"max_hp_gain":0,"max_hp_loss":0,"event_name":"MindBloom","floor":48,"gold_loss":0}],"is_beta":false,"boss_relics":[{"not_picked":["hubris:RunicObelisk","Coffee Dripper"],"picked":"Replay:Bronze Core"},{"not_picked":["Runic Dome","ReplayTheSpireMod:DimensionalGlitch"],"picked":"Runic Pyramid"}],"items_purged_floors":[33,46],"is_endless":false,"potions_floor_spawned":[4,7,12,16,18,26,35,40,48],"ascension_level":0}}