{"host":"v0dnu0zs4qo0v13s","time":1614389144,"event":{"mods":["BaseMod","Colored Map","Colored Powertips","Minty Spire (QoL Compilation)","Relic Stats","StSLib","SuperFastMode","everything is the same but u backflip on backflip"],"gold_per_floor":[160,435,454,201,212,243,243,257,257,267,267,292,317,169,169,246,246,266,278,278,278,278],"floor_reached":21,"language":"ENG","playtime":1342,"items_purged":["Regret"],"score":321,"play_id":"20a8995b-5293-41d6-903c-f4997c16e609","local_time":"20210226202544","is_ascension_mode":true,"campfire_choices":[{"floor":7,"key":"REST"},{"floor":11,"key":"REST"},{"floor":15,"key":"REST"}],"circlet_count":0,"master_deck":["AscendersBane","Eruption","Vigilance","CutThroughFate","ReachHeaven","WheelKick","LikeWater","ClearTheMind","Pray","Perseverance","ClearTheMind","Sanctity","MentalFortress","CarveReality","ConjureBlade","DevaForm","Meditate","ForeignInfluence","ThirdEye","SignatureMove","SandsOfTime","Scrawl","CrushJoints","PathToVictory+1","InnerPeace+1"],"relics":["Tiny House","Orichalcum","Omamori","Darkstone Periapt","Bronze Scales","Bottled Tornado","Pandora\u0027s Box","Calipers"],"acts_visited":["Exordium","TheCity"],"potions_floor_usage":[6,8,16,16,19],"damage_taken":[{"damage":5,"enemies":"2 Louse","floor":1,"turns":3},{"damage":3,"enemies":"Cultist","floor":3,"turns":2},{"damage":6,"enemies":"Jaw Worm","floor":5,"turns":4},{"damage":15,"enemies":"Gremlin Nob","floor":6,"turns":4},{"damage":2,"enemies":"Lots of Slimes","floor":8,"turns":3},{"damage":19,"enemies":"2 Fungi Beasts","floor":10,"turns":5},{"damage":26,"enemies":"Lagavulin","floor":13,"turns":5},{"damage":7,"enemies":"Hexaghost","floor":16,"turns":9},{"damage":5,"enemies":"Spheric Guardian","floor":18,"turns":3},{"damage":12,"enemies":"3 Byrds","floor":19,"turns":3},{"damage":24,"enemies":"Masked Bandits","floor":21,"turns":3}],"seed_played":"7283035597718457863","potions_obtained":[{"floor":0,"key":"StancePotion"},{"floor":3,"key":"Explosive Potion"},{"floor":6,"key":"Fire Potion"},{"floor":13,"key":"Weak Potion"},{"floor":18,"key":"Explosive Potion"}],"is_trial":false,"path_per_floor":["M","?","M","$","M","E","R","M","T","M","R","T","E","$","R","B",null,"M","M","?","?"],"character_chosen":"WATCHER","items_purchased":["Orichalcum","LikeWater","MentalFortress","CarveReality"],"campfire_rested":3,"item_purchase_floors":[4,4,14,14],"current_hp_per_floor":[61,61,58,58,52,37,58,56,56,37,58,58,32,32,53,46,66,61,49,49,25,25],"gold":278,"neow_bonus":"BOSS_RELIC","is_daily":false,"chose_seed":false,"campfire_upgraded":0,"win_rate":0.0,"timestamp":1614389144,"path_taken":["M","?","M","$","M","E","R","?","T","M","R","?","E","?","R","BOSS","M","?","?","?"],"items_purchased_type":["Relic","Card","Card","Card"],"build_version":"2020-12-22","purchased_purges":1,"victory":false,"max_hp_per_floor":[73,73,73,73,73,73,73,73,73,73,73,73,73,73,73,73,73,73,73,73,73,73],"relic_stats":{"Darkstone Periapt":0,"counters":[11,44],"Bronze Scales":[117],"Pandora\u0027s Box":["DevaForm","Meditate","ForeignInfluence","ThirdEye","SignatureMove","SandsOfTime","Scrawl","CrushJoints"],"Orichalcum":[90],"obtain_stats":[{"Darkstone Periapt":9,"Tiny House":0,"Calipers":20,"Bronze Scales":12,"Pandora\u0027s Box":17,"Omamori":6,"PureWater":0,"Orichalcum":4,"Bottled Tornado":13},{"Darkstone Periapt":5,"Tiny House":0,"Calipers":10,"Bronze Scales":6,"Pandora\u0027s Box":8,"Omamori":4,"PureWater":0,"Orichalcum":2,"Bottled Tornado":7},{"Darkstone Periapt":16,"Tiny House":0,"Calipers":41,"Bronze Scales":21,"Pandora\u0027s Box":35,"Omamori":13,"PureWater":0,"Orichalcum":5,"Bottled Tornado":26}]},"card_choices":[{"not_picked":["Crescendo","Sanctity"],"picked":"CutThroughFate","floor":0},{"not_picked":["Sanctity","CrushJoints"],"picked":"ReachHeaven","floor":1},{"not_picked":["Crescendo","SignatureMove"],"picked":"WheelKick","floor":3},{"not_picked":["PathToVictory","ThirdEye"],"picked":"ClearTheMind","floor":5},{"not_picked":["Protect","Worship"],"picked":"Pray","floor":6},{"not_picked":["FlurryOfBlows","BowlingBash"],"picked":"Perseverance","floor":8},{"not_picked":["PathToVictory","WreathOfFlame"],"picked":"ClearTheMind","floor":10},{"not_picked":["Protect","BowlingBash"],"picked":"Sanctity","floor":13},{"not_picked":["Blasphemy","DevaForm"],"picked":"ConjureBlade","floor":16},{"not_picked":["CrushJoints","WreathOfFlame"],"picked":"PathToVictory+1","floor":18},{"not_picked":["Wireheading","ForeignInfluence"],"picked":"InnerPeace+1","floor":19}],"player_experience":788916,"relics_obtained":[{"floor":6,"key":"Omamori"},{"floor":9,"key":"Darkstone Periapt"},{"floor":12,"key":"Bronze Scales"},{"floor":13,"key":"Bottled Tornado"}],"event_choices":[{"damage_healed":0,"gold_gain":275,"player_choice":"Desecrate","damage_taken":0,"max_hp_gain":0,"max_hp_loss":0,"event_name":"Golden Shrine","floor":2,"gold_loss":0,"cards_obtained":["Regret"]},{"damage_healed":0,"gold_gain":0,"player_choice":"Opened","damage_taken":0,"relics_obtained":["Calipers"],"max_hp_gain":0,"max_hp_loss":0,"event_name":"The Mausoleum","floor":20,"gold_loss":0,"cards_obtained":["Writhe"]},{"damage_healed":0,"gold_gain":0,"player_choice":"Fought Bandits","damage_taken":0,"max_hp_gain":0,"max_hp_loss":0,"event_name":"Masked Bandits","floor":21,"gold_loss":0}],"is_beta":false,"boss_relics":[{"not_picked":["Velvet Choker","SacredBark"],"picked":"Pandora\u0027s Box"}],"items_purged_floors":[4],"is_endless":false,"potions_floor_spawned":[3,5,6,13,18],"killed_by":"Masked Bandits","ascension_level":14}}