{"host":"py7qdianp3jrm8dm","time":1614437951,"event":{"mods":["AchievementEnabler","BaseMod","Bestiary","Highlight Path","Minty Spire (QoL Compilation)","Relic Stats","StSLib"],"gold_per_floor":[117,127,142,142,142,175,175,216,243,243,243],"floor_reached":10,"language":"ENG","playtime":408,"items_purged":[],"score":106,"play_id":"16073d9b-4977-4611-b192-01ec8451c4f3","local_time":"20210227145911","is_ascension_mode":true,"campfire_choices":[{"floor":7,"key":"REST"}],"circlet_count":0,"master_deck":["Strike_P","Strike_P","Strike_P","Strike_P","Defend_P","Defend_P","Defend_P","Defend_P","Eruption","Vigilance","BowlingBash","CrushJoints","BattleHymn","SandsOfTime","EmptyMind"],"relics":["SlaversCollar","Golden Idol","Smiling Mask","Omamori"],"acts_visited":["Exordium"],"potions_floor_usage":[6],"damage_taken":[{"damage":4,"enemies":"Cultist","floor":1,"turns":4},{"damage":2,"enemies":"Jaw Worm","floor":2,"turns":4},{"damage":0,"enemies":"Small Slimes","floor":3,"turns":3},{"damage":32,"enemies":"Gremlin Nob","floor":6,"turns":3},{"damage":10,"enemies":"3 Sentries","floor":8,"turns":4},{"damage":31,"enemies":"Gremlin Nob","floor":10,"turns":3}],"seed_played":"5665762509179593180","potions_obtained":[{"floor":2,"key":"Regen Potion"},{"floor":3,"key":"Dexterity Potion"}],"is_trial":false,"path_per_floor":["M","M","M","?","?","E","R","E","T","E"],"character_chosen":"WATCHER","items_purchased":[],"campfire_rested":1,"item_purchase_floors":[],"current_hp_per_floor":[61,59,59,59,41,14,35,25,25,0,0],"gold":243,"neow_bonus":"BOSS_RELIC","is_daily":false,"chose_seed":false,"campfire_upgraded":0,"win_rate":0.0,"timestamp":1614437951,"path_taken":["M","M","M","?","?","E","R","E","T","E"],"items_purchased_type":[],"build_version":"2020-12-22","purchased_purges":0,"victory":false,"max_hp_per_floor":[72,72,72,72,72,72,72,72,72,72,72],"relic_stats":{"counters":[6,21],"Golden Idol":15,"Smiling Mask":0,"obtain_stats":[{"SlaversCollar":0,"Golden Idol":5,"Omamori":8,"PureWater":0,"Smiling Mask":6},{"SlaversCollar":0,"Golden Idol":3,"Omamori":5,"PureWater":0,"Smiling Mask":4},{"SlaversCollar":0,"Golden Idol":11,"Omamori":18,"PureWater":0,"Smiling Mask":14}]},"card_choices":[{"not_picked":["JustLucky","Worship"],"picked":"BowlingBash","floor":1},{"not_picked":["ThirdEye","PathToVictory"],"picked":"CrushJoints","floor":2},{"not_picked":["Consecrate","CarveReality"],"picked":"BattleHymn","floor":3},{"not_picked":["ThirdEye","Evaluate"],"picked":"SandsOfTime","floor":6},{"not_picked":["TalkToTheHand","PathToVictory"],"picked":"EmptyMind","floor":8}],"player_experience":609209,"relics_obtained":[{"floor":6,"key":"Smiling Mask"},{"floor":8,"key":"Omamori"}],"event_choices":[{"damage_healed":0,"gold_gain":0,"player_choice":"Ignored","damage_taken":0,"max_hp_gain":0,"max_hp_loss":0,"event_name":"Liars Game","floor":4,"gold_loss":0},{"damage_healed":0,"gold_gain":0,"player_choice":"Take Damage","damage_taken":18,"relics_obtained":["Golden Idol"],"max_hp_gain":0,"max_hp_loss":0,"event_name":"Golden Idol","floor":5,"gold_loss":0}],"is_beta":false,"boss_relics":[],"items_purged_floors":[],"is_endless":false,"potions_floor_spawned":[2,3],"killed_by":"Gremlin Nob","ascension_level":8}}