{"host":"kjqy9de97swlcx5r","time":1614419354,"event":{"mods":["BaseMod","Downfall","Minty Spire (QoL Compilation)","StSLib"],"gold_per_floor":[99,109,109,119,134,149,176,9,28,47,73,73,73,98,109,206,206,206,218,229,241,50,50,75,75,280,280,305,305,315,343,357,455,455,455,472,472,488,145,158,158,158,158,191,266,166,193,216,244,256],"floor_reached":51,"language":"ZHS","playtime":3931,"items_purged":["Slimebound:Strike_Slimebound","Slimebound:Strike_Slimebound","Slimebound:Strike_Slimebound","Slimebound:Defend_Slimebound"],"score":809,"play_id":"65a29527-6e3c-4e44-a744-1482923bb4b8","local_time":"20210227174914","is_ascension_mode":false,"campfire_choices":[{"data":"Slimebound:Split","floor":1.0,"key":"SMITH"},{"data":"Slimebound:Overexert","floor":13,"key":"SMITH"},{"floor":18,"key":"DIG"},{"floor":25,"key":"DIG"},{"floor":29,"key":"DIG"},{"floor":35,"key":"DIG"},{"floor":46,"key":"DIG"}],"circlet_count":0,"master_deck":["Slimebound:Split+1","Slimebound:CorrosiveSpit","Slimebound:RainOfGoop+1","Slimebound:GoopSpray","Slimebound:SplitAcid","Slimebound:Prepare","Slimebound:ViciousTackle","Slimebound:Overexert+1","Slimebound:SplitLeeching","Slimebound:LivingWall","Slimebound:RainOfGoop+1","Slimebound:LeechLife","Slimebound:ViciousTackle+1","Slimebound:ComboTackle+1","Slimebound:RejuvenatingLick+1","Slimebound:SlimeTap","Slimebound:FormOfPuddle","Slimebound:SlimeTap+1","Slimebound:RallyTheTroops","Slimebound:MassRepurpose","Slimebound:SplitAcid+1","Slimebound:GoopTackle+1","Slimebound:SlimeBrawl+1","Slimebound:LeechingTouch+1","Slimebound:Prepare+1"],"relics":["Slimebound:AbsorbEndCombat","Juzu Bracelet","Toy Ornithopter","Shovel","Fusion Hammer","Omamori","Centennial Puzzle","Strawberry","Tiny Chest","StrikeDummy","Bag of Preparation","Astrolabe","Smiling Mask","Orrery","Potion Belt","Letter Opener","Bottled Lightning","HornCleat","downfall:HeartBlessingBlue","Vajra","MawBank"],"acts_visited":["Exordium","TheCity","TheBeyond"],"potions_floor_usage":[28,40,50,50,50,50,50,50,50,50,50,50,50,50,50],"damage_taken":[{"damage":2.0,"enemies":"Cultist","floor":2.0,"turns":4.0},{"damage":3.0,"enemies":"Small Slimes","floor":4.0,"turns":2.0},{"damage":1.0,"enemies":"Jaw Worm","floor":5.0,"turns":3.0},{"damage":0.0,"enemies":"Large Slime","floor":6.0,"turns":4.0},{"damage":0.0,"enemies":"downfall:FleeingMerchant","floor":8.0,"turns":4.0},{"damage":14.0,"enemies":"Exordium Thugs","floor":9.0,"turns":4.0},{"damage":11.0,"enemies":"3 Louse","floor":10.0,"turns":3.0},{"damage":5,"enemies":"Lagavulin","floor":11,"turns":5},{"damage":12,"enemies":"3 Sentries","floor":14,"turns":6},{"damage":0,"enemies":"Blue Slaver","floor":15,"turns":2},{"damage":4,"enemies":"WA_ARCHETYPE_RETAIN","floor":16,"turns":5},{"damage":10,"enemies":"3 Byrds","floor":19,"turns":4},{"damage":0,"enemies":"Spheric Guardian","floor":20,"turns":3},{"damage":0,"enemies":"Cultist and Chosen","floor":21,"turns":5},{"damage":3,"enemies":"downfall:FleeingMerchant","floor":22,"turns":4},{"damage":9,"enemies":"downfall:FleeingMerchant","floor":26,"turns":3},{"damage":30,"enemies":"Slavers","floor":28,"turns":4},{"damage":16,"enemies":"3 Cultists","floor":30,"turns":4},{"damage":3,"enemies":"Book of Stabbing","floor":31,"turns":4},{"damage":7,"enemies":"Shelled Parasite and Fungi","floor":32,"turns":5},{"damage":36,"enemies":"DF_ARCHETYPE_CLAW","floor":33,"turns":7},{"damage":8,"enemies":"3 Shapes","floor":36,"turns":3},{"damage":25,"enemies":"3 Darklings","floor":38,"turns":3},{"damage":31,"enemies":"Maw","floor":40,"turns":7},{"damage":0,"enemies":"Reptomancer","floor":44,"turns":4},{"damage":41,"enemies":"Giant Head","floor":47,"turns":6},{"damage":4,"enemies":"Spire Growth","floor":48,"turns":4},{"damage":4,"enemies":"Sphere and 2 Shapes","floor":49,"turns":3},{"damage":89,"enemies":"IC_BLOCK_ARCHETYPE","floor":50,"turns":9}],"seed_played":"-2546121915104374479","potions_obtained":[{"floor":4.0,"key":"DuplicationPotion"},{"floor":5.0,"key":"PowerPotion"},{"floor":6.0,"key":"Fire Potion"},{"floor":28,"key":"Fire Potion"},{"floor":40,"key":"SteroidPotion"},{"floor":47,"key":"EntropicBrew"},{"floor":48,"key":"PowerPotion"}],"is_trial":false,"path_per_floor":["R","M","?","M","M","M","T","$","M","M","E","?","R","E","M","B",null,"R","M","M","M","$","?","T","R","$","?","E","R","M","E","M","B",null,"R","M","?","M","$","M","T","?","?","E","T","R","E","M","M","B",null],"character_chosen":"SLIMEBOUND","items_purchased":["Slimebound:Overexert","Slimebound:FormOfPuddle","Orrery","Potion Belt"],"campfire_rested":0,"item_purchase_floors":[8,22,39,39],"current_hp_per_floor":[71,70,70,69,71,71,71,71,59,50,47,47,47,41,43,41,71,71,63,71,71,70,57,57,64,59,59,83,83,83,82,83,53,83,83,83,83,64,64,80,80,80,80,83,83,93,54,78,80,61],"gold":268,"neow_bonus":"TEN_PERCENT_HP_BONUS","is_daily":false,"chose_seed":false,"campfire_upgraded":2,"win_rate":0.0,"timestamp":1614419354,"path_taken":["R","M","?","M","M","?","T","$","M","M","E","?","R","E","M","BOSS","R","M","M","M","$","?","T","R","$","?","E","R","M","E","M","BOSS","R","M","?","M","$","M","T","?","?","E","?","R","E","M","M","BOSS"],"items_purchased_type":["Card","Card","Relic","Relic"],"build_version":"2020-12-22","purchased_purges":4,"victory":true,"max_hp_per_floor":[71,71,71,71,71,71,71,71,71,71,71,71,71,71,71,71,71,71,71,71,71,71,76,76,83,83,83,83,83,83,83,83,83,83,83,83,83,83,83,83,83,83,83,83,83,93,93,93,93,93],"card_choices":[{"not_picked":["Slimebound:LeechEnergy","Slimebound:SlimeSpikes"],"picked":"Slimebound:RainOfGoop","floor":2.0},{"not_picked":["Slimebound:ComboTackle","Slimebound:ForwardTackle"],"picked":"Slimebound:GoopSpray","floor":4.0},{"not_picked":["Slimebound:PressTheAttack","Slimebound:SplitBruiser"],"picked":"Slimebound:SplitAcid","floor":5.0},{"not_picked":["Slimebound:MegaLick","Slimebound:GoopSpray"],"picked":"Slimebound:Prepare","floor":6.0},{"not_picked":["Slimebound:SlimeBrawl","Slimebound:ProtectTheBoss"],"picked":"Slimebound:ViciousTackle","floor":8.0},{"not_picked":["Slimebound:OneTwoCombo","Slimebound:Prepare"],"picked":"Slimebound:SplitLeeching","floor":9.0},{"not_picked":["Slimebound:SplitMire","Slimebound:SlimeBrawl"],"picked":"Slimebound:LivingWall","floor":10.0},{"not_picked":["Slimebound:SplitMire","Slimebound:GoopSpray"],"picked":"Slimebound:RainOfGoop","floor":11},{"not_picked":["Slimebound:Prepare","Slimebound:Replication","Slimebound:RainOfGoop"],"picked":"SKIP","floor":14},{"not_picked":["Slimebound:SamplingLick","Slimebound:SplitAcid","Slimebound:SplitLeeching"],"picked":"SKIP","floor":15},{"not_picked":["Slimebound:OozeBath","Slimebound:Overexert"],"picked":"Slimebound:LeechLife","floor":16},{"not_picked":["Slimebound:LivingWall+1","Slimebound:FinishingTackle"],"picked":"Slimebound:ViciousTackle+1","floor":19},{"not_picked":["Slimebound:RollThrough+1","Slimebound:HauntingLick"],"picked":"Slimebound:ComboTackle+1","floor":20},{"not_picked":["Slimebound:SplitLeeching","Slimebound:PressTheAttack"],"picked":"Slimebound:RejuvenatingLick+1","floor":21},{"not_picked":["Slimebound:LeechEnergy","Slimebound:LivingWall"],"picked":"Slimebound:SlimeTap","floor":22},{"not_picked":["Slimebound:ViciousTackle","Slimebound:DisruptingSlam"],"picked":"Slimebound:SlimeTap+1","floor":26},{"not_picked":["Slimebound:Chomp","Slimebound:LeechEnergy","Slimebound:SlimeSpikes"],"picked":"SKIP","floor":28},{"not_picked":["Slimebound:SlimeSpikes+1","Slimebound:PrepareCrush"],"picked":"Slimebound:LeadByExample+1","floor":30},{"not_picked":["Slimebound:MegaLick","Slimebound:Chomp"],"picked":"Slimebound:MassRepurpose","floor":31},{"not_picked":["Slimebound:RollThrough","Slimebound:Schlurp","Slimebound:FinishingTackle"],"picked":"SKIP","floor":32},{"not_picked":["Slimebound:Repurpose","Slimebound:Gluttony","Slimebound:PressTheAttack+1"],"picked":"SKIP","floor":36},{"not_picked":["Slimebound:SplitMire+1","Slimebound:SamplingLick","Slimebound:SlimeBarrage"],"picked":"SKIP","floor":38},{"not_picked":["Slimebound:Chomp+1","Slimebound:SplitMire"],"picked":"Slimebound:LeechingTouch+1","floor":39},{"not_picked":["Slimebound:GrowthPunch","Slimebound:Equalize"],"picked":"Slimebound:Prepare+1","floor":40},{"not_picked":["Slimebound:RejuvenatingLick","Slimebound:MegaLick","Slimebound:SlimeSpikes"],"picked":"SKIP","floor":44},{"not_picked":["Slimebound:HauntingLick","Slimebound:SplitAcid+1","Slimebound:SplitLeeching"],"picked":"SKIP","floor":47},{"not_picked":["Slimebound:SplitLeeching+1","Slimebound:SplitMire","Slimebound:SamplingLick"],"picked":"SKIP","floor":48},{"not_picked":["Slimebound:SamplingLick","Slimebound:OneTwoCombo","Slimebound:SlimeBrawl"],"picked":"SKIP","floor":49}],"player_experience":345029,"relics_obtained":[{"floor":7.0,"key":"Juzu Bracelet"},{"floor":11,"key":"Toy Ornithopter"},{"floor":14,"key":"Shovel"},{"floor":18,"key":"Omamori"},{"floor":24,"key":"Centennial Puzzle"},{"floor":25,"key":"Strawberry"},{"floor":28,"key":"Tiny Chest"},{"floor":29,"key":"StrikeDummy"},{"floor":31,"key":"Bag of Preparation"},{"floor":35,"key":"Smiling Mask"},{"floor":41,"key":"Letter Opener"},{"floor":44,"key":"Bottled Lightning"},{"floor":45,"key":"HornCleat"},{"floor":46,"key":"Vajra"},{"floor":47,"key":"MawBank"}],"event_choices":[{"damage_healed":0,"gold_gain":0,"player_choice":"Grow","damage_taken":0,"max_hp_gain":0,"max_hp_loss":0,"event_name":"Living Wall","floor":12,"gold_loss":0,"cards_upgraded":["Slimebound:RainOfGoop"]},{"cards_removed":["Slimebound:LeadByExample"],"damage_healed":0,"gold_gain":0,"player_choice":"Removed Power","damage_taken":0,"max_hp_gain":0,"max_hp_loss":0,"event_name":"Falling","floor":42,"gold_loss":0}],"is_beta":false,"boss_relics":[{"not_picked":["Busted Crown","SacredBark"],"picked":"Fusion Hammer"},{"not_picked":["Snecko Eye","Velvet Choker"],"picked":"Astrolabe"}],"items_purged_floors":[8,22,26,39],"is_endless":false,"potions_floor_spawned":[4,5,6,9,10,16,21,28,31,32,33,38,40,47,48],"ascension_level":0}}