{"host":"iti9xkbcm5v843sw","time":1614390884,"event":{"mods":["Act Like it!","BaseMod","CapriCore","Conspire","Gensokyo","Koishi","Marisa£®ÏF”Í°°ƒß¿Ì…≥£©","Minty Spire (QoL Compilation)","Quick Restart","Reimu£®≤©¿ˆ¡È√Œ£©","Relic Stats","Remilia£®¿Ÿ√◊¿Ú—«£©","Replay The Spire","RumiaBox-¬∂√◊Ê´µƒ…Ò√ÿ∫–◊”","StSLib","The Administrix","The Immortal","The Servant 0.9.4","Yakumo Yukari mod","Youmu£®ªÍ∆«—˝√Œ£©","Yuyuko"],"gold_per_floor":[114,29,29,5,19,50,90,90,113,157,157,207,207,247,247,377,377,438,490,490,553,281,281,291,291],"floor_reached":24,"language":"ZHS","playtime":2568,"items_purged":[],"score":221,"play_id":"2fb5be42-bd1c-40dd-9901-3bfa6c82c67a","local_time":"20210227095444","is_ascension_mode":false,"campfire_choices":[{"data":"DarkMatter","floor":11,"key":"SMITH"},{"data":"PulseMagic","floor":13,"key":"SMITH"},{"data":"UltimateShortwave","floor":23,"key":"SMITH"}],"circlet_count":0,"master_deck":["Strike_MRS","Strike_MRS","Strike_MRS+1","Strike_MRS","Defend_MRS","Defend_MRS","Defend_MRS","Defend_MRS","MasterSpark","UpSweep","OrrerysSun","Acceleration","Acceleration","WitchOfGreed+1","PowerUp","6A","DarkMatter+1","PulseMagic+1","WitchLeyline","UnstableBomb","UltimateShortwave+1","AsteroidBelt","MilkyWay","IllusionStar","Gensokyo:Shovel","Gensokyo:ScrapIron","Gensokyo:SevenSchoolMysteries"],"relics":["MiniHakkero","NeowsBlessing","Replay:Bandana","SlaversCollar"],"acts_visited":["Exordium","Exordium"],"potions_floor_usage":[10,16,19,21],"damage_taken":[{"damage":0.0,"enemies":"Jaw Worm","floor":1.0,"turns":1.0},{"damage":0.0,"enemies":"Cultist","floor":5.0,"turns":1.0},{"damage":0.0,"enemies":"Replay:BlueRogue","floor":6.0,"turns":1.0},{"damage":2.0,"enemies":"Small Slimes","floor":7.0,"turns":4.0},{"damage":9,"enemies":"Gremlin Gang","floor":10,"turns":8},{"damage":10,"enemies":"3 Louse","floor":14,"turns":4},{"damage":13,"enemies":"Fading Forest","floor":16,"turns":11},{"damage":23,"enemies":"Gensokyo:AngelMirror","floor":18,"turns":6},{"damage":3,"enemies":"Gensokyo:Chomper","floor":19,"turns":5},{"damage":8,"enemies":"Gensokyo:Monolith_and_Dog","floor":21,"turns":9},{"damage":51,"enemies":"Gensokyo:Chomper_and_Gloop","floor":24,"turns":6}],"seed_played":"-346869338774792165","potions_obtained":[{"floor":1.0,"key":"Weak Potion"},{"floor":5.0,"key":"Languid Potion"},{"floor":7.0,"key":"BlessingOfTheForge"},{"floor":10,"key":"Reflective Coating"},{"floor":10,"key":"SkillPotion"},{"floor":16,"key":"Dexterity Potion"},{"floor":18,"key":"SteroidPotion"},{"floor":19,"key":"Energy Potion"},{"floor":21,"key":"Reflective Coating"}],"is_trial":false,"path_per_floor":["M","$","?","$","M","E","M","?","T","M","R","?","R","M","R","B",null,"M","M","?","M","COS","R","M"],"character_chosen":"MARISA","items_purchased":["Acceleration","WitchOfGreed","PowerUp"],"campfire_rested":0,"item_purchase_floors":[2,2,4],"current_hp_per_floor":[75,75,75,75,75,75,73,73,73,64,64,64,64,54,75,62,75,52,49,49,41,41,41,0,0],"gold":291,"neow_bonus":"THREE_ENEMY_KILL","is_daily":false,"chose_seed":false,"campfire_upgraded":3,"win_rate":0.0,"timestamp":1614390884,"path_taken":["M","$","?","?","M","E","?","?","T","M","R","?","R","M","R","BOSS","M","M","?","M","COS","R","?"],"items_purchased_type":["Card","Card","Card"],"build_version":"2020-12-22","purchased_purges":0,"victory":false,"max_hp_per_floor":[75,75,75,75,75,75,75,75,75,75,75,75,75,75,75,75,75,75,75,75,75,75,75,75,75],"relic_stats":{"counters":[11,56],"obtain_stats":[{"SlaversCollar":17,"Replay:Bandana":6,"NeowsBlessing":0,"MiniHakkero":0},{"SlaversCollar":7,"Replay:Bandana":3,"NeowsBlessing":0,"MiniHakkero":0},{"SlaversCollar":30,"Replay:Bandana":3,"NeowsBlessing":0,"MiniHakkero":0}]},"card_choices":[{"not_picked":["GalacticHalo","Robbery"],"picked":"OrrerysSun","floor":1.0},{"not_picked":["UnstableBomb","BigCrunch"],"picked":"6A","floor":5.0},{"not_picked":["DragonMeteor","AlicesGift"],"picked":"DarkMatter","floor":6.0},{"not_picked":["FairyDestructionRay","PowerUp"],"picked":"PulseMagic","floor":7.0},{"not_picked":["DarkMatter","PropBag"],"picked":"WitchLeyline","floor":10},{"not_picked":["PowerUp","MeteoricShower"],"picked":"UnstableBomb","floor":14},{"not_picked":["EscapeVelocity","JA"],"picked":"UltimateShortwave","floor":16},{"not_picked":["GalacticHalo","PowerUp"],"picked":"AsteroidBelt","floor":18},{"not_picked":["PowerUp+1","Occultation+1"],"picked":"MilkyWay","floor":19},{"not_picked":["WitchOfGreed","AbsoluteMagnitude"],"picked":"IllusionStar","floor":21}],"player_experience":248901,"relics_obtained":[{"floor":6.0,"key":"Replay:Bandana"}],"event_choices":[{"damage_healed":0.0,"max_hp_gain":0.0,"max_hp_loss":0.0,"gold_gain":0.0,"event_name":"NoteForYourself","player_choice":"Ignored","floor":3.0,"gold_loss":0.0,"damage_taken":0.0},{"damage_healed":0,"gold_gain":50,"player_choice":"Gained Gold","damage_taken":0,"max_hp_gain":0,"max_hp_loss":0,"event_name":"Golden Wing","floor":12,"gold_loss":0},{"damage_healed":0,"gold_gain":0,"player_choice":"Leave","damage_taken":0,"max_hp_gain":0,"max_hp_loss":0,"event_name":"conspire:Investor","floor":20,"gold_loss":0}],"is_beta":false,"boss_relics":[{"not_picked":["Snecko Eye","AddBug"],"picked":"SlaversCollar"}],"items_purged_floors":[],"is_endless":false,"potions_floor_spawned":[1,5,10,18,21],"killed_by":"Gensokyo:Chomper_and_Gloop","ascension_level":0}}