{"host":"sc0o2qwpf9j16a4i","time":1614425460,"event":{"mods":["AchievementEnabler","BaseMod","BetterRewards","Block Reminder","Colored Map","Colored Powertips","Custom Start","Highlight Path","Minty Spire (QoL Compilation)","Relic Stats"],"gold_per_floor":[113,133,133,152,102,102,113,113,195,213,213,233,272,17,17,121,148,168,19,19,48,76,76,94,94,94,119,218,244,244,274,274,370,370,390,414,424,433,433,433,45,62,62,87,87],"floor_reached":44,"language":"ENG","playtime":1074,"items_purged":[],"score":507,"play_id":"d0bd690c-99cc-41dd-ad0d-608d93f2aa93","local_time":"20210227133100","daily_mods":["Specialized","Uncertain Future","Lethality"],"is_ascension_mode":false,"campfire_choices":[{"data":"Bash","floor":6.0,"key":"SMITH"},{"data":"Armaments","floor":8.0,"key":"SMITH"},{"floor":15.0,"key":"REST"},{"data":"Inflame","floor":23.0,"key":"SMITH"},{"data":"Blood for Blood","floor":25.0,"key":"SMITH"},{"floor":32.0,"key":"REST"},{"floor":40,"key":"REST"}],"circlet_count":0,"master_deck":["Strike_R","Defend_R","Defend_R","Defend_R","Defend_R+1","Bash+1","Blood for Blood","Blood for Blood+1","Blood for Blood","Blood for Blood+1","Anger","Flex","Twin Strike","Armaments+1","Inflame+1","Combust","Battle Trance+1","Headbutt+1","Rage+1","Armaments+1","Thunderclap+1","Metallicize","Battle Trance","Entrench","HandOfGreed","Apotheosis","Flame Barrier"],"relics":["Burning Blood","Bottled Lightning","PreservedInsect","CeramicFish","Medical Kit","Astrolabe","Pen Nib","Akabeko","Paper Frog","Pear","Snecko Eye","Bag of Marbles","StrikeDummy"],"acts_visited":["Exordium","TheCity","TheBeyond"],"potions_floor_usage":[42],"damage_taken":[{"damage":11.0,"enemies":"Cultist","floor":1.0,"turns":4.0},{"damage":0.0,"enemies":"Small Slimes","floor":2.0,"turns":3.0},{"damage":14.0,"enemies":"Jaw Worm","floor":4.0,"turns":2.0},{"damage":8.0,"enemies":"Large Slime","floor":7.0,"turns":4.0},{"damage":14.0,"enemies":"2 Fungi Beasts","floor":10.0,"turns":3.0},{"damage":13.0,"enemies":"Looter","floor":12.0,"turns":3.0},{"damage":21.0,"enemies":"Lagavulin","floor":13.0,"turns":4.0},{"damage":2.0,"enemies":"Slime Boss","floor":16.0,"turns":5.0},{"damage":30.0,"enemies":"Shell Parasite","floor":18.0,"turns":5.0},{"damage":3.0,"enemies":"Chosen","floor":21.0,"turns":4.0},{"damage":13.0,"enemies":"3 Cultists","floor":22.0,"turns":4.0},{"damage":3.0,"enemies":"Snecko","floor":24.0,"turns":4.0},{"damage":28.0,"enemies":"Cultist and Chosen","floor":27.0,"turns":5.0},{"damage":25.0,"enemies":"Shelled Parasite and Fungi","floor":29.0,"turns":4.0},{"damage":12.0,"enemies":"Book of Stabbing","floor":31.0,"turns":3.0},{"damage":31.0,"enemies":"Champ","floor":33.0,"turns":9.0},{"damage":29.0,"enemies":"Orb Walker","floor":35.0,"turns":4.0},{"damage":9.0,"enemies":"3 Shapes","floor":36.0,"turns":5.0},{"damage":33,"enemies":"3 Darklings","floor":37,"turns":6},{"damage":43,"enemies":"Writhing Mass","floor":42,"turns":4},{"damage":21,"enemies":"Sphere and 2 Shapes","floor":44,"turns":3}],"seed_played":"-6386950726587019547","potions_obtained":[{"floor":7.0,"key":"Regen Potion"},{"floor":13.0,"key":"LiquidBronze"},{"floor":16.0,"key":"EssenceOfSteel"},{"floor":22.0,"key":"SkillPotion"},{"floor":24.0,"key":"SteroidPotion"},{"floor":27.0,"key":"PowerPotion"},{"floor":37,"key":"GamblersBrew"}],"is_trial":true,"path_per_floor":["M","M","?","M","?","R","M","R","T","M","T","M","E","$","R","B",null,"M","$","?","M","M","R","M","R","T","M","?","M","T","E","R","B",null,"M","M","M","?","?","R","$","M","T","M"],"character_chosen":"IRONCLAD","items_purchased":["Medical Kit","Strength Potion","Block Potion","Pen Nib","Apotheosis","Bag of Marbles","Flame Barrier"],"campfire_rested":3,"item_purchase_floors":[14,14,14,19,41,41,41],"current_hp_per_floor":[75,80,64,56,56,56,54,54,54,46,46,39,36,36,60,64,80,56,56,56,59,52,52,55,55,55,33,33,14,14,18,45,20,90,67,64,37,27,27,54,54,17,17,0,0],"gold":87,"neow_bonus":"","is_daily":false,"chose_seed":false,"campfire_upgraded":4,"win_rate":0.0,"timestamp":1614425460,"path_taken":["M","M","?","M","?","R","M","R","T","M","?","M","E","$","R","BOSS","M","$","?","M","M","R","M","R","T","M","?","M","?","E","R","BOSS","M","M","M","?","?","R","$","M","T","?"],"items_purchased_type":["Relic","Potion","Potion","Relic","Card","Relic","Card"],"build_version":"2020-12-22","purchased_purges":0,"victory":false,"max_hp_per_floor":[80,80,80,80,80,80,80,80,80,80,80,80,80,80,80,80,80,80,80,80,80,80,80,80,80,80,80,80,80,80,90,90,90,90,90,90,90,90,90,90,90,90,90,90,90],"relic_stats":{"counters":[21,88],"CeramicFish":108,"Astrolabe":["Battle Trance","Headbutt","Rage"],"Snecko Eye":[38,50,46,42],"PreservedInsect":69,"Pen Nib":[7],"Medical Kit":[3],"obtain_stats":[{"Pear":31,"CeramicFish":13,"Astrolabe":17,"PreservedInsect":11,"Pen Nib":19,"Medical Kit":14,"Burning Blood":0,"Akabeko":26,"Snecko Eye":34,"Bag of Marbles":41,"Bottled Lightning":9,"StrikeDummy":43,"Paper Frog":30},{"Pear":15,"CeramicFish":7,"Astrolabe":8,"PreservedInsect":5,"Pen Nib":9,"Medical Kit":7,"Burning Blood":0,"Akabeko":12,"Snecko Eye":16,"Bag of Marbles":19,"Bottled Lightning":4,"StrikeDummy":20,"Paper Frog":14},{"Pear":57,"CeramicFish":23,"Astrolabe":28,"PreservedInsect":16,"Pen Nib":33,"Medical Kit":23,"Burning Blood":0,"Akabeko":45,"Snecko Eye":66,"Bag of Marbles":81,"Bottled Lightning":13,"StrikeDummy":85,"Paper Frog":54}],"Burning Blood":119},"card_choices":[{"not_picked":["Heavy Blade","Perfected Strike"],"picked":"Anger","floor":1.0},{"not_picked":["Wild Strike","Power Through"],"picked":"Flex","floor":2.0},{"not_picked":["Flame Barrier","Carnage"],"picked":"Twin Strike","floor":4.0},{"not_picked":["Sword Boomerang","Cleave"],"picked":"Armaments","floor":7.0},{"not_picked":["Wild Strike","Shrug It Off"],"picked":"Inflame","floor":10.0},{"not_picked":["Wild Strike","Brutality","Headbutt"],"picked":"SKIP","floor":12.0},{"not_picked":["Headbutt","Warcry"],"picked":"Combust","floor":13.0},{"not_picked":["Clash","Body Slam","Thunderclap"],"picked":"SKIP","floor":18.0},{"not_picked":["True Grit","Hemokinesis"],"picked":"Armaments+1","floor":21.0},{"not_picked":["Blood for Blood","Pommel Strike"],"picked":"Thunderclap+1","floor":22.0},{"not_picked":["Perfected Strike","Dropkick","Warcry"],"picked":"SKIP","floor":24.0},{"not_picked":["Rampage","Heavy Blade"],"picked":"Metallicize","floor":27.0},{"not_picked":["Flex","Iron Wave+1"],"picked":"Battle Trance","floor":29.0},{"not_picked":["Clash","Immolate","Double Tap"],"picked":"SKIP","floor":31.0},{"not_picked":["Battle Trance","Warcry+1","Iron Wave"],"picked":"SKIP","floor":35.0},{"not_picked":["Hemokinesis+1","Whirlwind"],"picked":"Entrench","floor":36.0},{"not_picked":["Cleave","Warcry+1","Infernal Blade"],"picked":"SKIP","floor":37},{"not_picked":["Finesse","Violence"],"picked":"HandOfGreed","floor":38},{"not_picked":["Iron Wave","Thunderclap+1","Havoc+1"],"picked":"SKIP","floor":42}],"player_experience":1587342,"relics_obtained":[{"floor":9.0,"key":"Bottled Lightning"},{"floor":11.0,"key":"PreservedInsect"},{"floor":13.0,"key":"CeramicFish"},{"floor":26.0,"key":"Akabeko"},{"floor":30.0,"key":"Paper Frog"},{"floor":31.0,"key":"Pear"},{"floor":43,"key":"StrikeDummy"}],"event_choices":[{"damage_healed":0.0,"max_hp_gain":0.0,"max_hp_loss":0.0,"gold_gain":0.0,"event_name":"Shining Light","player_choice":"Entered Light","floor":3.0,"gold_loss":0.0,"damage_taken":16.0,"cards_upgraded":["Blood for Blood","Defend_R"]},{"cards_removed":["Blood for Blood"],"damage_healed":0.0,"max_hp_gain":0.0,"max_hp_loss":0.0,"gold_gain":0.0,"event_name":"The Cleric","player_choice":"Card Removal","floor":5.0,"gold_loss":50.0,"damage_taken":0.0},{"damage_healed":0.0,"max_hp_gain":0.0,"max_hp_loss":0.0,"gold_gain":99.0,"event_name":"Nest","player_choice":"Stole From Cult","floor":28.0,"gold_loss":0.0,"damage_taken":0.0},{"damage_healed":0,"gold_gain":0,"player_choice":"Memory 3","damage_taken":10,"max_hp_gain":0,"max_hp_loss":0,"event_name":"SensoryStone","floor":38,"gold_loss":0},{"cards_removed":["Strike_R"],"damage_healed":0,"gold_gain":0,"player_choice":"Purged","damage_taken":0,"max_hp_gain":0,"max_hp_loss":0,"event_name":"Purifier","floor":39,"gold_loss":0}],"is_beta":false,"boss_relics":[{"not_picked":["Ectoplasm","Runic Cube"],"picked":"Astrolabe"},{"not_picked":["Runic Dome","Pandora\u0027s Box"],"picked":"Snecko Eye"}],"items_purged_floors":[],"is_endless":false,"potions_floor_spawned":[7,13,16,22,24,27,37],"killed_by":"Sphere and 2 Shapes","ascension_level":0}}