{"host":"80x1ozqd5wpd4nvo","time":1614439092,"event":{"mods":["2.2 Compatiblity","Act Like it!","Aspiration","BaseMod","Better Altar","Better Match","Better Note","Better Sensory Stone","Better Skull","Better Third Choice","BetterRewards","Card Forge","Custom Start","DNKmod","Defuse TimeMaze Blight","Dota2Spire","Energized Spire","Friendly Minions","GifTheSpireLib","Hubris","Infinite Spire","Jedi Mod","Library of Ruina","Minty Spire (QoL Compilation)","MostiFishMod","Permanent Neow","Poor People Problems","Ruina","Shop Mod","Spicy Shops","StSLib","The Blue Laboratory","??????REMEMod"],"gold_per_floor":[1210,1227,1239,1087,1102,1102,1132,1132,1159,1169,1169,1182,1208,1208,1208,1311,1311,1330,1344,1364,1416,1416,1416,1416,1416,1416,1442,1442,1442,1453,1465,1465,1566,1566,1582,1582,1596,1596,1615,1643,1643,1672,1725,1754,1754,1773,1783,1828,1828,1828],"floor_reached":51,"language":"ENG","playtime":3529,"items_purged":["LightAttack","LightDefense"],"score":1244,"play_id":"6e93ac63-c455-44e2-a739-da8d9e65306f","local_time":"20210227161812","is_ascension_mode":true,"campfire_choices":[{"data":"FrontalAssault","floor":6.0,"key":"SMITH"},{"data":"Feast","floor":8.0,"key":"SMITH"},{"data":"SunsetBlade","floor":15,"key":"SMITH"},{"data":"1","floor":23,"key":"LIFT"},{"data":"ChargeUp","floor":25,"key":"SMITH"},{"data":"Duel_lor","floor":28,"key":"SMITH"},{"data":"BindingChains","floor":32,"key":"SMITH"},{"data":"MostiFishMod:SupremeArchaeology","floor":41,"key":"SMITH"},{"data":"TendonChords","floor":49,"key":"SMITH"}],"circlet_count":0,"master_deck":["Dodge+1","LightDefense","LightAttack","LightDefense","LightDefense+1","ChargeAndCover","FocusedStrikes","Duel_lor+1","MindPrepared","TendonChords+1","MostiFishMod:SupremeArchaeology+1","FrontalAssault+1","StrikeDown","Feast+1","TrimTheIngredients","Parry2","FleetFootsteps","Impatience+1","SunsetBlade+1","FierceCharge+1","BindingArms","YoureTooSlow+1","IronWall+1","ChargeUp+1","ToOvercomeCrisis+1","GatherIntel+1","BindingChains+1","LeRegole+1","SweepTheBackstreets+1","Suppress+1","GatherIntel+1","TheWillOfTheCity+1"],"relics":["PageOfLibrarian","REME_ComplimentaryCards","DaveBox","SynthV:TestCard","DiscerningMonocle","War Paint","BirthdayGift-Tetrahedron","PageOfBigBird","Girya","hubris:SlimyHat","Dota2Spire:UrnOfShadows","PageOfTodaysShyLook","Toxic Egg 2","PageOfAlriune","PageOfSnowWhitesApple","Cauldron","Orrery","RhineCircuit","BrkXgEgg","Dota2Spire:Mjollnir","MerchantsRug","hubris:GlazedTorus","PageOfRedShoes","aspiration:TomeofQuesting","aspiration:Lifesprig","Darkstone Periapt","MetatronsCube","PageOfDeadButterflies","PageOfTheKnightOfDespair","FeatherPendant","hubris:Towel","PageOfPinocchio","aspiration:FrozenJewel","PageOfJudgementBird","Dota2Spire:MonkeyKingBar","Dota2Spire:EyeOfSkadi"],"acts_visited":["Exordium","Exordium","TheBeyond"],"potions_floor_usage":[30,50],"damage_taken":[{"damage":0.0,"enemies":"Cultist","floor":1.0,"turns":2.0},{"damage":0.0,"enemies":"Jaw Worm","floor":2.0,"turns":2.0},{"damage":0.0,"enemies":"Small Slimes","floor":3.0,"turns":2.0},{"damage":4.0,"enemies":"Exordium Thugs","floor":5.0,"turns":3.0},{"damage":2.0,"enemies":"Gremlin Nob","floor":7.0,"turns":2.0},{"damage":2.0,"enemies":"2 Fungi Beasts","floor":10.0,"turns":2.0},{"damage":3.0,"enemies":"Lots of Slimes","floor":12.0,"turns":2.0},{"damage":2.0,"enemies":"Lagavulin","floor":13.0,"turns":2.0},{"damage":4,"enemies":"Slime Boss","floor":16,"turns":3},{"damage":4,"enemies":"ruina:3_Bats","floor":18,"turns":3},{"damage":2,"enemies":"ruina:2_Scarecrows","floor":19,"turns":2},{"damage":10,"enemies":"ruina:QueenOfHate","floor":20,"turns":2},{"damage":3,"enemies":"ruina:ServantOfWrath","floor":27,"turns":2},{"damage":4,"enemies":"ruina:KnightOfDespair","floor":30,"turns":3},{"damage":2,"enemies":"ruina:KingOfGreed","floor":31,"turns":2},{"damage":8,"enemies":"ruina:Red_and_Wolf","floor":33,"turns":5},{"damage":2,"enemies":"Orb Walker","floor":35,"turns":2},{"damage":1,"enemies":"3 Darklings","floor":37,"turns":1},{"damage":2,"enemies":"Sphere and 2 Shapes","floor":39,"turns":2},{"damage":4,"enemies":"Giant Head","floor":40,"turns":3},{"damage":2,"enemies":"Reptomancer","floor":42,"turns":2},{"damage":4,"enemies":"Nemesis","floor":44,"turns":3},{"damage":0,"enemies":"Jaw Worm Horde","floor":46,"turns":1},{"damage":0,"enemies":"Maw","floor":47,"turns":1},{"damage":0,"enemies":"2 Orb Walkers","floor":48,"turns":1},{"damage":2,"enemies":"hubris:GrandSnecko","floor":50,"turns":2}],"seed_played":"5219088371888879467","potions_obtained":[{"floor":3.0,"key":"blueLaboratory:FrostheartPotion"},{"floor":5.0,"key":"DuplicationPotion"},{"floor":7.0,"key":"Strength Potion"},{"floor":12.0,"key":"FearPotion"},{"floor":13.0,"key":"BlessingOfTheForge"},{"floor":14.0,"key":"DuplicationPotion"},{"floor":14.0,"key":"blueLaboratory:CorrosionFlask"},{"floor":20,"key":"LiquidMemories"},{"floor":30,"key":"REME_GoldPotion"},{"floor":31,"key":"blueLaboratory:BottledHope"},{"floor":46,"key":"Dota2Spire:HealingSalve"}],"is_trial":false,"path_per_floor":["M","M","M","$","M","R","E","R","T","M","?","M","E","$","R","B",null,"M","M","M","$","?","R","$","R","T","E","R","?","M","M","R","B",null,"M","?","M","?","M","E","R","E","T","E","?","M","M","?","R","B",null],"character_chosen":"Librarian","items_purchased":["DiscerningMonocle","War Paint","BirthdayGift-Tetrahedron","PageOfBigBird","MostiFishMod:SupremeArchaeology","FrontalAssault","PageOfTodaysShyLook","Toxic Egg 2","Impatience+1","PageOfAlriune","PageOfSnowWhitesApple","Cauldron","Orrery","BrkXgEgg","Dota2Spire:Mjollnir","hubris:HerbalPaste","MerchantsRug","hubris:GlazedTorus","PageOfRedShoes","CultistPotion","aspiration:TomeofQuesting","aspiration:Lifesprig","Darkstone Periapt","MetatronsCube"],"campfire_rested":0,"item_purchase_floors":[4,4,4,4,4,4,14,14,14,14,14,14,14,21,21,21,21,21,21,21,24,24,24,24],"current_hp_per_floor":[100,100,100,100,96,96,97,97,97,101,90,98,105,105,105,114,116,114,108,98,98,110,110,110,110,110,116,116,128,125,128,128,126,138,136,136,135,138,136,134,134,136,136,132,131,131,131,136,136,136],"gold":1828,"neow_bonus":"REMOVE_CARD","is_daily":false,"chose_seed":false,"campfire_upgraded":8,"win_rate":0.0,"timestamp":1614439092,"path_taken":["M","M","?","?","M","R","E","R","T","?","?","?","E","$","R","BOSS","M","M","M","$","?","R","$","R","T","E","R","?","?","M","R","BOSS","M","?","M","?","?","E","R","E","T","E","?","M","M","?","R","BOSS"],"items_purchased_type":["Relic","Relic","Relic","Relic","Card","Card","Relic","Relic","Card","Relic","Relic","Relic","Relic","Relic","Relic","Relic","Relic","Relic","Relic","Potion","Relic","Relic","Relic","Relic"],"build_version":"2020-12-22","purchased_purges":2,"victory":true,"max_hp_per_floor":[100,111,111,111,111,111,111,111,111,116,116,116,116,116,116,116,116,124,108,108,108,120,120,120,120,120,128,128,128,128,138,138,138,138,138,138,138,138,138,138,138,138,138,138,131,131,131,136,136,136],"card_choices":[{"not_picked":["ConcentratedFire","FrontalAssault","NightInTheBackstreets","Parry2","Decapitation","WillOfThePrescript","ChopItOff","AlloutWar"],"picked":"Duel_lor","floor":1.0},{"not_picked":["Standoff","Eliminate","FleetEdge","Faith","HiddenBlade","Diversion","LossOfSenses","ShockingBlow","Deflect_lor","SerpentineBarrier"],"picked":"MindPrepared","floor":2.0},{"not_picked":["EnergyShield","Parry","SparkingSpear","GuardingStance","Wallop_lor","Rewind","SilentNight","ChopItOff","BiAn","StrongStrike"],"picked":"TendonChords","floor":3.0},{"not_picked":["WildCard","SinglePointStab","SmokingPipe","FierceOnslaught","StartinOutLightly","SerpentSwordTechnique","Castigation","QuickAttack","DeepDrag","DefenseOrder"],"picked":"StrikeDown","floor":5.0},{"not_picked":["ShrineToMusic","AutomatedMovement","UndertakePrescript","FlashOfSunup","TieShanKao","Execute_lor","FrontalAssault","JiaoTu","SharpenedBlade","Outburst"],"picked":"Feast","floor":7.0},{"not_picked":["Parry","SmokingPipe","BackAttack","YoureAHindrance","TendonChords","GrazeTheGrass","FervidEmotions","UnavoidableGaze","Zzzzzap","InhaleSmoke"],"picked":"TrimTheIngredients","floor":10.0},{"not_picked":["Quickness","FleetFootsteps","Wallop_lor","SerpentSwordTechnique","Gigigig","StrongStrike","EnergyShield","PreemptiveStrike","DestructiveImpact","EnergyCycle"],"picked":"Parry2","floor":12.0},{"not_picked":["FieryDragonSlash","CoordinatedAssault","InkOver","RhinoRam","Endure","SharpSwipe","ChiWen","DriedUp","Diversion","FieryWaltz"],"picked":"FleetFootsteps","floor":13.0},{"not_picked":["ScatteringSlash","BizarreAttack","IllEndYou","SpearedSweep","DarkCloud","TrashDisposal","OminousPower","SnakesPrey","Marionette+1","HeavyPeaks"],"picked":"SunsetBlade","floor":14.0},{"not_picked":["EndlessBattle","DesperateStruggle","FlashingStrike","Outburst","QuickSuppression","BackAttack+1","AGoldenOpportunity+1","IngredientHunt","FervidEmotions+1","EnergyStrike"],"picked":"FierceCharge+1","floor":14.0},{"not_picked":["Leap_lor","VioletBlade","EnergyStrike","FleetEdge","SavageMode","TheRedNotes","FleetFootsteps+1","StructuralAnalysis+1","Thirst","Faith+1"],"picked":"BindingArms","floor":14.0},{"not_picked":["BoundaryOfDeath","EnergyStrike","EnergyShield+1","ScratchThat","PinpointShot","DarkCloud","FleetEdge","StructuralAnalysis+1","BlindFaith+1","VioletBlade"],"picked":"YoureTooSlow+1","floor":14.0},{"not_picked":["StartinOutLightly+1","SmokingPipe+1","Parry2","Pound","IdentifyWeakpoint+1","SharpSwipe","AbsorbImpact+1","Disposal","QuickSuppression","EndlessBattle"],"picked":"IronWall+1","floor":14.0},{"not_picked":["TrashDisposal","FlamingDragonFist","GroundSmash","Suppress"],"picked":"ChargeUp","floor":16},{"not_picked":["WillBeTasty","Standoff","ChargeUp","ReadyUp+1","ButterflySlash","Clone+1","SerpentSwordTechnique+1","SharpSwipe+1","Pound","SharpNails"],"picked":"ToOvercomeCrisis+1","floor":18},{"not_picked":["HiddenBlade+1","DefenseOrder+1","YouOnlyLiveOnce","FleetFootsteps+1","SkyClearingCut","Reload+1","FleetEdge+1","PreemptiveStrike","DistortedBlade","MultiHit+1","FierceCharge+1"],"picked":"SKIP","floor":19},{"not_picked":["FieryDragonSlash+1","IngredientHunt","TimeForALittleTest","Retaliate","YoureTooSlow+1","BiAn+1","MultiHit+1","ExtremeEdge+1","WrathOfTorment","BayonetCombat","ClassAndRespect+1"],"picked":"SKIP","floor":20},{"not_picked":["SmokingPipe+1","DeepDrag","SharpSwipe","CutIn","Transpierce+1","ChiWen+1","BiAn+1","Gigigig","Thrust+1","DaringDecision+1"],"picked":"GatherIntel+1","floor":27},{"not_picked":["BiteOff","Reload+1","PreemptiveStrike","FervidEmotions+1","Transpierce+1","TendonChords","VioletBlade","EnergyShield+1","QuickAttack","BurningFlash","SuppressingShot"],"picked":"SKIP","floor":30},{"not_picked":["GutHarvesting+1","Laceration","FeatherShield+1","NightInTheBackstreets","BladeWhirl+1","Pound","FleetEdge","PreparedMind+1","ButterflySlash+1","Bvapour"],"picked":"BindingChains","floor":31},{"not_picked":["GroundSmash+1","EmotionalTurbulence+1","Commandeering+1","EnergyBeam+1"],"picked":"LeRegole+1","floor":33},{"not_picked":["DesperateStruggle+1","QuickAttack","RapidGashes+1","Crush","SnakesPrey+1","Preparation+1","SerpentSwordTechnique+1","MirageStorm+1","HeavyPeaks","SkyClearingCut","Parry2"],"picked":"SKIP","floor":35},{"not_picked":["RushDown","DesperateStruggle+1","BalefulBrand+1","Guardian_lor+1","BlindFaith+1","Eliminate","YourShield+1","TendonChords+1","ExtremeEdge","SmokingPipe+1"],"picked":"SweepTheBackstreets+1","floor":37},{"not_picked":["SunsetBlade","BackAttack+1","Ripple","EnergyShield+1","RatsGuideToSurvival+1","MultiHit+1","Multislash","FierceOnslaught","SweepTheBackstreets+1","TendonChords","FlashOfSunup"],"picked":"SKIP","floor":39},{"not_picked":["DefenseOrder+1","ShrineToMusic+1","HiddenBlade","WillBeTasty+1","UpbeatPerformance","SinglePointStab","QuickAttack+1","SomberProcuration+1","Outburst","UnavoidableGaze+1"],"picked":"Suppress+1","floor":40},{"not_picked":["ViolentFlame+1","CoordinatedAssault+1","Ripple+1","DarkCloud+1","BlowItUp","QuickAttack+1","Leap_lor+1","Faith+1","EnergyShield+1","MindWhip","Pound+1"],"picked":"SKIP","floor":42},{"not_picked":["EnergyStrike","Castigation+1","WillOfThePrescript+1","EndlessBattle","ElectricShock","Unlock1","MultiBlock+1","DirtyBlow","Leap_lor+1","DesperateStruggle+1"],"picked":"GatherIntel+1","floor":44},{"not_picked":["FleetFootsteps+1","UndertakePrescript+1","StrongStrike+1","ICanCookAnything","DevastatingThrash+1","HandleRequest","EmotionalTurbulence+1","HandlingWork+1","HighSpeedStabbing","EnergyCycle+1"],"picked":"TheWillOfTheCity+1","floor":46},{"not_picked":["RatsGuideToSurvival+1","Standoff+1","TheWillOfTheCity+1","Outburst+1","FleetFootsteps+1","GatherIntel+1","Thrust","HiddenBlade","Quickness+1","WildCard+1","Crush+1"],"picked":"SKIP","floor":47}],"player_experience":266120,"relics_obtained":[{"floor":1.0,"key":"SynthV:TestCard"},{"floor":7.0,"key":"Girya"},{"floor":9.0,"key":"hubris:SlimyHat"},{"floor":13.0,"key":"Dota2Spire:UrnOfShadows"},{"floor":26,"key":"PageOfDeadButterflies"},{"floor":27,"key":"PageOfTheKnightOfDespair"},{"floor":40,"key":"PageOfPinocchio"},{"floor":42,"key":"aspiration:FrozenJewel"},{"floor":43,"key":"PageOfJudgementBird"},{"floor":44,"key":"Dota2Spire:MonkeyKingBar"},{"floor":48,"key":"Dota2Spire:EyeOfSkadi"}],"event_choices":[{"damage_healed":0.0,"max_hp_gain":0.0,"max_hp_loss":0.0,"gold_gain":0.0,"event_name":"Wheel of Change","player_choice":"Damaged","floor":11.0,"gold_loss":0.0,"damage_taken":11.0},{"damage_healed":0,"gold_gain":0,"player_choice":"Max HP","damage_taken":0,"max_hp_gain":0,"max_hp_loss":7,"event_name":"Winding Halls","floor":45,"gold_loss":0},{"damage_healed":0,"gold_gain":0,"player_choice":"Fight","damage_taken":0,"max_hp_gain":0,"max_hp_loss":0,"event_name":"Mysterious Sphere","floor":48,"gold_loss":0}],"is_beta":false,"boss_relics":[{"not_picked":["aspiration:RunicSpoon","Empty Cage"],"picked":"RhineCircuit"},{"not_picked":["jedi:hotpepper","Sozu"],"picked":"FeatherPendant"}],"items_purged_floors":[4,21],"is_endless":false,"potions_floor_spawned":[3,5,7,12,13,20,30,31,33,37,46,48],"ascension_level":1}}