{"host":"9pm4ffml2aj85aj7","time":1614443581,"event":{"mods":["Act Like it!","BaseMod","BetterRewards","Bossed Relics","GifTheSpireLib","Library of Ruina","Library of Ruina Extra","Lobotomy","LobotomyExtend","Minty Spire (QoL Compilation)","Relic Filter Mod","Remilia£®¿Ÿ√◊¿Ú—«£©","Replay The Spire","Shop Mod","StSLib","The Jungle","Wide Potions"],"gold_per_floor":[416,82,82,43,60,60,60,90,90,124,124,124,124,141,141,236,236,246,246,92,107,107,137,167,167,192,222,222,97,97,97,97,200,200,212,37,87,106,106,131,131,158,158,178,178,178,178],"floor_reached":46,"language":"ZHS","playtime":1855,"items_purged":["Standoff","UpbeatPerformance","Rewind","ViolentFlame","SinglePointStab"],"score":686,"play_id":"026046e8-e9ce-4d35-a821-ad0d41c45d01","local_time":"20210228003301","daily_mods":["SealedDeck","Vintage","Heirloom","Time Dilation","Flight","Lethality"],"is_ascension_mode":false,"campfire_choices":[{"data":"BurningFlash","floor":6,"key":"SMITH"},{"data":"QuickSuppression","floor":11,"key":"SMITH"},{"data":"Faith","floor":13,"key":"SMITH"},{"floor":15,"key":"REST"},{"data":"RagingStormLove","floor":25,"key":"SMITH"},{"data":"BackAttack","floor":32,"key":"SMITH"}],"circlet_count":0,"master_deck":["Faith+1","FleetEdge+1","BurningFlash+1","UnavoidableGaze+1","BackAttack+1","RagingStormLove+1","HighKick+1","FormingStorm+1","GaleKick+1","SilentNight+1","ChiWen+1"],"relics":["PageOfLibrarian","Old Coin","PageOfBloodbath","LetterFromLob","White Beast Statue","Orichalcum","InkBottle","Replay:WaspNest","Bronze Scales","Strawberry","Ring of Chaos","Omamori","Juzu Bracelet","Oddly Smooth Stone","Molten Egg 2","Ancient Tea Set","Blue Doll","ReplayTheSpireMod:CursedCoin","theJungle:SneckoAutograph","Black Star","PageOfSnowWhitesApple","PageOfFreischutz","PageOfScorchedGirl","PageOfWrath","Snack Pack","NeowsBlessing","Whetstone","PageOfTheQueenOfHatred","PageOfTheKnightOfDespair","PageOfGreed"],"acts_visited":["Exordium","theJungle:Jungle","TheBeyond"],"potions_floor_usage":[10,16,16,18,18,23,24,24,33,33,37,42,44],"damage_taken":[{"damage":0,"enemies":"Cultist","floor":1,"turns":1},{"damage":0,"enemies":"Small Slimes","floor":5,"turns":2},{"damage":15,"enemies":"Lagavulin","floor":8,"turns":3},{"damage":0,"enemies":"Gremlin Nob","floor":10,"turns":1},{"damage":0,"enemies":"2 Louse","floor":14,"turns":1},{"damage":0,"enemies":"Slime Boss","floor":16,"turns":5},{"damage":2,"enemies":"theJungle:5_Spyders","floor":18,"turns":3},{"damage":0,"enemies":"theJungle:MUSHROOMGANG","floor":21,"turns":1},{"damage":0,"enemies":"theJungle:MamaSnecko","floor":23,"turns":1},{"damage":0,"enemies":"theJungle:2_Phrogs","floor":24,"turns":2},{"damage":20,"enemies":"theJungle:Cassacara","floor":27,"turns":3},{"damage":6,"enemies":"theJungle:FunGuy","floor":33,"turns":2},{"damage":6,"enemies":"3 Shapes","floor":35,"turns":1},{"damage":15,"enemies":"Mind Bloom Boss Battle","floor":37,"turns":2},{"damage":0,"enemies":"Orb Walker","floor":38,"turns":1},{"damage":3,"enemies":"R_Hoarder","floor":40,"turns":3},{"damage":42,"enemies":"Nemesis","floor":42,"turns":3},{"damage":6,"enemies":"Transient","floor":44,"turns":5},{"damage":50,"enemies":"4 Shapes","floor":46,"turns":2}],"seed_played":"-2176920966126476390","potions_obtained":[{"floor":5,"key":"LifebloodPotion"},{"floor":8,"key":"DuplicationPotion"},{"floor":10,"key":"SkillPotion"},{"floor":14,"key":"Explosive Potion"},{"floor":16,"key":"Flashbang"},{"floor":18,"key":"EssenceOfSteel"},{"floor":21,"key":"SmokeBomb"},{"floor":23,"key":"SpeedPotion"},{"floor":24,"key":"Explosive Potion"},{"floor":27,"key":"Strength Potion"},{"floor":33,"key":"AttackPotion"},{"floor":35,"key":"SpeedPotion"},{"floor":38,"key":"Elixir"},{"floor":40,"key":"Milkshake"},{"floor":42,"key":"Explosive Potion"}],"is_trial":true,"path_per_floor":["M","$","WH","$","M","R","WH","E","T","E","R","WH","R","M","R","B",null,"M","WH","$","M","?","E","E","R","T","E","?","$","$","?","R","B",null,"M","$","?","M","?","E","WH","E","T","M","WH","M"],"character_chosen":"Librarian","items_purchased":["White Beast Statue","UnavoidableGaze+1","Rewind","ReplayTheSpireMod:CursedCoin"],"campfire_rested":1,"item_purchase_floors":[2,4,20,30],"current_hp_per_floor":[60,60,42,42,42,42,42,27,27,27,27,27,27,34,59,59,85,78,78,78,75,75,74,74,74,74,55,34,34,34,34,34,28,100,94,94,85,85,85,82,82,46,46,46,46,0,0],"gold":178,"neow_bonus":"REMOVE_TWO","is_daily":false,"chose_seed":false,"campfire_upgraded":5,"win_rate":0.0,"timestamp":1614443581,"path_taken":["M","$","WH","$","M","R","WH","E","T","E","R","WH","R","M","R","BOSS","M","WH","$","M","?","E","E","R","T","E","?","$","$","?","R","BOSS","M","$","?","M","?","E","WH","E","T","M","WH","M"],"items_purchased_type":["Relic","Card","Card","Relic"],"build_version":"2020-12-22","purchased_purges":5,"victory":false,"max_hp_per_floor":[61,61,61,61,63,63,63,78,78,78,78,78,78,85,85,85,85,78,78,78,75,75,74,100,100,100,100,100,100,100,100,100,100,100,100,100,100,100,100,100,100,100,100,100,90,90,90],"card_choices":[{"not_picked":["TheWillOfTheCity","Leap_lor","TraceOfFumes","TendonChords","Guardian_lor","Rewind","Standoff","Cruelty"],"picked":"BackAttack","floor":8},{"not_picked":["EndlessBattle","GroundSmash","PuppetBlockade","DesperateStruggle","Rewind","UpbeatPerformance","BulkyImpact","TimeForALittleTest"],"picked":"QuickSuppression","floor":10},{"not_picked":["LeRegole","Commandeering"],"picked":"RagingStormLove","floor":16},{"not_picked":["Parry2+1","MultiBlock+1","ChiWen+1","AsThePrescriptOrders","BlindFaith","DimensionalRift+1","AlloutWar","Castigation+1"],"picked":"HighKick+1","floor":23},{"not_picked":["EnergyShield","Ripple+1","BayonetCombat+1","HighKick+1","FervidEmotions","SnakeSlit+1","AssaultOrder+1","Rewind"],"picked":"FormingStorm+1","floor":24},{"not_picked":["RatsGuideToSurvival","ViolentFlame+1","UpbeatPerformance+1","VenomousFangs+1","ButterflySlash+1","Unlock1+1","VioletBlade+1","SharpenedBlade"],"picked":"GaleKick+1","floor":27},{"not_picked":["FleshFillet+1","TrashDisposal+1"],"picked":"SilentNight+1","floor":33},{"not_picked":["GreatSerpentsImpact+1","StayCalm","EnergyCycle+1","SnakesPrey","BackAttack","BlindFaith","AssaultOrder+1","Thrust+1"],"picked":"ChiWen+1","floor":37},{"not_picked":["TraceOfFumes+1","Rewind","AutomatedMovement+1","CutIn+1","GreatSerpentsImpact+1","Riposte+1","OminousPower+1","Execute_lor+1"],"picked":"BlazingStrike+1","floor":40},{"not_picked":["InkOver+1","Standoff+1","Faith+1","Reload","GrazeTheGrass+1","CutIn+1","TendonChords+1","ConcentratedFire+1","Multislash+1"],"picked":"SKIP","floor":42}],"player_experience":69303,"relics_obtained":[{"floor":1,"key":"PageOfBloodbath"},{"floor":1,"key":"LetterFromLob"},{"floor":5,"key":"Orichalcum"},{"floor":8,"key":"InkBottle"},{"floor":9,"key":"Replay:WaspNest"},{"floor":10,"key":"Bronze Scales"},{"floor":14,"key":"Strawberry"},{"floor":18,"key":"Omamori"},{"floor":21,"key":"Oddly Smooth Stone"},{"floor":23,"key":"Molten Egg 2"},{"floor":26,"key":"Ancient Tea Set"},{"floor":27,"key":"Blue Doll"},{"floor":35,"key":"PageOfSnowWhitesApple"},{"floor":37,"key":"PageOfFreischutz"},{"floor":38,"key":"PageOfScorchedGirl"},{"floor":40,"key":"PageOfWrath"},{"floor":40,"key":"Snack Pack"},{"floor":42,"key":"Whetstone"},{"floor":42,"key":"PageOfTheQueenOfHatred"},{"floor":43,"key":"PageOfTheKnightOfDespair"},{"floor":44,"key":"PageOfGreed"}],"event_choices":[{"damage_healed":0,"gold_gain":0,"player_choice":"Forge","damage_taken":0,"max_hp_gain":0,"max_hp_loss":0,"event_name":"Accursed Blacksmith","floor":12,"gold_loss":0,"cards_upgraded":["FleetEdge"]},{"damage_healed":0,"gold_gain":0,"player_choice":"Fight","damage_taken":0,"max_hp_gain":0,"max_hp_loss":0,"event_name":"MindBloom","floor":37,"gold_loss":0},{"cards_removed":["Faith"],"damage_healed":0,"gold_gain":0,"player_choice":"Purged","damage_taken":0,"max_hp_gain":0,"max_hp_loss":0,"event_name":"Purifier","floor":39,"gold_loss":0}],"is_beta":false,"boss_relics":[{"not_picked":["ChewingGum","Calling Bell"],"picked":"Ring of Chaos"},{"not_picked":["Replay:Ancient Bell","Painkiller Herb"],"picked":"Black Star"}],"items_purged_floors":[2,20,29,30,36],"is_endless":false,"potions_floor_spawned":[5,8,10,14,16,18,21,23,24,27,33,35,37,38,40,42,44],"killed_by":"4 Shapes","ascension_level":0}}