{"host":"e1li3exkvrfyv5jm","time":1614400991,"event":{"mods":["2.2 Compatiblity","A Magickal Journey","AchievementEnabler","Aspiration","BaseMod","Beaked The Cultist","Better Note","BetterRewards","CapriCore","Challenge The Spire","ChefMod","Colored Map","Colored Powertips","Downfall","Duelist Mod","GifTheSpireLib","Gremlin Mod","Hermit","Jorbs\u0027s Wanderer Trilogy","Koishi","Marisa????????","Melee Mod","Minty Spire (QoL Compilation)","Nova Terra(??·??)","Pikachu Mod","QueenMod","READ ME - Guardian Mod","READ ME - Snecko Mod","Rare Cards Sparkle","Relic Stats","Reliquary","Replay The Spire","Robot Space Explorer","Shop Mod","Somnambulant","Spikes Relics","StSLib","The Blackbeard","The Bladedancer","The Bug Knight","The Construct","The Cursed","The Death Knight","The Disciple","The Druid","The Elementalist","The Forsaken","The Gatherer","The Hayseed","The Hierophant","The Immortal","The Judge","The Jungle","The Marked","The Necromancer","The Runesmith","The Saiyan","The Servant 0.9.4","The Showman","The Spell Scribe","The Vixen","TheFirefly","TheHeartMod","TheVacant","Warlord Emblem"],"gold_per_floor":[118,128,139,154,51,79,79,92,92,92,110,110,127,155,155,155,155],"floor_reached":16,"language":"ENG","playtime":1944,"items_purged":[],"score":139,"play_id":"24c5acee-9a60-4c6c-863f-893f482d123e","local_time":"20210226234311","is_ascension_mode":false,"campfire_choices":[{"floor":7,"key":"REST"},{"data":"1","floor":15,"key":"LIFT"}],"circlet_count":0,"master_deck":["chefmod:Strike","chefmod:Strike","chefmod:Strike","chefmod:Strike","chefmod:QuickThaw","chefmod:Defend","chefmod:Defend","chefmod:Defend","chefmod:Defend","chefmod:Fillet+1","chefmod:CuttingBoard","Reforge","chefmod:SushiPlatter","chefmod:HotSoup","chefmod:Fillet","chefmod:QuickChop","chefmod:NewMenu","chefmod:Fillet","chefmod:QuickChop+1","chefmod:Fillet","chefmod:Sorbet+1","chefmod:HotSoup","chefmod:PrepCook","chefmod:Sorbet","chefmod:Bruschetta"],"relics":["chefmod:TrustyPot","aspiration:DSix","PreservedInsect","Girya","Quantum Egg"],"acts_visited":["Exordium"],"potions_floor_usage":[6,8,13,14],"damage_taken":[{"damage":0,"enemies":"Small Slimes","floor":1,"turns":3},{"damage":1,"enemies":"2 Louse","floor":2,"turns":2},{"damage":0,"enemies":"Jaw Worm","floor":3,"turns":2},{"damage":10,"enemies":"Exordium Wildlife","floor":4,"turns":5},{"damage":10,"enemies":"Lagavulin","floor":6,"turns":5},{"damage":8,"enemies":"Lots of Slimes","floor":8,"turns":3},{"damage":12,"enemies":"Red Slaver","floor":11,"turns":4},{"damage":0,"enemies":"Exordium Wildlife","floor":13,"turns":2},{"damage":8,"enemies":"3 Sentries","floor":14,"turns":5},{"damage":46,"enemies":"Hexaghost","floor":16,"turns":8}],"seed_played":"-3444102810802044977","potions_obtained":[{"floor":2,"key":"DeathKnight:BottledBloodEchoes"},{"floor":3,"key":"sneckomod:MuddlingPotion"},{"floor":6,"key":"BlessingOfTheForge"},{"floor":13,"key":"bronze:BurnAndBuffPotion"}],"is_trial":false,"path_per_floor":["M","M","M","M","$","E","R","M","T","?","M","?","M","E","R","B"],"character_chosen":"THE_CHEF","items_purchased":["chefmod:Fillet+1","chefmod:CuttingBoard","chefmod:QuickChop+1","chefmod:Fillet"],"campfire_rested":1,"item_purchase_floors":[0,0,5,5],"current_hp_per_floor":[68,67,67,57,57,47,69,61,61,61,49,54,54,46,46,0,0],"gold":155,"neow_bonus":"","is_daily":false,"chose_seed":false,"campfire_upgraded":0,"win_rate":0.0,"timestamp":1614400991,"path_taken":["M","M","M","M","$","E","R","M","T","?","M","?","M","E","R","BOSS"],"items_purchased_type":["Card","Card","Card","Card"],"build_version":"2020-12-22","purchased_purges":0,"victory":false,"max_hp_per_floor":[76,76,76,76,76,76,76,76,76,76,76,81,81,81,81,81,81],"relic_stats":{"counters":[26,121],"PreservedInsect":39,"obtain_stats":[{"DeathKnight:LanathelsBloodyNail":11,"Girya":9,"Lantern":8,"SnailShell":9,"GiantMaggot":26,"Replay:Grab Bag":17,"Quantum Egg":14,"PreservedInsect":6,"Replay:Ringing Soul":19,"Anchor":6,"aspiration:BabyByrd":2,"aspiration:MobileForge":17,"Replay:Bronze Core":17,"aspiration:DSix":0,"DeathKnight:BrokenRuneblade":0,"Abe\u0027s Treasure":17},{"DeathKnight:LanathelsBloodyNail":6,"Girya":22,"Lantern":5,"SnailShell":5,"GiantMaggot":15,"Replay:Grab Bag":10,"Quantum Egg":25,"PreservedInsect":21,"Replay:Ringing Soul":11,"Anchor":4,"aspiration:BabyByrd":1,"aspiration:MobileForge":10,"Replay:Bronze Core":10,"aspiration:DSix":16,"DeathKnight:BrokenRuneblade":0,"Abe\u0027s Treasure":10},{"DeathKnight:LanathelsBloodyNail":27,"Girya":102,"Lantern":21,"SnailShell":21,"GiantMaggot":79,"Replay:Grab Bag":53,"Quantum Egg":113,"PreservedInsect":99,"Replay:Ringing Soul":59,"Anchor":14,"aspiration:BabyByrd":2,"aspiration:MobileForge":53,"Replay:Bronze Core":53,"aspiration:DSix":82,"DeathKnight:BrokenRuneblade":0,"Abe\u0027s Treasure":53}]},"card_choices":[{"not_picked":["chefmod:SliceAndDice","chefmod:HotSoup"],"picked":"chefmod:Fillet","floor":1},{"not_picked":["chefmod:IcePick","chefmod:Granita"],"picked":"chefmod:QuickChop","floor":2},{"not_picked":["chefmod:Chop","chefmod:Omelette"],"picked":"chefmod:NewMenu","floor":3},{"not_picked":["chefmod:ColdSteel","chefmod:FryPan"],"picked":"chefmod:Fillet","floor":4},{"not_picked":["chefmod:FullCourseMeal","chefmod:ZaruSoba"],"picked":"chefmod:Sorbet","floor":6},{"not_picked":["chefmod:BaoBuns","chefmod:ZaruSoba"],"picked":"chefmod:HotSoup","floor":8},{"not_picked":["chefmod:Granita","chefmod:FireUp"],"picked":"chefmod:PrepCook","floor":11},{"not_picked":["chefmod:Chop","chefmod:SpaghettiCarbonara"],"picked":"chefmod:Sorbet","floor":13},{"not_picked":["chefmod:Chop","chefmod:IcePick"],"picked":"chefmod:Bruschetta","floor":14}],"player_experience":380605,"relics_obtained":[{"floor":6,"key":"PreservedInsect"},{"floor":9,"key":"Girya"},{"floor":14,"key":"Quantum Egg"}],"event_choices":[{"damage_healed":0,"gold_gain":0,"player_choice":"Donut","damage_taken":0,"max_hp_gain":5,"max_hp_loss":0,"event_name":"Big Fish","floor":12,"gold_loss":0}],"is_beta":false,"boss_relics":[],"items_purged_floors":[],"is_endless":false,"potions_floor_spawned":[2,3,6,13],"killed_by":"Hexaghost","ascension_level":0}}