{"host":"qwyulmb1tab18dot","time":1614415270,"event":{"mods":["BaseMod","Colored Map","Highlight Path","Minty Spire (QoL Compilation)","StSLib"],"gold_per_floor":[113,73,85,103,113,144,164,164,190,190,205,225,240,267,267,363,363,376,387,312,332,348,378,378,395,395,395,430,430,440,455,455,552,552,564,575,575,88,104,104,137,137,137,12,24,24,0,51,51,51],"floor_reached":51,"language":"ENG","playtime":9658,"items_purged":["Strike_G","Defend_G","Defend_G"],"score":733,"play_id":"dd804077-bf65-4cc6-98b2-af3816d4a91a","local_time":"20210227024110","is_ascension_mode":false,"campfire_choices":[{"data":"Dash","floor":8,"key":"SMITH"},{"data":"Well Laid Plans","floor":15,"key":"SMITH"},{"data":"Night Terror","floor":27,"key":"SMITH"},{"floor":29,"key":"DIG"},{"data":"Caltrops","floor":32,"key":"SMITH"},{"floor":40,"key":"DIG"},{"floor":42,"key":"DIG"},{"data":"Envenom","floor":46,"key":"SMITH"},{"data":"Infinite Blades","floor":49,"key":"SMITH"}],"circlet_count":0,"master_deck":["Strike_G","Strike_G","Strike_G","Strike_G","Defend_G","Defend_G","Defend_G","Survivor","Neutralize","Poisoned Stab","Dash+1","Deadly Poison","Blade Dance","Dash","Dagger Spray","Deadly Poison","Well Laid Plans+1","Blade Dance","PiercingWail","Infinite Blades+1","Wraith Form v2+1","CurseOfTheBell","Blade Dance+1","Terror","Night Terror+1","Caltrops+1","Envenom+1","Madness","Madness","Prepared+1","PiercingWail"],"relics":["Ring of the Snake","Ornamental Fan","Dream Catcher","Bronze Scales","Calling Bell","Blood Vial","HornCleat","Thread and Needle","Bag of Marbles","Shovel","The Specimen","Pantograph","WristBlade","Shuriken","Medical Kit","Lantern","Bag of Preparation","Snake Skull","Gremlin Horn","Ice Cream"],"acts_visited":["Exordium","TheCity","TheBeyond"],"potions_floor_usage":[6,11,19,21,22,23,23,23,31,50,50],"damage_taken":[{"damage":4,"enemies":"Cultist","floor":1,"turns":5},{"damage":0,"enemies":"Small Slimes","floor":3,"turns":3},{"damage":0,"enemies":"2 Louse","floor":4,"turns":3},{"damage":0,"enemies":"2 Fungi Beasts","floor":5,"turns":3},{"damage":16,"enemies":"Gremlin Nob","floor":6,"turns":4},{"damage":0,"enemies":"3 Louse","floor":7,"turns":2},{"damage":0,"enemies":"Exordium Thugs","floor":11,"turns":4},{"damage":0,"enemies":"2 Fungi Beasts","floor":12,"turns":3},{"damage":0,"enemies":"3 Louse","floor":13,"turns":4},{"damage":2,"enemies":"Lagavulin","floor":14,"turns":6},{"damage":35,"enemies":"Slime Boss","floor":16,"turns":8},{"damage":0,"enemies":"Chosen","floor":18,"turns":4},{"damage":9,"enemies":"Spheric Guardian","floor":19,"turns":4},{"damage":0,"enemies":"3 Cultists","floor":21,"turns":6},{"damage":0,"enemies":"Centurion and Healer","floor":22,"turns":8},{"damage":10,"enemies":"Slavers","floor":23,"turns":5},{"damage":0,"enemies":"Snake Plant","floor":25,"turns":4},{"damage":2,"enemies":"Gremlin Leader","floor":28,"turns":10},{"damage":0,"enemies":"Chosen and Byrds","floor":30,"turns":6},{"damage":0,"enemies":"Shelled Parasite and Fungi","floor":31,"turns":5},{"damage":17,"enemies":"Champ","floor":33,"turns":17},{"damage":0,"enemies":"Orb Walker","floor":35,"turns":4},{"damage":9,"enemies":"3 Shapes","floor":36,"turns":5},{"damage":6,"enemies":"Jaw Worm Horde","floor":39,"turns":5},{"damage":0,"enemies":"Nemesis","floor":41,"turns":6},{"damage":0,"enemies":"3 Darklings","floor":45,"turns":4},{"damage":3,"enemies":"2 Orb Walkers","floor":48,"turns":4},{"damage":32,"enemies":"Donu and Deca","floor":50,"turns":8}],"seed_played":"-5679428678345069555","potions_obtained":[{"floor":4,"key":"GamblersBrew"},{"floor":6,"key":"Regen Potion"},{"floor":11,"key":"Dexterity Potion"},{"floor":13,"key":"PowerPotion"},{"floor":16,"key":"Poison Potion"},{"floor":19,"key":"BlessingOfTheForge"},{"floor":21,"key":"Fruit Juice"},{"floor":22,"key":"BlessingOfTheForge"},{"floor":23,"key":"GamblersBrew"},{"floor":31,"key":"GhostInAJar"},{"floor":39,"key":"AttackPotion"},{"floor":45,"key":"SteroidPotion"}],"is_trial":false,"path_per_floor":["M","$","M","M","M","E","M","R","T","?","M","M","M","E","R","B",null,"M","M","$","M","M","E","?","M","T","R","E","R","M","M","R","B",null,"M","M","?","$","M","R","E","R","T","$","M","R","$","?","R","B",null],"character_chosen":"THE_SILENT","items_purchased":["Dash","Shuriken","Medical Kit","PiercingWail"],"campfire_rested":0,"item_purchase_floors":[2,38,38,47],"current_hp_per_floor":[73,73,73,73,73,57,57,57,57,62,74,74,74,72,72,37,82,82,73,73,75,82,74,74,76,76,76,76,76,78,80,80,70,87,87,78,67,67,63,63,65,65,65,65,67,67,67,66,66,55],"gold":51,"neow_bonus":"TEN_PERCENT_HP_BONUS","is_daily":false,"chose_seed":false,"campfire_upgraded":6,"win_rate":0.0,"timestamp":1614415270,"path_taken":["M","$","M","?","M","E","M","R","T","?","M","M","M","E","R","BOSS","M","M","$","M","M","E","?","M","T","R","E","R","?","M","R","BOSS","M","?","?","$","M","R","E","R","T","$","M","R","$","?","R","BOSS"],"items_purchased_type":["Card","Relic","Relic","Card"],"build_version":"2020-12-22","purchased_purges":3,"victory":true,"max_hp_per_floor":[77,77,77,77,77,77,77,77,77,82,82,82,82,82,82,82,82,82,82,82,82,87,87,87,87,87,87,87,87,87,87,87,87,87,87,87,87,87,87,87,87,87,87,87,87,87,87,87,87,87],"card_choices":[{"not_picked":["Backflip","Footwork"],"picked":"Poisoned Stab","floor":1},{"not_picked":["Eviscerate","Outmaneuver"],"picked":"Deadly Poison","floor":3},{"not_picked":["Masterful Stab","Endless Agony"],"picked":"Blade Dance","floor":4},{"not_picked":["Terror","Reflex"],"picked":"Dash","floor":5},{"not_picked":["Outmaneuver","Slice"],"picked":"Dagger Spray","floor":6},{"not_picked":["Masterful Stab","Riddle With Holes"],"picked":"Deadly Poison","floor":7},{"not_picked":["After Image","Sucker Punch"],"picked":"Well Laid Plans","floor":11},{"not_picked":["Quick Slash","Poisoned Stab"],"picked":"Blade Dance","floor":12},{"not_picked":["Deflect","Unload"],"picked":"PiercingWail","floor":13},{"not_picked":["Deflect","Dagger Throw"],"picked":"Infinite Blades","floor":14},{"not_picked":["Envenom","Glass Knife"],"picked":"Wraith Form v2","floor":16},{"not_picked":["Sucker Punch","Dagger Spray"],"picked":"Blade Dance+1","floor":18},{"not_picked":["Outmaneuver","Dagger Throw","Tactician"],"picked":"SKIP","floor":19},{"not_picked":["Dagger Throw+1","Distraction","Expertise+1"],"picked":"SKIP","floor":21},{"not_picked":["Dodge and Roll","Deflect","Dagger Spray"],"picked":"SKIP","floor":22},{"not_picked":["Slice","Reflex"],"picked":"Terror","floor":23},{"not_picked":["Sucker Punch","Bouncing Flask"],"picked":"Night Terror","floor":25},{"not_picked":["Quick Slash","Dash","Backstab"],"picked":"SKIP","floor":28},{"not_picked":["Escape Plan","Dagger Spray+1","Eviscerate+1"],"picked":"SKIP","floor":30},{"not_picked":["Expertise+1","Deadly Poison"],"picked":"Caltrops","floor":31},{"not_picked":["Night Terror","Unload"],"picked":"Envenom","floor":33},{"not_picked":["Riddle With Holes+1","Masterful Stab","Acrobatics+1"],"picked":"SKIP","floor":35},{"not_picked":["Crippling Poison+1","Poisoned Stab+1","Deadly Poison"],"picked":"SKIP","floor":36},{"not_picked":["Dodge and Roll+1","Blur+1","Deadly Poison+1"],"picked":"SKIP","floor":39},{"not_picked":["Outmaneuver","Malaise","PiercingWail"],"picked":"SKIP","floor":41},{"not_picked":["Backflip","Underhanded Strike+1"],"picked":"Prepared+1","floor":45}],"player_experience":20824,"relics_obtained":[{"floor":6,"key":"Ornamental Fan"},{"floor":9,"key":"Dream Catcher"},{"floor":14,"key":"Bronze Scales"},{"floor":17,"key":"Blood Vial"},{"floor":17,"key":"HornCleat"},{"floor":17,"key":"Thread and Needle"},{"floor":23,"key":"Bag of Marbles"},{"floor":26,"key":"Shovel"},{"floor":28,"key":"The Specimen"},{"floor":29,"key":"Pantograph"},{"floor":40,"key":"Lantern"},{"floor":41,"key":"Bag of Preparation"},{"floor":42,"key":"Snake Skull"},{"floor":43,"key":"Gremlin Horn"},{"floor":48,"key":"Ice Cream"}],"event_choices":[{"damage_healed":0,"gold_gain":0,"player_choice":"Donut","damage_taken":0,"max_hp_gain":5,"max_hp_loss":0,"event_name":"Big Fish","floor":10,"gold_loss":0},{"damage_healed":0,"gold_gain":0,"player_choice":"Upgraded","damage_taken":0,"max_hp_gain":0,"max_hp_loss":0,"event_name":"Upgrade Shrine","floor":24,"gold_loss":0,"cards_upgraded":["Wraith Form v2"]},{"damage_healed":0,"gold_gain":0,"player_choice":"Embrace Madness","damage_taken":11,"max_hp_gain":0,"max_hp_loss":0,"event_name":"Winding Halls","floor":37,"gold_loss":0,"cards_obtained":["Madness","Madness"]},{"damage_healed":0,"gold_gain":0,"player_choice":"Fight","damage_taken":0,"max_hp_gain":0,"max_hp_loss":0,"event_name":"Mysterious Sphere","floor":48,"gold_loss":0}],"is_beta":false,"boss_relics":[{"not_picked":["SacredBark","HoveringKite"],"picked":"Calling Bell"},{"not_picked":["Tiny House","Empty Cage"],"picked":"WristBlade"}],"items_purged_floors":[20,38,44],"is_endless":false,"potions_floor_spawned":[4,6,11,13,16,19,21,22,23,31,39,45],"ascension_level":0}}