{"host":"8vqkh0x3c7vpgzzm","time":1614458037,"event":{"mods":["AchievementEnabler","BaseMod","Colored Map","Colored Powertips","Curses Come First","DeckTracker","Highlight Path","Minty Spire (QoL Compilation)","Permanent Neow","Quick Restart","Random Character Mod","Rare Cards Sparkle","Relic Sorter","Relic Stats","StSLib","SuperFastMode","Unceasing Turn Reminder","egg","everything is the same but u backflip on backflip"],"gold_per_floor":[368,368,329,51,66,66,91,91,91,141,151,151,182,195,195,269,269,286,286,12,27,27,57,57,70,125,125,125],"floor_reached":27,"language":"ENG","playtime":975,"items_purged":["Writhe"],"score":528,"play_id":"5df0a13d-6ec7-49a4-8d94-59bab0de7225","local_time":"20210227213357","is_ascension_mode":true,"campfire_choices":[{"data":"Dash","floor":6,"key":"SMITH"},{"floor":8,"key":"REST"},{"data":"Noxious Fumes","floor":12,"key":"SMITH"},{"data":"Cloak And Dagger","floor":15,"key":"SMITH"},{"floor":24,"key":"REST"}],"circlet_count":0,"master_deck":["AscendersBane","Strike_G","Strike_G","Strike_G","Strike_G","Strike_G","Defend_G","Defend_G","Defend_G","Defend_G","Defend_G","Survivor","Neutralize","Slice","Noxious Fumes+1","Dash+1","Quick Slash","Cloak And Dagger","Cloak And Dagger+1","Dagger Spray","Adrenaline","Acrobatics","Slice","Storm of Steel","Accuracy"],"relics":["Ring of the Snake","Lantern","Ancient Tea Set","Ornamental Fan","Sundial","WristBlade","Anchor","MealTicket","PreservedInsect"],"acts_visited":["Exordium","TheCity"],"potions_floor_usage":[13,16,16,23,23],"damage_taken":[{"damage":0,"enemies":"2 Louse","floor":1,"turns":4},{"damage":2,"enemies":"Jaw Worm","floor":5,"turns":4},{"damage":45,"enemies":"Lagavulin","floor":7,"turns":10},{"damage":0,"enemies":"Cultist","floor":11,"turns":3},{"damage":0,"enemies":"3 Sentries","floor":13,"turns":5},{"damage":1,"enemies":"Looter","floor":14,"turns":3},{"damage":26,"enemies":"Slime Boss","floor":16,"turns":10},{"damage":6,"enemies":"Shell Parasite","floor":18,"turns":6},{"damage":0,"enemies":"3 Byrds","floor":21,"turns":5},{"damage":32,"enemies":"Slavers","floor":23,"turns":6},{"damage":1,"enemies":"Centurion and Healer","floor":25,"turns":4},{"damage":23,"enemies":"Snake Plant","floor":27,"turns":3}],"seed_played":"-5733787977941458061","potions_obtained":[{"floor":1,"key":"Explosive Potion"},{"floor":13,"key":"SteroidPotion"},{"floor":14,"key":"Ancient Potion"},{"floor":16,"key":"ColorlessPotion"},{"floor":21,"key":"Dexterity Potion"}],"is_trial":false,"path_per_floor":["M","?","$","$","M","R","E","R","T","?","M","R","E","M","R","B",null,"M","?","$","M","?","E","R","M","T","M"],"character_chosen":"THE_SILENT","items_purchased":["Noxious Fumes","Lantern","Dash","Anchor","Acrobatics","Slice"],"campfire_rested":2,"item_purchase_floors":[3,4,4,20,20,20],"current_hp_per_floor":[59,59,59,59,57,57,12,31,31,31,31,31,31,30,30,4,51,45,36,36,36,36,4,23,22,22,0,0],"gold":125,"neow_bonus":"TWO_FIFTY_GOLD","is_daily":false,"chose_seed":false,"campfire_upgraded":3,"win_rate":0.0,"timestamp":1614458037,"path_taken":["M","?","?","$","?","R","E","R","T","?","M","R","E","M","R","BOSS","M","?","$","?","?","E","R","?","T","M"],"items_purchased_type":["Card","Relic","Card","Relic","Card","Card"],"build_version":"2020-12-22","purchased_purges":1,"victory":false,"max_hp_per_floor":[66,66,66,66,66,66,66,66,66,66,66,66,66,66,66,66,66,66,66,66,66,66,66,66,66,66,66,66],"relic_stats":{"counters":[12,63],"Ornamental Fan":[124],"Sundial":[4],"MealTicket":0,"PreservedInsect":0,"obtain_stats":[{"Lantern":4,"Anchor":20,"WristBlade":17,"Ornamental Fan":9,"Sundial":13,"MealTicket":23,"PreservedInsect":26,"Ancient Tea Set":7,"Ring of the Snake":0},{"Lantern":1,"Anchor":8,"WristBlade":7,"Ornamental Fan":3,"Sundial":5,"MealTicket":10,"PreservedInsect":11,"Ancient Tea Set":3,"Ring of the Snake":0},{"Lantern":4,"Anchor":45,"WristBlade":39,"Ornamental Fan":18,"Sundial":26,"MealTicket":56,"PreservedInsect":60,"Ancient Tea Set":18,"Ring of the Snake":0}],"Ring of the Snake":[24]},"card_choices":[{"not_picked":["Caltrops","Accuracy"],"picked":"Slice","floor":1},{"not_picked":["Deadly Poison","Prepared"],"picked":"Quick Slash","floor":5},{"not_picked":["Sucker Punch","Endless Agony","Quick Slash"],"picked":"SKIP","floor":7},{"not_picked":["Blur","Doppelganger"],"picked":"Cloak And Dagger","floor":11},{"not_picked":["Dagger Spray","Flechettes"],"picked":"Cloak And Dagger","floor":13},{"not_picked":["Tactician","Setup"],"picked":"Dagger Spray","floor":14},{"not_picked":["Bullet Time","A Thousand Cuts"],"picked":"Adrenaline","floor":16},{"not_picked":["Dodge and Roll","Bane","Heel Hook"],"picked":"SKIP","floor":18},{"not_picked":["Eviscerate","Deflect","Deadly Poison"],"picked":"SKIP","floor":21},{"not_picked":["Dodge and Roll","Blade Dance"],"picked":"Accuracy","floor":23},{"not_picked":["Quick Slash","Bane","Underhanded Strike"],"picked":"SKIP","floor":25}],"player_experience":671421,"relics_obtained":[{"floor":7,"key":"Ancient Tea Set"},{"floor":9,"key":"Ornamental Fan"},{"floor":13,"key":"Sundial"},{"floor":23,"key":"MealTicket"},{"floor":26,"key":"PreservedInsect"}],"event_choices":[{"damage_healed":0,"gold_gain":0,"player_choice":"Leave","damage_taken":0,"max_hp_gain":0,"max_hp_loss":0,"event_name":"The Cleric","floor":2,"gold_loss":0},{"damage_healed":0,"gold_gain":50,"player_choice":"Pray","damage_taken":0,"max_hp_gain":0,"max_hp_loss":0,"event_name":"Golden Shrine","floor":10,"gold_loss":0},{"damage_healed":0,"gold_gain":0,"player_choice":"Damaged","damage_taken":9,"max_hp_gain":0,"max_hp_loss":0,"event_name":"Wheel of Change","floor":19,"gold_loss":0},{"damage_healed":0,"gold_gain":0,"player_choice":"1 cards matched","damage_taken":0,"max_hp_gain":0,"max_hp_loss":0,"event_name":"Match and Keep!","floor":22,"gold_loss":0,"cards_obtained":["Storm of Steel"]}],"is_beta":false,"boss_relics":[{"not_picked":["Empty Cage","SacredBark"],"picked":"WristBlade"}],"items_purged_floors":[4],"is_endless":false,"potions_floor_spawned":[1,13,14,16,21],"killed_by":"Snake Plant","ascension_level":20}}