{"host":"q1ww9goctev8e12g","time":1614458799,"event":{"mods":["2.2 Compatiblity","Aspiration","BaseMod","BetterRewards","Colored Powertips","Conspire","Downfall","Hubris","Minty Spire (QoL Compilation)","Quick Restart","Reliquary","Replay The Spire","StSLib"],"gold_per_floor":[110,135,135,35,35,35,362,362,362,389,389,403,421,433,433,507,507,522,522,522],"floor_reached":19,"language":"FRA","playtime":584,"items_purged":[],"score":416,"play_id":"80f28c52-c19c-4e31-9aee-3b48cbcf1618","local_time":"20210227214639","is_ascension_mode":true,"campfire_choices":[{"data":"Ghostly","floor":6,"key":"SMITH"},{"data":"Deadly Poison","floor":8,"key":"SMITH"},{"data":"Neutralize","floor":11,"key":"SMITH"},{"data":"Flying Knee","floor":15,"key":"SMITH"}],"circlet_count":0,"master_deck":["AscendersBane","Strike_G","Strike_G","Strike_G","Strike_G","Strike_G","Defend_G","Defend_G","Defend_G","Defend_G","Defend_G","Survivor","Neutralize+1","Replay:Poison Smokescreen+1","Ghostly+1","Deadly Poison+1","Flying Knee+1","Slice","A Thousand Cuts","Deadly Poison"],"relics":["Ring of the Snake","NeowsBlessing","Vajra","Old Coin","Dream Catcher","reliquary:RoseTintedGlasses","bronze:MakeshiftBattery"],"acts_visited":["Exordium","TheCity"],"potions_floor_usage":[16,19,19],"damage_taken":[{"damage":0,"enemies":"Cultist","floor":1,"turns":1},{"damage":0,"enemies":"3 Sentries","floor":7,"turns":2},{"damage":0,"enemies":"Lagavulin","floor":10,"turns":1},{"damage":0,"enemies":"Small Slimes","floor":12,"turns":2},{"damage":1,"enemies":"Jaw Worm","floor":13,"turns":3},{"damage":0,"enemies":"Looter","floor":14,"turns":3},{"damage":29,"enemies":"Fading Forest","floor":16,"turns":11},{"damage":25,"enemies":"Spheric Guardian","floor":18,"turns":6},{"damage":44,"enemies":"Masked Bandits","floor":19,"turns":4}],"seed_played":"4801904236659687626","potions_obtained":[{"floor":1,"key":"Energy Potion"},{"floor":10,"key":"Explosive Potion"},{"floor":16,"key":"DuplicationPotion"},{"floor":18,"key":"CultistPotion"}],"is_trial":false,"path_per_floor":["M","T","?","?","$","R","E","R","T","E","R","M","M","M","R","B",null,"M","?"],"character_chosen":"THE_SILENT","items_purchased":[],"campfire_rested":0,"item_purchase_floors":[],"current_hp_per_floor":[59,59,59,59,59,59,59,59,59,59,59,59,58,58,58,29,57,32,0,0],"gold":522,"neow_bonus":"THREE_ENEMY_KILL","is_daily":false,"chose_seed":false,"campfire_upgraded":4,"win_rate":0.0,"timestamp":1614458799,"path_taken":["M","?","?","?","?","R","E","R","T","E","R","M","M","M","R","BOSS","M","?"],"items_purchased_type":[],"build_version":"2020-12-22","purchased_purges":0,"victory":false,"max_hp_per_floor":[66,66,66,66,66,66,66,66,66,66,66,66,66,66,66,66,66,66,66,66],"card_choices":[{"not_picked":["Choke","Dagger Throw"],"picked":"Replay:Poison Smokescreen","floor":1},{"not_picked":["hubris:TrickCloak","Bane"],"picked":"Deadly Poison","floor":7},{"not_picked":["hubris:SlightOfHand","Sucker Punch","Backflip"],"picked":"SKIP","floor":10},{"not_picked":["Draining Mist","Eviscerate","Underhanded Strike"],"picked":"SKIP","floor":12},{"not_picked":["ReplayTheSpireMod:Scrap Shanks","Hidden Blade"],"picked":"Flying Knee","floor":13},{"not_picked":["Quick Slash","Hidden Blade"],"picked":"Slice","floor":14},{"not_picked":["Night Terror","Bullet Time"],"picked":"A Thousand Cuts","floor":16},{"not_picked":["hubris:Counter","Acrobatics"],"picked":"Deadly Poison","floor":18}],"player_experience":566793,"relics_obtained":[{"floor":2,"key":"Vajra"},{"floor":7,"key":"Old Coin"},{"floor":9,"key":"Dream Catcher"},{"floor":10,"key":"reliquary:RoseTintedGlasses"}],"event_choices":[{"damage_healed":0,"gold_gain":0,"player_choice":"Argue","damage_taken":0,"max_hp_gain":0,"max_hp_loss":0,"event_name":"conspire:LoneGhost","floor":4,"gold_loss":0},{"damage_healed":0,"gold_gain":0,"player_choice":"Fought Bandits","damage_taken":0,"max_hp_gain":0,"max_hp_loss":0,"event_name":"Masked Bandits","floor":19,"gold_loss":0}],"is_beta":false,"boss_relics":[{"not_picked":["reliquary:KinkedSpring","hubris:RunicObelisk"],"picked":"bronze:MakeshiftBattery"}],"items_purged_floors":[],"is_endless":false,"potions_floor_spawned":[1,10,16,18],"killed_by":"Masked Bandits","ascension_level":17}}