{"host":"q1ww9goctev8e12g","time":1614461449,"event":{"mods":["2.2 Compatiblity","Aspiration","BaseMod","BetterRewards","Colored Powertips","Conspire","Downfall","Hubris","Minty Spire (QoL Compilation)","Quick Restart","Reliquary","Replay The Spire","StSLib"],"gold_per_floor":[119,119,119,134,148,180,180,208,234,234,260,93,121,137,137,208,208,219,238,238,238,256,288,288,317,344,356,368,380,410,440,452,464,464],"floor_reached":33,"language":"FRA","playtime":1358,"items_purged":[],"score":579,"play_id":"2cf96966-0a40-48e8-8dea-be2ed73651d7","local_time":"20210227223049","is_ascension_mode":true,"campfire_choices":[{"floor":7,"key":"REST"},{"floor":10,"key":"REST"},{"floor":15,"key":"REST"},{"floor":24,"key":"REST"},{"floor":27,"key":"REST"},{"floor":32,"key":"REST"}],"circlet_count":0,"master_deck":["AscendersBane","Strike_G","Strike_G","Strike_G","Strike_G+1","Strike_G","Defend_G+1","Defend_G","Defend_G","Defend_G","Defend_G","Survivor","Neutralize","After Image+1","Quick Slash+1","Flying Knee+1","Backstab+1","Dagger Spray+1","Dagger Throw+1","Predator+1","Backflip","Replay:Poison Smokescreen","Poison Darts","All Out Attack","Crippling Poison","Caltrops","RitualDagger","ReplayTheSpireMod:Restless Dread"],"relics":["Ring of the Snake","Simple Rune","Strawberry","ReplayTheSpireMod:Ninjato","Akabeko","Replay:Bottled Steam","reliquary:RedPaperclip","Tingsha","Replay:Arrowhead","MawBank","ReplayTheSpireMod:Ring of Collecting","Ring of Peace"],"acts_visited":["Exordium","TheCity"],"potions_floor_usage":[6,22,23,25,33],"damage_taken":[{"damage":0,"enemies":"2 Louse","floor":1,"turns":5},{"damage":0,"enemies":"Jaw Worm","floor":4,"turns":6},{"damage":5,"enemies":"Cultist","floor":5,"turns":5},{"damage":19,"enemies":"Lagavulin","floor":6,"turns":8},{"damage":22,"enemies":"3 Sentries","floor":8,"turns":11},{"damage":8,"enemies":"Lagavulin","floor":11,"turns":5},{"damage":8,"enemies":"3 Sentries","floor":13,"turns":6},{"damage":0,"enemies":"Looter","floor":14,"turns":2},{"damage":17,"enemies":"The Guardian","floor":16,"turns":12},{"damage":24,"enemies":"Shell Parasite","floor":18,"turns":4},{"damage":3,"enemies":"Chosen","floor":19,"turns":3},{"damage":0,"enemies":"Sentry and Sphere","floor":22,"turns":4},{"damage":24,"enemies":"Gremlin Leader","floor":23,"turns":7},{"damage":23,"enemies":"Slavers","floor":25,"turns":3},{"damage":21,"enemies":"Snake Plant","floor":30,"turns":3},{"damage":0,"enemies":"Centurion and Healer","floor":31,"turns":6},{"damage":43,"enemies":"Champ","floor":33,"turns":7}],"seed_played":"1275331154926729894","potions_obtained":[{"floor":1,"key":"SpeedPotion"},{"floor":5,"key":"Block Potion"},{"floor":6,"key":"Block Potion"},{"floor":22,"key":"LiquidBronze"},{"floor":23,"key":"BlessingOfTheForge"},{"floor":31,"key":"Explosive Potion"}],"is_trial":false,"path_per_floor":["M","?","?","M","M","E","R","E","T","R","E","$","E","M","R","B",null,"M","M","?","$","M","E","R","E","T","R","?","?","M","M","R","B"],"character_chosen":"THE_SILENT","items_purchased":["Akabeko"],"campfire_rested":6,"item_purchase_floors":[12],"current_hp_per_floor":[59,59,59,59,54,35,54,32,39,60,52,52,44,44,65,48,67,43,40,40,40,40,16,37,14,14,35,29,29,8,8,29,0,0],"gold":464,"neow_bonus":"ONE_RANDOM_RARE_CARD","is_daily":false,"chose_seed":false,"campfire_upgraded":0,"win_rate":0.0,"timestamp":1614461449,"path_taken":["M","?","?","M","?","E","R","E","T","R","E","$","E","M","R","BOSS","M","M","?","?","M","E","R","E","T","R","?","?","M","M","R","BOSS"],"items_purchased_type":["Relic"],"build_version":"2020-12-22","purchased_purges":0,"victory":false,"max_hp_per_floor":[66,66,66,66,66,66,66,66,73,73,73,73,73,73,73,73,73,73,73,73,73,73,73,73,73,73,73,73,73,73,73,73,73,73],"card_choices":[{"not_picked":["ReplayTheSpireMod:Tripwire","Dagger Throw","Setup"],"picked":"SKIP","floor":1},{"not_picked":["hubris:TrickCloak","Tactician","Backflip"],"picked":"SKIP","floor":4},{"not_picked":["Caltrops","ReplayTheSpireMod:Scrap Shanks"],"picked":"Quick Slash+1","floor":5},{"not_picked":["hubris:SlightOfHand","Venomology"],"picked":"Flying Knee+1","floor":6},{"not_picked":["Quick Slash+1","ReplayTheSpireMod:Shiv Toss"],"picked":"Backstab+1","floor":7},{"not_picked":["Sneak Up","Quick Slash+1"],"picked":"Dagger Spray+1","floor":8},{"not_picked":["Outmaneuver","ReplayTheSpireMod:The Works"],"picked":"Dagger Throw+1","floor":10},{"not_picked":["PiercingWail","Hidden Blade"],"picked":"Predator+1","floor":11},{"not_picked":["conspire:DoublingDagger","ReplayTheSpireMod:Tripwire","ReplayTheSpireMod:Speed Training"],"picked":"SKIP","floor":13},{"not_picked":["Heel Hook+1","Well Laid Plans"],"picked":"Backflip","floor":14},{"not_picked":["Acrobatics","Underhanded Strike+1"],"picked":"Replay:Poison Smokescreen","floor":15},{"not_picked":["Burst","Grand Finale+1"],"picked":"Poison Darts","floor":16},{"not_picked":["Bane","Acrobatics"],"picked":"All Out Attack","floor":18},{"not_picked":["Blade Dance","Flying Knee"],"picked":"Crippling Poison","floor":19},{"not_picked":["Heel Hook+1","Prepared","Dodge and Roll"],"picked":"SKIP","floor":22},{"not_picked":["Backflip+1","Acrobatics","Replay:Bag of Tricks"],"picked":"SKIP","floor":23},{"not_picked":["ReplayTheSpireMod:Tripwire","ReplayTheSpireMod:The Works"],"picked":"Caltrops","floor":25},{"not_picked":["Endless Agony","PiercingWail+1","ReplayTheSpireMod:Scrap Shanks"],"picked":"SKIP","floor":30},{"not_picked":["Flying Knee","Fluid Movement","Prepared"],"picked":"SKIP","floor":31}],"player_experience":566793,"relics_obtained":[{"floor":6,"key":"Dream Catcher"},{"floor":8,"key":"Simple Rune"},{"floor":9,"key":"Strawberry"},{"floor":11,"key":"ReplayTheSpireMod:Ninjato"},{"floor":13,"key":"Replay:Bottled Steam"},{"floor":23,"key":"Tingsha"},{"floor":25,"key":"Replay:Arrowhead"},{"floor":26,"key":"MawBank"},{"floor":29,"key":"ReplayTheSpireMod:Ring of Collecting"},{"floor":29,"key":"Ring of Peace"}],"event_choices":[{"damage_healed":0,"gold_gain":0,"player_choice":"Upgraded","damage_taken":0,"max_hp_gain":0,"max_hp_loss":0,"event_name":"Upgrade Shrine","floor":3,"gold_loss":0,"cards_upgraded":["After Image"]},{"cards_removed":["Injury"],"damage_healed":0,"gold_gain":0,"player_choice":"Removed Curses","damage_taken":0,"max_hp_gain":0,"max_hp_loss":0,"event_name":"Fountain of Cleansing","floor":20,"gold_loss":0},{"damage_healed":0,"gold_gain":0,"player_choice":"Joined the Cult","damage_taken":6,"max_hp_gain":0,"max_hp_loss":0,"event_name":"Nest","floor":28,"gold_loss":0,"cards_obtained":["RitualDagger"]}],"is_beta":false,"boss_relics":[{"not_picked":["Ectoplasm","Ring of Chaos"],"picked":"reliquary:RedPaperclip"}],"items_purged_floors":[],"is_endless":false,"potions_floor_spawned":[1,5,6,11,22,23,31],"killed_by":"Champ","ascension_level":17}}