{"host":"wpobqx0jtxs252ev","time":1614441308,"event":{"mods":["AchievementEnabler","Act Like it!","BaseMod","Better Altar","Better Match","Better Note","Better Sensory Stone","Better Skull","Better Third Choice","Colored Powertips","Downfall","Highlight Path","Infinite Spire","Mimic Mod","Minty Spire (QoL Compilation)","Relic Stats","Reliquary","Replay The Spire","Spire Arcade","StSLib"],"gold_per_floor":[99,144,144,189,189,189,294,294,384,429,329,629,644,689,734,1034,1184,1084,1384,677,677,62,62,87,132,132,177,177,222,222,57,102,402,402,402,152,197,197,197,287,407,24,129,174,219,219,219,44,89,89],"floor_reached":51,"language":"ENG","playtime":3808,"items_purged":["Pain","Pain","Languid","infinitespire:Pacifist","ReplayTheSpireMod:Doomed"],"score":921,"play_id":"693a998c-f085-41bf-b3de-014f61caac5a","local_time":"20210227125508","daily_mods":["Cursed Run","downfall:Jewelcrafting","Midas"],"is_ascension_mode":false,"campfire_choices":[{"floor":8,"key":"RECALL"},{"floor":11,"key":"REST"},{"floor":26,"key":"REST"},{"floor":28,"key":"REST"},{"floor":35,"key":"REST"}],"circlet_count":0,"master_deck":["champ:Strike","champ:Strike","champ:Strike","champ:Strike","champ:Defend","champ:Defend","champ:Defend","champ:Defend","champ:Execute","champ:Taunt","Guardian:ExploitGems","champ:StanceDance","champ:Lariat+1","champ:FocusedBerserking","champ:VampiricStrike","champ:BringItOn","champ:IronFortress","champ:Improvising","champ:CalledShot","Guardian:Gem_Lightblue","champ:StanceDance","champ:GutPunch","champ:GladiatorForm","Chrysalis","champ:BerserkerStyle","ReplayTheSpireMod:Restless Dread","champ:FancyFootwork","champ:FanOfKnives+1","Guardian:Gem_Cyan","Guardian:Gem_Fragmented","champ:ViciousMockery","downfall:Icky","champ:Improvising","champ:FanOfKnives+1","champ:StanceDance+1","expansioncontent:QuickStudy","Doubt","champ:FanOfKnives+1","expansioncontent:Chronoboost","champ:FanOfKnives+1","champ:FanOfKnives","champ:FancyFootwork+1","ReplayTheSpireMod:Splinters"],"relics":["Cursed Key","Darkstone Periapt","Du-Vu Doll","Guardian:PickAxe","reliquary:GummyVitamins","WarpedTongs","sneckomod:BlankCard","downfall:HeartBlessingRed","Champion Belt","Odd Mushroom","Tiny House","downfall:HeartBlessingBlue","White Beast Statue","HandDrill","reliquary:Knoch","Blood Vial","Kunai","infinitespire:ShieldingShard","Juzu Bracelet","Simple Rune","SacredBark","Chameleon Ring","champ:SpectersHand","Pen Nib","Turnip","reliquary:FingerTrap","Incense Burner","Snack Pack"],"acts_visited":["Exordium","TheCity","TheBeyond"],"potions_floor_usage":[9,19,19,22,27,29,31,32,41,44,50],"damage_taken":[{"damage":17,"enemies":"Small Slimes","floor":2,"turns":4},{"damage":20,"enemies":"Cultist","floor":4,"turns":3},{"damage":53,"enemies":"2 Louse","floor":7,"turns":7},{"damage":78,"enemies":"3 Sentries","floor":9,"turns":7},{"damage":30,"enemies":"2 Louse","floor":10,"turns":1},{"damage":26,"enemies":"2 Louse","floor":12,"turns":3},{"damage":43,"enemies":"The Mushroom Lair","floor":13,"turns":5},{"damage":37,"enemies":"Large Slime","floor":14,"turns":5},{"damage":5,"enemies":"Exordium Thugs","floor":15,"turns":2},{"damage":67,"enemies":"IC_STATUS_ARCHETYPE","floor":16,"turns":10},{"damage":84,"enemies":"downfall:LadyInBlue","floor":19,"turns":11},{"damage":36,"enemies":"downfall:FleeingMerchant","floor":20,"turns":4},{"damage":25,"enemies":"downfall:FleeingMerchant","floor":22,"turns":5},{"damage":12,"enemies":"Shell Parasite","floor":25,"turns":4},{"damage":57,"enemies":"downfall:LooterAlt2","floor":27,"turns":4},{"damage":14,"enemies":"3 Cultists","floor":29,"turns":4},{"damage":61,"enemies":"downfall:FleeingMerchant","floor":31,"turns":4},{"damage":23,"enemies":"Shelled Parasite and Fungi","floor":32,"turns":6},{"damage":68,"enemies":"DF_ARCHETYPE_CLAW","floor":33,"turns":7},{"damage":0,"enemies":"downfall:FleeingMerchant","floor":36,"turns":3},{"damage":15,"enemies":"3 Shapes","floor":37,"turns":2},{"damage":48,"enemies":"R_Hoarder","floor":40,"turns":6},{"damage":99,"enemies":"Orb Walker","floor":41,"turns":4},{"damage":18,"enemies":"2 Orb Walkers","floor":43,"turns":3},{"damage":13,"enemies":"Orb Walker","floor":44,"turns":4},{"damage":0,"enemies":"3 Darklings","floor":45,"turns":2},{"damage":13,"enemies":"Transient","floor":49,"turns":5},{"damage":0,"enemies":"SI_POISON_ARCHETYPE","floor":50,"turns":5}],"seed_played":"-2463471341485849212","potions_obtained":[{"floor":2,"key":"Swift Potion"},{"floor":9,"key":"Dexterity Potion"},{"floor":10,"key":"Doom Potion"},{"floor":16,"key":"Strength Potion"},{"floor":17,"key":"Doom Potion"},{"floor":19,"key":"Fruit Juice"},{"floor":19,"key":"Flashbang"},{"floor":20,"key":"EntropicBrew"},{"floor":22,"key":"Slimebound:ThreeZeroPotion"},{"floor":27,"key":"champ:OpenerPotion"},{"floor":29,"key":"PowerPotion"},{"floor":31,"key":"Swift Potion"},{"floor":32,"key":"champ:OpenerPotion"},{"floor":33,"key":"champ:TechniquePotion"},{"floor":41,"key":"Strength Potion"},{"floor":43,"key":"ColorlessPotion"},{"floor":44,"key":"Strength Potion"},{"floor":47,"key":"Guardian:BlockOnCardUsePotion"}],"is_trial":false,"path_per_floor":["R","M","?","M","?","?","MIM","R","E","M","R","?","?","M","M","B",null,"R","?","$","?","$","?","T","M","R","M","R","M","R","$","M","B",null,"R","$","M","?","T","E","MIM","$","?","M","M","T","R","$","M","B",null],"character_chosen":"THE_CHAMP","items_purchased":["champ:GladiatorForm","HandDrill","reliquary:Knoch","Chrysalis","Kunai","infinitespire:ShieldingShard","Simple Rune","champ:StanceDance+1","Chameleon Ring","expansioncontent:QuickStudy","reliquary:FingerTrap","expansioncontent:Chronoboost"],"campfire_rested":4,"item_purchase_floors":[20,20,20,20,22,22,31,36,36,36,42,42],"current_hp_per_floor":[90,88,88,88,88,94,87,87,69,69,99,88,65,63,58,32,113,123,69,58,25,17,23,29,29,71,68,110,115,115,110,101,58,146,146,146,131,139,145,120,134,134,138,137,139,145,145,145,154,170],"gold":89,"neow_bonus":"","is_daily":true,"chose_seed":false,"campfire_upgraded":0,"win_rate":0.0,"timestamp":1614441308,"path_taken":["R","M","?","M","?","?","MIM","R","E","?","R","?","?","M","M","BOSS","R","?","?","?","$","?","T","M","R","M","R","M","R","$","M","BOSS","R","$","M","?","?","E","MIM","?","?","M","M","?","R","$","M","BOSS"],"items_purchased_type":["Card","Relic","Relic","Card","Relic","Relic","Relic","Card","Relic","Card","Relic","Card"],"build_version":"2020-12-22","purchased_purges":5,"victory":true,"max_hp_per_floor":[90,90,90,90,90,96,102,102,102,102,102,102,102,102,102,108,113,123,128,128,128,128,134,140,140,140,140,140,140,140,140,140,146,146,146,146,146,146,152,152,158,158,158,158,158,164,164,164,164,170],"relic_stats":{"Darkstone Periapt":60,"Blood Vial":28,"counters":[28,129],"Pen Nib":[5],"Turnip":[0],"HandDrill":[38],"Juzu Bracelet":1,"Champion Belt":[17],"Kunai":[21],"Cursed Key":5,"obtain_stats":[{"Darkstone Periapt":0,"Tiny House":17,"sneckomod:BlankCard":9,"SacredBark":34,"Juzu Bracelet":24,"Incense Burner":43,"Cursed Key":0,"Guardian:PickAxe":0,"Blood Vial":21,"infinitespire:ShieldingShard":22,"Chameleon Ring":36,"downfall:HeartBlessingBlue":18,"HandDrill":20,"Kunai":22,"reliquary:FingerTrap":42,"downfall:HeartBlessingRed":11,"Pen Nib":40,"Odd Mushroom":13,"White Beast Statue":19,"WarpedTongs":6,"Du-Vu Doll":0,"reliquary:GummyVitamins":3,"Simple Rune":31,"Turnip":41,"Snack Pack":46,"Champion Belt":12,"reliquary:Knoch":20,"champ:SpectersHand":39},{"Darkstone Periapt":0,"Tiny House":10,"sneckomod:BlankCard":4,"SacredBark":19,"Juzu Bracelet":13,"Incense Burner":24,"Cursed Key":0,"Guardian:PickAxe":0,"Blood Vial":12,"infinitespire:ShieldingShard":13,"Chameleon Ring":20,"downfall:HeartBlessingBlue":10,"HandDrill":12,"Kunai":13,"reliquary:FingerTrap":23,"downfall:HeartBlessingRed":5,"Pen Nib":22,"Odd Mushroom":7,"White Beast Statue":11,"WarpedTongs":2,"Du-Vu Doll":0,"reliquary:GummyVitamins":1,"Simple Rune":17,"Turnip":23,"Snack Pack":26,"Champion Belt":6,"reliquary:Knoch":12,"champ:SpectersHand":21},{"Darkstone Periapt":0,"Tiny House":47,"sneckomod:BlankCard":21,"SacredBark":95,"Juzu Bracelet":66,"Incense Burner":113,"Cursed Key":0,"Guardian:PickAxe":0,"Blood Vial":61,"infinitespire:ShieldingShard":66,"Chameleon Ring":98,"downfall:HeartBlessingBlue":47,"HandDrill":61,"Kunai":66,"reliquary:FingerTrap":110,"downfall:HeartBlessingRed":22,"Pen Nib":106,"Odd Mushroom":30,"White Beast Statue":57,"WarpedTongs":7,"Du-Vu Doll":0,"reliquary:GummyVitamins":4,"Simple Rune":82,"Turnip":110,"Snack Pack":119,"Champion Belt":25,"reliquary:Knoch":61,"champ:SpectersHand":100}],"WarpedTongs":[122]},"card_choices":[{"not_picked":["champ:DefensiveShout","champ:Circumvent","champ:BladeFlurry"],"picked":"SKIP","floor":2},{"not_picked":["champ:EnGarde","champ:Shatter"],"picked":"champ:StanceDance","floor":4},{"not_picked":["champ:Duel","champ:FalseCounter"],"picked":"champ:FocusedBerserking","floor":7},{"not_picked":["champ:Encircle","champ:FanOfKnives"],"picked":"champ:VampiricStrike","floor":9},{"not_picked":["champ:SetATrap","champ:CrownThrow"],"picked":"champ:BringItOn","floor":10},{"not_picked":["champ:Backstep","champ:TornadoPunch"],"picked":"champ:EndlessRage","floor":12},{"not_picked":["champ:RecklessLeap","champ:Endure"],"picked":"champ:IronFortress","floor":13},{"not_picked":["champ:FanOfKnives","champ:RapidStrikes","champ:DeathBlow"],"picked":"SKIP","floor":14},{"not_picked":["champ:FlashCut","champ:GutPunch","champ:PreemptiveStrike"],"picked":"SKIP","floor":15},{"not_picked":["champ:FlashCut","champ:GutPunch","champ:PreemptiveStrike"],"picked":"SKIP","floor":15},{"not_picked":["champ:CheapShot","champ:EnchantSword"],"picked":"champ:Improvising","floor":16},{"not_picked":["champ:GutPunch","champ:FalseCounter"],"picked":"champ:CalledShot","floor":17},{"not_picked":["champ:DefensiveShout","champ:Circumvent"],"picked":"champ:StanceDance","floor":19},{"not_picked":["champ:Circumvent","champ:CrownThrow"],"picked":"champ:GutPunch","floor":20},{"not_picked":["champ:BerserkersShout","champ:SetATrap"],"picked":"champ:BerserkerStyle","floor":22},{"not_picked":["champ:GutPunch+1","champ:EnGarde","champ:StanceDance"],"picked":"SKIP","floor":25},{"not_picked":["champ:CrownThrow","champ:Parry"],"picked":"champ:FancyFootwork","floor":27},{"not_picked":["champ:DefensiveShout","champ:SkillfulDodge+1"],"picked":"champ:FanOfKnives+1","floor":29},{"not_picked":["champ:GutPunch+1","champ:PreciseThrust+1"],"picked":"champ:ViciousMockery","floor":31},{"not_picked":["champ:GutPunch","champ:AdrenalArmor","champ:Shatter"],"picked":"SKIP","floor":32},{"not_picked":["champ:SwordThrow","champ:UltimateStance"],"picked":"champ:Improvising","floor":33},{"not_picked":["champ:FlashCut+1","champ:FaceSlap+1"],"picked":"champ:FanOfKnives+1","floor":36},{"not_picked":["champ:FaceSlap+1","champ:Endure","champ:FanOfKnives"],"picked":"SKIP","floor":37},{"not_picked":["champ:RapidStrikes+1","champ:Backstep+1"],"picked":"champ:FanOfKnives+1","floor":40},{"not_picked":["champ:SetATrap+1","champ:PreciseThrust"],"picked":"champ:FanOfKnives+1","floor":43},{"not_picked":["champ:ShieldWall","champ:FlashCut+1","champ:FaceSlap+1"],"picked":"SKIP","floor":44},{"not_picked":["champ:StanceDance","champ:Encircle"],"picked":"champ:FanOfKnives","floor":45},{"not_picked":["champ:FlashCut","champ:FocusedDefense+1"],"picked":"champ:FancyFootwork+1","floor":49}],"player_experience":230534,"relics_obtained":[{"floor":3,"key":"reliquary:GummyVitamins"},{"floor":9,"key":"sneckomod:BlankCard"},{"floor":12,"key":"Champion Belt"},{"floor":13,"key":"Odd Mushroom"},{"floor":19,"key":"White Beast Statue"},{"floor":24,"key":"Juzu Bracelet"},{"floor":39,"key":"champ:SpectersHand"},{"floor":40,"key":"Pen Nib"},{"floor":41,"key":"Turnip"},{"floor":43,"key":"Incense Burner"},{"floor":46,"key":"Snack Pack"}],"event_choices":[{"damage_healed":0,"gold_gain":0,"player_choice":"Rummage","damage_taken":0,"relics_obtained":["WarpedTongs"],"max_hp_gain":0,"max_hp_loss":0,"event_name":"Accursed Blacksmith","floor":6,"gold_loss":0,"cards_obtained":["Pain"]},{"damage_healed":0,"gold_gain":0,"player_choice":"Fought Mushrooms","damage_taken":0,"max_hp_gain":0,"max_hp_loss":0,"event_name":"Mushrooms","floor":13,"gold_loss":0},{"damage_healed":0,"gold_gain":0,"player_choice":" Vial ","damage_taken":33,"relics_obtained":["Blood Vial"],"max_hp_gain":58,"max_hp_loss":25,"event_name":"betterAltar:BetterAltar","floor":21,"potions_obtained":[],"relics_lost":[],"gold_loss":0},{"damage_healed":8,"gold_gain":0,"player_choice":"LEAVE ","damage_taken":0,"relics_obtained":[],"max_hp_gain":0,"max_hp_loss":0,"event_name":"betterSkull:BetterSkull","floor":38,"gold_loss":0,"cards_upgraded":[]},{"damage_healed":0,"gold_gain":0,"player_choice":"Fight","damage_taken":0,"max_hp_gain":0,"max_hp_loss":0,"event_name":"Mysterious Sphere","floor":43,"gold_loss":0}],"is_beta":false,"boss_relics":[{"not_picked":["ReplayTheSpireMod:DimensionalGlitch","Velvet Choker"],"picked":"Tiny House"},{"not_picked":["Runic Dome","Busted Crown"],"picked":"SacredBark"}],"items_purged_floors":[20,22,36,42,48],"is_endless":false,"potions_floor_spawned":[2,9,10,16,19,20,22,25,27,29,31,32,33,36,37,40,41,43,44,45,49],"ascension_level":0}}