{"host":"5vxoi0a3x57fg5l4","time":1614448541,"event":{"mods":["Act Like it!","BaseMod","Better Third Choice","Colored Map","GifTheSpireLib","Hallownest","Highlight Path","Minty Spire (QoL Compilation)","Permanent Neow","Quick Restart","Relic Sorter","Relic Stats","StSLib","The Bug Knight","UnlockEverythingMod"],"gold_per_floor":[111,136,150,75,88,119,119,150,176,211,228,241,371,381,381,486,486,505,517,233,233,233,267,283,283,309,343,357,357,357,357,357,458,458,468,478,478,276,276,276,289,321,321,354,129,129,289,289,289,289,289,289,35,68,68,68],"floor_reached":55,"language":"ENG","playtime":5716,"items_purged":["HollowMod:FocusHealStart","HollowMod:BaldurShell"],"score":909,"play_id":"f7d87817-fb11-4e06-8429-fc20d4a00efb","local_time":"20210227145541","is_ascension_mode":true,"campfire_choices":[{"floor":7.0,"key":"REST"},{"data":"HollowMod:ShadowDash","floor":15.0,"key":"SMITH"},{"floor":25.0,"key":"REST"},{"floor":30.0,"key":"RECALL"},{"data":"Hallownest:attackMasterCycloneSlash","floor":32.0,"key":"SMITH"},{"floor":40.0,"key":"REST"},{"floor":49.0,"key":"REST"},{"data":"HollowMod:VengefulVoid","floor":52.0,"key":"SMITH"}],"circlet_count":0,"master_deck":["HollowMod:PogoStrike","HollowMod:SlysStrikes","HollowMod:FastStrike","HollowMod:CloakDash","HollowMod:AbyssShriek","HollowMod:DreamGate","HollowMod:WraithStrike","HollowMod:SiblingsSouls","HollowMod:WraithStrike","HollowMod:VengefulVoid+1","HollowMod:AbyssShriek","HollowMod:SlysStrikes","HollowMod:ZotesMagnificence","HollowMod:ShapeofUnn","HollowMod:ShadowDash+1","HollowMod:MantisMark","HollowMod:BlackTendrils","HollowMod:SiblingsShadow","HollowMod:AbyssShriek","HollowMod:SharpenedShadows","HollowMod:HuntersJournal","Hallownest:attackMasterCycloneSlash+1","HollowMod:SlysStrikes","HollowMod:DescendingDark+1","HollowMod:HuntersJournal+1","Panache","HollowMod:CrystalDash+1"],"relics":["Pandora\u0027s Box","Hallownest:GodTamersBeastRelic","Matryoshka","PreservedInsect","Boot","HollowMod:MantisClawRelic","Juzu Bracelet","Bag of Marbles","Velvet Choker","Akabeko","Regal Pillow","Omamori","HornCleat","SacredBark","Hallownest:HeavyBlowRelic","OrangePellets","Eternal Feather","HollowMod:LumaflyLanternRelic","Potion Belt","Medical Kit","CaptainsWheel"],"acts_visited":["Hallownest:Greenpath","Hallownest:CityofTears","Hallownest:KingdomsEdge","TheEnding"],"potions_floor_usage":[55,55,55,55],"damage_taken":[{"damage":4.0,"enemies":"Hallownest:monsterHuskGuard","floor":1.0,"turns":2.0},{"damage":16.0,"enemies":"Hallownest:eliteVengeflyKing","floor":2.0,"turns":5.0},{"damage":6.0,"enemies":"Hallownest:2_Baldur","floor":3.0,"turns":2.0},{"damage":3.0,"enemies":"Hallownest:2_Tiktiks_and_1_Crawlid","floor":5.0,"turns":1.0},{"damage":19.0,"enemies":"Hallownest:eliteMossKnight","floor":6.0,"turns":3.0},{"damage":14.0,"enemies":"Hallownest:eliteCrystalGuardian","floor":8.0,"turns":3.0},{"damage":1.0,"enemies":"Hallownest:eliteVengeflyKing","floor":10.0,"turns":4.0},{"damage":0.0,"enemies":"Hallownest:monsterFoolEater","floor":11.0,"turns":1.0},{"damage":7.0,"enemies":"Hallownest:1_Ooma_and_2_Uuma","floor":12.0,"turns":2.0},{"damage":5.0,"enemies":"Hallownest:Wandering_and_Horned","floor":14.0,"turns":2.0},{"damage":18.0,"enemies":"Hallownest:BossHornet","floor":16.0,"turns":7.0},{"damage":19.0,"enemies":"Hallownest:2_Mistakes","floor":18.0,"turns":3.0},{"damage":0.0,"enemies":"Hallownest:3_Youths","floor":19.0,"turns":3.0},{"damage":36.0,"enemies":"Hallownest:eliteWatcherKnight","floor":23.0,"turns":8.0},{"damage":7.0,"enemies":"Hallownest:monsterShrumalOgre","floor":24.0,"turns":2.0},{"damage":23.0,"enemies":"Hallownest:eliteSoulWarrior","floor":27.0,"turns":4.0},{"damage":6.0,"enemies":"Hallownest:2_Husk_Sentries","floor":28.0,"turns":2.0},{"damage":0.0,"enemies":"Hallownest:BossSoulMaster","floor":33.0,"turns":6.0},{"damage":33.0,"enemies":"Hallownest:2_Littles","floor":35.0,"turns":3.0},{"damage":11.0,"enemies":"Hallownest:Shield_Heavy","floor":36.0,"turns":2.0},{"damage":43.0,"enemies":"Hallownest:monsterPrimalAspid","floor":41.0,"turns":3.0},{"damage":12.0,"enemies":"Hallownest:eliteHiveKnight","floor":42.0,"turns":5.0},{"damage":18.0,"enemies":"Hallownest:eliteCollector","floor":44.0,"turns":5.0},{"damage":0.0,"enemies":"Hallownest:2_Primals","floor":47.0,"turns":3.0},{"damage":10.0,"enemies":"Hallownest:2_Primals","floor":47.0,"turns":3.0},{"damage":8.0,"enemies":"Hallownest:2_Primals","floor":47.0,"turns":3.0},{"damage":0.0,"enemies":"Hallownest:2_Primals","floor":47.0,"turns":2.0},{"damage":112.0,"enemies":"Hallownest:BossHollowKnight","floor":50.0,"turns":9.0},{"damage":38.0,"enemies":"Shield and Spear","floor":54.0,"turns":3.0},{"damage":76,"enemies":"The Heart","floor":55,"turns":5}],"seed_played":"-379268054664194858","potions_obtained":[{"floor":2.0,"key":"FearPotion"},{"floor":5.0,"key":"Explosive Potion"},{"floor":6.0,"key":"EssenceOfSteel"},{"floor":8.0,"key":"Dexterity Potion"},{"floor":12.0,"key":"Ancient Potion"},{"floor":23.0,"key":"SteroidPotion"},{"floor":27.0,"key":"FearPotion"},{"floor":28.0,"key":"SteroidPotion"},{"floor":33.0,"key":"EntropicBrew"},{"floor":36.0,"key":"SkillPotion"},{"floor":44.0,"key":"Block Potion"}],"is_trial":false,"path_per_floor":["M","?","M","$","M","E","R","E","T","E","M","M","?","M","R","B",null,"M","M","$","?","?","E","M","R","T","E","M","?","R","?","R","B",null,"M","M","?","$","?","R","M","E","T","E","$","?","?","?","R","B",null,"R","$","E","B"],"character_chosen":"THE_BUGKNIGHT","items_purchased":["Akabeko","HollowMod:AbyssShriek","OrangePellets","Strength Potion","Panache","Swift Potion","Strength Potion","Swift Potion","Medical Kit"],"campfire_rested":4,"item_purchase_floors":[20,20,38,38,45,45,53,53,53],"current_hp_per_floor":[71,55,49,49,46,27,49,35,35,34,34,27,27,22,22,4,75,56,57,57,53,67,43,36,73,73,50,44,44,44,44,44,52,75,42,31,31,31,31,68,25,26,26,14,14,14,2,2,54,21,75,75,75,37,0,0],"gold":68,"neow_bonus":"BOSS_RELIC","is_daily":false,"chose_seed":false,"campfire_upgraded":3,"win_rate":0.0,"timestamp":1614448541,"path_taken":["M","?","M","$","M","E","R","E","T","E","M","M","?","M","R","BOSS","M","M","$","?","?","E","M","R","T","E","M","?","R","?","R","BOSS","M","M","?","$","?","R","M","E","T","E","$","?","?","?","R","BOSS","R","$","E","BOSS"],"items_purchased_type":["Relic","Card","Relic","Potion","Card","Potion","Potion","Potion","Relic"],"build_version":"2020-12-22","purchased_purges":2,"victory":false,"max_hp_per_floor":[75,75,75,75,75,75,75,75,75,75,75,75,75,75,75,75,75,75,75,75,75,75,75,75,75,75,75,75,75,75,75,75,75,75,75,75,75,75,75,75,75,75,75,75,75,75,75,75,75,75,75,75,75,75,75,75],"relic_stats":{"OrangePellets":[2],"Regal Pillow":45,"counters":[30,106],"Pandora\u0027s Box":["HollowMod:BaldurShell","HollowMod:SlysStrikes","HollowMod:FastStrike","HollowMod:CloakDash","HollowMod:AbyssShriek","HollowMod:DreamGate","HollowMod:WraithStrike","HollowMod:SiblingsSouls"],"Eternal Feather":15,"PreservedInsect":317,"Juzu Bracelet":1,"Boot":[52],"Medical Kit":[3],"obtain_stats":[{"Potion Belt":44,"Regal Pillow":23,"HollowMod:LumaflyLanternRelic":43,"SacredBark":34,"Velvet Choker":17,"HollowMod:VesselMask":0,"Eternal Feather":42,"PreservedInsect":6,"Juzu Bracelet":9,"Omamori":26,"Hallownest:HeavyBlowRelic":37,"Boot":8,"Hallownest:GodTamersBeastRelic":47,"Medical Kit":53,"Akabeko":20,"OrangePellets":38,"CaptainsWheel":54,"Matryoshka":2,"HornCleat":27,"Pandora\u0027s Box":0,"Bag of Marbles":10,"HollowMod:MantisClawRelic":9},{"Potion Belt":23,"Regal Pillow":14,"HollowMod:LumaflyLanternRelic":22,"SacredBark":18,"Velvet Choker":11,"HollowMod:VesselMask":0,"Eternal Feather":22,"PreservedInsect":5,"Juzu Bracelet":6,"Omamori":15,"Hallownest:HeavyBlowRelic":20,"Boot":6,"Hallownest:GodTamersBeastRelic":27,"Medical Kit":28,"Akabeko":13,"OrangePellets":20,"CaptainsWheel":29,"Matryoshka":2,"HornCleat":16,"Pandora\u0027s Box":0,"Bag of Marbles":7,"HollowMod:MantisClawRelic":6},{"Potion Belt":78,"Regal Pillow":46,"HollowMod:LumaflyLanternRelic":73,"SacredBark":60,"Velvet Choker":32,"HollowMod:VesselMask":0,"Eternal Feather":73,"PreservedInsect":13,"Juzu Bracelet":16,"Omamori":48,"Hallownest:HeavyBlowRelic":65,"Boot":16,"Hallownest:GodTamersBeastRelic":89,"Medical Kit":98,"Akabeko":38,"OrangePellets":65,"CaptainsWheel":101,"Matryoshka":7,"HornCleat":52,"Pandora\u0027s Box":0,"Bag of Marbles":20,"HollowMod:MantisClawRelic":16}]},"card_choices":[{"not_picked":["HollowMod:NewJinnsSoul","HollowMod:CloakDash"],"picked":"HollowMod:WraithStrike","floor":1.0},{"not_picked":["HollowMod:DesolateDive","HollowMod:MonomonsArchive","HollowMod:InfectedCysts"],"picked":"SKIP","floor":2.0},{"not_picked":["HollowMod:PureNailStrike","HollowMod:NewLittleFool"],"picked":"HollowMod:VengefulVoid","floor":3.0},{"not_picked":["HollowMod:LifebloodCocoon","HollowMod:BaldurShell"],"picked":"HollowMod:AbyssShriek","floor":5.0},{"not_picked":["HollowMod:SoulEater","HollowMod:MidwifesHunger","HollowMod:GoodIntentions"],"picked":"SKIP","floor":6.0},{"not_picked":["HollowMod:InfectedAttack","HollowMod:WraithStrike"],"picked":"HollowMod:SlysStrikes","floor":8.0},{"not_picked":["HollowMod:GreatSlash","HollowMod:CoiledNail"],"picked":"HollowMod:ZotesMagnificence","floor":10.0},{"not_picked":["HollowMod:CycloneSlash","HollowMod:Grubsong"],"picked":"HollowMod:ShapeofUnn","floor":11.0},{"not_picked":["HollowMod:SiblingsShadow","HollowMod:MonomonsArchive"],"picked":"HollowMod:ShadowDash","floor":12.0},{"not_picked":["HollowMod:InfectedAttack","HollowMod:DescendingDark"],"picked":"HollowMod:MantisMark","floor":14.0},{"not_picked":["HollowMod:Weaversong","HollowMod:AwokenDreamNail"],"picked":"HollowMod:LifebloodCore","floor":16.0},{"not_picked":["HollowMod:DescendingDark+1","HollowMod:MothsMistake+1"],"picked":"HollowMod:BlackTendrils","floor":18.0},{"not_picked":["HollowMod:GrimmsGift","HollowMod:LifebloodCocoon"],"picked":"HollowMod:SiblingsShadow","floor":19.0},{"not_picked":["HollowMod:HeavyBlow","HollowMod:SoulVessel","HollowMod:SiblingsSouls"],"picked":"SKIP","floor":23.0},{"not_picked":["HollowMod:DoubleDash","HollowMod:InfectionAssault","HollowMod:HerrahsAnger"],"picked":"SKIP","floor":24.0},{"not_picked":["HollowMod:GoodIntentions+1","HollowMod:NewGlowingWomb"],"picked":"HollowMod:SharpenedShadows","floor":27.0},{"not_picked":["HollowMod:InfectionAssault","HollowMod:InfectedCysts+1"],"picked":"HollowMod:HuntersJournal","floor":28.0},{"not_picked":["HollowMod:HornetsHelp","HollowMod:VoidDash"],"picked":"HollowMod:SlysStrikes","floor":33.0},{"not_picked":["HollowMod:InfectedCysts+1","HollowMod:DoubleDash+1"],"picked":"HollowMod:DescendingDark+1","floor":35.0},{"not_picked":["HollowMod:MothsMistake+1","HollowMod:GoodIntentions+1","HollowMod:LuriensSpire+1"],"picked":"SKIP","floor":36.0},{"not_picked":["HollowMod:SoulStrike","HollowMod:CycloneSlash","HollowMod:CornifersMapStart"],"picked":"SKIP","floor":41.0},{"not_picked":["HollowMod:TaintedHusks+1","HollowMod:InfectionAssault+1","HollowMod:FastStrike"],"picked":"SKIP","floor":42.0},{"not_picked":["HollowMod:HerrahsAnger","HollowMod:CycloneSlash"],"picked":"HollowMod:HuntersJournal+1","floor":44.0},{"not_picked":["HollowMod:LifebloodCocoon+1","HollowMod:CornifersMapStart+1"],"picked":"HollowMod:CrystalDash+1","floor":54.0}],"player_experience":49403,"relics_obtained":[{"floor":2.0,"key":"Matryoshka"},{"floor":6.0,"key":"PreservedInsect"},{"floor":8.0,"key":"Boot"},{"floor":9.0,"key":"HollowMod:MantisClawRelic"},{"floor":9.0,"key":"Juzu Bracelet"},{"floor":10.0,"key":"Bag of Marbles"},{"floor":23.0,"key":"Regal Pillow"},{"floor":26.0,"key":"Omamori"},{"floor":27.0,"key":"HornCleat"},{"floor":42.0,"key":"Eternal Feather"},{"floor":43.0,"key":"HollowMod:LumaflyLanternRelic"},{"floor":44.0,"key":"Potion Belt"},{"floor":54.0,"key":"CaptainsWheel"}],"event_choices":[],"is_beta":false,"boss_relics":[{"not_picked":["Calling Bell","Black Star"],"picked":"Velvet Choker"},{"not_picked":["Snecko Eye","Cursed Key"],"picked":"SacredBark"}],"items_purged_floors":[4,20],"is_endless":false,"potions_floor_spawned":[2,5,6,8,12,23,27,28,33,36,44,47],"killed_by":"The Heart","ascension_level":2}}