{"host":"cizwai1hr4r8wn74","time":1614413912,"event":{"mods":["Act Like it!","Arknights","BaseMod","Friendly Minions","Kiyohime£®«Âºß£©","Koishi","LagranYue(¿≠∏Ò¿ °§‘¬)","Lobotomy","LobotomyExtend","Marisa£®ÏF”Í°°ƒß¿Ì…≥£©","Minty Spire (QoL Compilation)","Replay The Spire","StSLib","SuperFastMode","TestMod","The Servant 0.9.4","Youmu£®ªÍ∆«—˝√Œ£©","Yuri Mod","°æπ¶ƒ‹Mod°øªÏ„Á÷Æª∑–ﬁ∏¥≤π∂°"],"gold_per_floor":[110,110,129,146,146,182,182,202,202,242,242,317,341,355,355,483,483,507,531,446,88,88,106,106,106,133,149,149,172,27,41,41,41,41],"floor_reached":33,"language":"ZHS","playtime":1244,"items_purged":["ats:Defend","ats:Defend"],"score":284,"play_id":"5d241393-2698-47c4-849e-893b8d364455","local_time":"20210227161832","is_ascension_mode":false,"campfire_choices":[{"floor":7,"key":"REST"},{"data":"ats:Calcification","floor":11,"key":"SMITH"},{"floor":15,"key":"REST"},{"floor":28,"key":"REST"},{"floor":32,"key":"REST"}],"circlet_count":0,"master_deck":["ats:Strike C","ats:Strike S","ats:Strike V","ats:Armor Crushing Shot","ats:Defend","ats:Defend","ats:Emotion Absorption","ats:Powerful Strike","ats:Closed Bolt Burst Fire+1","ats:Absolute Focus","ats:Flexible Camouflage","ats:Song Of Battle","ats:Sword Rain","ats:Calcification+1","ats:Poison Spread","ats:Consecutive Shot Auto","ats:Ambush","ats:Demon Strength+1","ats:Automatic Cover","ats:Shadow Assault","Ghostly","Ghostly","Ghostly","Ghostly","Ghostly","ats:Healing Drone","ats:Counter Healing Mode+1","ats:Leaping Hammer"],"relics":["ats:Sanity","testmod-TestBox","LagranYue:RandomDrawCardRelic","LetterFromLob","Golden Idol","ats:Originium","Lizard Tail","Torii","Mirror","testmod-TimeTraveler","Happy Flower","ats:Support","Mercury Hourglass","Art of War"],"acts_visited":["Exordium","TheCity"],"potions_floor_usage":[10,16,23],"damage_taken":[{"damage":2,"enemies":"2 Louse","floor":1,"turns":3},{"damage":0,"enemies":"Cultist","floor":3,"turns":4},{"damage":0,"enemies":"Small Slimes","floor":4,"turns":2},{"damage":29,"enemies":"3 Sentries","floor":6,"turns":8},{"damage":2,"enemies":"2 Fungi Beasts","floor":8,"turns":4},{"damage":1,"enemies":"Gremlin Nob","floor":10,"turns":3},{"damage":5,"enemies":"Lots of Slimes","floor":13,"turns":3},{"damage":21,"enemies":"Exordium Thugs","floor":14,"turns":3},{"damage":23,"enemies":"Fading Forest","floor":16,"turns":11},{"damage":17,"enemies":"3 Byrds","floor":18,"turns":7},{"damage":11,"enemies":"2 Thieves","floor":19,"turns":4},{"damage":33,"enemies":"3 Cultists","floor":23,"turns":7},{"damage":8,"enemies":"Snecko","floor":27,"turns":5},{"damage":0,"enemies":"Snake Plant","floor":29,"turns":4},{"damage":2,"enemies":"Sentry and Sphere","floor":31,"turns":5},{"damage":60,"enemies":"Pondfish","floor":33,"turns":15}],"seed_played":"2483180514684532925","potions_obtained":[{"floor":3,"key":"Fire Potion"},{"floor":8,"key":"ats:Top Emergency Sanity Potion"},{"floor":14,"key":"Swift Potion"},{"floor":16,"key":"Regen Potion"},{"floor":23,"key":"GamblersBrew"},{"floor":29,"key":"ats:Emergency Sanity Potion"}],"is_trial":false,"path_per_floor":["M","?","M","M","?","E","R","M","T","E","R","?","M","M","R","B",null,"M","M","?","$","?","M","?","?","T","M","R","M","$","M","R","B"],"character_chosen":"DOCTOR_CLASS","items_purchased":["ats:Support","ats:Shadow Assault","ats:Leaping Hammer"],"campfire_rested":4,"item_purchase_floors":[21,21,30],"current_hp_per_floor":[70,70,70,70,52,23,44,42,42,41,41,30,26,5,26,15,72,56,46,46,46,36,8,8,8,8,6,16,16,16,21,31,0,0],"gold":41,"neow_bonus":"RANDOM_EVENT","is_daily":false,"chose_seed":false,"campfire_upgraded":1,"win_rate":0.0,"timestamp":1614413912,"path_taken":["M","?","?","M","?","E","R","M","T","E","R","?","M","M","R","BOSS","M","M","?","$","?","M","?","?","T","?","R","M","?","M","R","BOSS"],"items_purchased_type":["Relic","Card","Card"],"build_version":"2020-12-22","purchased_purges":2,"victory":false,"max_hp_per_floor":[72,72,72,72,72,72,72,72,72,72,72,72,72,72,72,72,72,72,72,72,72,36,36,36,36,36,36,36,36,36,36,36,36,36],"card_choices":[{"not_picked":["ats:Blood Oath","ats:Encircling Forest"],"picked":"ats:Closed Bolt Burst Fire","floor":1},{"not_picked":["ats:Beaten Up","ats:Healing Strengthening"],"picked":"ats:Absolute Focus","floor":3},{"not_picked":["ats:Nebulous Foxfire","ats:Closed Bolt Burst Fire"],"picked":"ats:Flexible Camouflage","floor":4},{"not_picked":["ats:Durian","ats:Collapsing Strike"],"picked":"ats:Song Of Battle","floor":6},{"not_picked":["ats:Explosion Area Strengthen","ats:Apocalypse"],"picked":"ats:Sword Rain","floor":8},{"not_picked":["ats:Leaping Hammer","ats:Blood Oath"],"picked":"ats:Calcification","floor":10},{"not_picked":["ats:Powerful Strike","ats:Cat Scratch"],"picked":"ats:Poison Spread","floor":13},{"not_picked":["ats:Very Hot Blade","ats:Absolute Focus"],"picked":"ats:Consecutive Shot Auto","floor":14},{"not_picked":["ats:Roar Of Ursus","ats:Calcification"],"picked":"ats:Ambush","floor":16},{"not_picked":["ats:Red Shift","ats:Consecutive Shot Auto+1"],"picked":"ats:Demon Strength+1","floor":18},{"not_picked":["ats:Ignite","ats:Absolute Focus"],"picked":"ats:Automatic Cover","floor":19},{"not_picked":["ats:Beaten Up+1","ats:Very Hot Blade"],"picked":"ats:Healing Drone","floor":23},{"not_picked":["ats:Sunburst","ats:Poison Spread","ats:Revitalization"],"picked":"SKIP","floor":27},{"not_picked":["ats:Absolute Focus+1","ats:Sword Rain"],"picked":"ats:Counter Healing Mode+1","floor":29},{"not_picked":["ats:Calcification","ats:Mental Burst","ats:Soul Absorption+1"],"picked":"SKIP","floor":31}],"player_experience":84007,"relics_obtained":[{"floor":1,"key":"LetterFromLob"},{"floor":6,"key":"ats:Originium"},{"floor":6,"key":"Lizard Tail"},{"floor":9,"key":"Torii"},{"floor":10,"key":"ats:Originium"},{"floor":10,"key":"Mirror"},{"floor":25,"key":"Mercury Hourglass"},{"floor":26,"key":"Art of War"}],"event_choices":[{"damage_healed":0.0,"max_hp_gain":0.0,"max_hp_loss":0.0,"gold_gain":0.0,"cards_transformed":["ats:Strike G"],"event_name":"Living Wall","player_choice":"Change","floor":0.0,"gold_loss":0.0,"damage_taken":0.0,"cards_obtained":["ats:Powerful Strike"]},{"damage_healed":0,"gold_gain":0,"player_choice":"Upgraded","damage_taken":0,"max_hp_gain":0,"max_hp_loss":0,"event_name":"Upgrade Shrine","floor":2,"gold_loss":0,"cards_upgraded":["ats:Closed Bolt Burst Fire"]},{"damage_healed":0,"gold_gain":0,"player_choice":"Take Damage","damage_taken":18,"relics_obtained":["Golden Idol"],"max_hp_gain":0,"max_hp_loss":0,"event_name":"Golden Idol","floor":5,"gold_loss":0},{"damage_healed":0,"gold_gain":75,"player_choice":"Gather Gold","damage_taken":11,"max_hp_gain":0,"max_hp_loss":0,"event_name":"World of Goop","floor":12,"gold_loss":0},{"damage_healed":0,"gold_gain":0,"player_choice":"Obtained Relic","damage_taken":0,"relics_obtained":["Happy Flower"],"max_hp_gain":0,"max_hp_loss":0,"event_name":"Addict","floor":20,"gold_loss":85},{"damage_healed":0,"gold_gain":0,"player_choice":"Became a Ghost","damage_taken":0,"max_hp_gain":0,"max_hp_loss":36,"event_name":"Ghosts","floor":22,"gold_loss":0,"cards_obtained":["Ghostly","Ghostly","Ghostly","Ghostly","Ghostly"]},{"damage_healed":0,"gold_gain":0,"player_choice":"Ignored","damage_taken":0,"max_hp_gain":0,"max_hp_loss":0,"event_name":"Vampires","floor":24,"gold_loss":0},{"damage_healed":0,"gold_gain":0,"player_choice":"Relic","damage_taken":0,"max_hp_gain":0,"max_hp_loss":0,"event_name":"Wheel of Change","floor":25,"gold_loss":0}],"is_beta":false,"boss_relics":[{"not_picked":["Coffee Dripper","Tiny House"],"picked":"testmod-TimeTraveler"}],"items_purged_floors":[21,30],"is_endless":false,"potions_floor_spawned":[3,8,14,16,23,29],"killed_by":"Pondfish","ascension_level":0}}