{"host":"h3awr6eovmieyhyn","time":1614439805,"event":{"mods":["Act Like it!","Arknights","Aspiration","Astrologer","BaseMod","BetterRewards","Downfall","Gensokyo","GungeonMod","Hubris","Infinite Spire","Lobotomy","LobotomyExtend","Marisa????????","Minty Spire (QoL Compilation)","Reliquary","Replay The Spire","Robot Space Explorer","Shade Mod","StSLib","Td1madao Mod","The Animator","The Bug Knight","The Cursed","The Disciple","The Elementalist","The Forsaken","The Gatherer","The Hierophant","The Jungle","The Marked","The Necromancer","The Servant 0.9.4","The Wild Card","TheBandit","[IsaacMod]????"],"gold_per_floor":[115,115,128,42,42,42,75,95,95,95,95,124,124,152,152,250,250,261,7,7,25,36,66,66,66,93,124,124,138,172,199,199,294,294,310,328,328,348,365,396,396,413,413,35,35,35],"floor_reached":45,"language":"ENG","playtime":2343,"items_purged":["theForsaken:MagicWeapon"],"score":589,"play_id":"a6d8d98f-f0e7-4032-9e7c-8f38052e157b","local_time":"20210227153005","daily_mods":["Heirloom","Flight","DeadlyEvents"],"is_ascension_mode":false,"campfire_choices":[{"data":"theForsaken:WordOfPower","floor":6,"key":"SMITH"},{"data":"theForsaken:FuryStrikes","floor":11,"key":"SMITH"},{"data":"theForsaken:WordsOfMight","floor":13,"key":"SMITH"},{"data":"theForsaken:WordsOfMight","floor":15,"key":"SMITH"},{"data":"theForsaken:CreepingInfection","floor":25,"key":"SMITH"},{"floor":28,"key":"REST"},{"floor":32,"key":"REST"},{"floor":41,"key":"DIG"}],"circlet_count":0,"master_deck":["theForsaken:Smite","theForsaken:Penitence","theForsaken:CowardsBrand","theForsaken:WordsOfPestilence+1","theForsaken:WordOfPower+1","theForsaken:RainingSunlight+1","theForsaken:ChargeAttack","theForsaken:Purification","theForsaken:InspiringBlow","theForsaken:WordsOfMight+1","theForsaken:StoreUp","theForsaken:FuryStrikes+1","theForsaken:QuickAttack","theForsaken:WordsOfMight+1","theForsaken:DesperatePlea","theForsaken:DefensiveStance","theForsaken:CleansingLight","theForsaken:CreepingInfection+1","theForsaken:CreepingInfection","theForsaken:CreepingInfection+1","theForsaken:ShieldCharge+1","theForsaken:CorruptedWord+1","theForsaken:WordOfPower","theForsaken:Eulogy","theForsaken:AncientWords","theForsaken:Eulogy","theForsaken:Enfeeble","theForsaken:WordsOfPestilence","theForsaken:Temperance","theForsaken:Temperance","theForsaken:Backlash","theForsaken:SpinAttack","theForsaken:BountifulSunlight","theForsaken:WordOfPower","theForsaken:Retribution","theForsaken:Backlash","theForsaken:DefensiveStance","theForsaken:StoreUp+1","theForsaken:ShieldBash+1","theForsaken:ShieldCharge+1","theForsaken:RainingSunlight","theForsaken:Parry"],"relics":["theForsaken:JudgementScales","replay:Trail_Library","HushsDoor","TheBean","DemoMod:Antibody","LetterFromLob","Orichalcum","BookofShadows","Bottled Lightning","reliquary:PorcupineQuills","aspiration:RunicSpoon","reliquary:FingerTrap","Ring of Fury","ReplayTheSpireMod:Ring of Exchange","reliquary:RosewoodLute","reliquary:TuningFork","Oddly Smooth Stone","Onion Ring","Replay:Multitool","Pandora\u0027s Box","Pen Nib","Art of War","Pear","Prayer Wheel"],"acts_visited":["Exordium","TheCity","TheBeyond"],"potions_floor_usage":[16,16,16,31,33],"damage_taken":[{"damage":0,"enemies":"Small Slimes","floor":1,"turns":3},{"damage":0,"enemies":"2 Louse","floor":3,"turns":1},{"damage":7,"enemies":"Gremlin Nob","floor":7,"turns":3},{"damage":5,"enemies":"Cultist","floor":8,"turns":2},{"damage":5,"enemies":"3 Sentries","floor":12,"turns":3},{"damage":11,"enemies":"Gremlin Nob","floor":14,"turns":3},{"damage":13,"enemies":"Hexaghost","floor":16,"turns":9},{"damage":9,"enemies":"Chosen","floor":18,"turns":3},{"damage":0,"enemies":"Spheric Guardian","floor":21,"turns":3},{"damage":15,"enemies":"Snake Plant","floor":22,"turns":2},{"damage":8,"enemies":"HollowMod:Nosk","floor":23,"turns":5},{"damage":26,"enemies":"Slavers","floor":27,"turns":2},{"damage":15,"enemies":"Sentry and Sphere","floor":29,"turns":4},{"damage":15,"enemies":"Book of Stabbing","floor":30,"turns":4},{"damage":0,"enemies":"Gremlin Leader","floor":31,"turns":3},{"damage":31,"enemies":"Automaton","floor":33,"turns":7},{"damage":0,"enemies":"3 Shapes","floor":35,"turns":2},{"damage":12,"enemies":"3 Darklings","floor":36,"turns":2},{"damage":6,"enemies":"Sphere and 2 Shapes","floor":38,"turns":5},{"damage":18,"enemies":"Spire Growth","floor":39,"turns":3},{"damage":7,"enemies":"HollowMod:StalkingDevout","floor":40,"turns":4},{"damage":10,"enemies":"Maw","floor":42,"turns":5},{"damage":39,"enemies":"HollowMod:SlobberingHusk","floor":45,"turns":3}],"seed_played":"7015571981199117405","potions_obtained":[{"floor":1,"key":"EssenceOfSteel"},{"floor":3,"key":"Weak Potion"},{"floor":7,"key":"Block Potion"},{"floor":16,"key":"DistilledChaos"},{"floor":29,"key":"Explosive Potion"},{"floor":31,"key":"Energy Potion"},{"floor":33,"key":"Languid Potion"},{"floor":35,"key":"Toxic Potion"},{"floor":39,"key":"SteroidPotion"},{"floor":42,"key":"infinitespire:BlackPotion"}],"is_trial":true,"path_per_floor":["M","?","M","$","?","R","E","M","T","E","R","E","R","E","R","B",null,"M","$","?","M","M","E","T","R","T","E","R","M","E","E","R","B",null,"M","M","?","M","M","E","R","M","T","$","M"],"character_chosen":"THE_FORSAKEN","items_purchased":["theForsaken:RainingSunlight+1","AttackPotion","reliquary:FingerTrap","theForsaken:CleansingLight","theForsaken:CreepingInfection","Prayer Wheel"],"campfire_rested":2,"item_purchase_floors":[4,4,19,19,19,44],"current_hp_per_floor":[65,65,65,65,65,65,62,57,57,57,57,52,52,41,41,41,65,56,56,56,56,41,41,41,41,41,15,34,19,4,4,42,11,65,65,53,53,52,34,33,33,27,37,37,0,0],"gold":35,"neow_bonus":"","is_daily":false,"chose_seed":false,"campfire_upgraded":5,"win_rate":0.0,"timestamp":1614439805,"path_taken":["M","?","M","$","?","R","E","M","T","E","R","E","R","E","R","BOSS","M","$","?","M","M","E","?","R","T","E","R","?","E","?","R","BOSS","M","M","?","?","M","E","R","M","T","$","M"],"items_purchased_type":["Card","Potion","Relic","Card","Card","Relic"],"build_version":"2020-12-22","purchased_purges":1,"victory":false,"max_hp_per_floor":[65,65,65,65,65,65,65,65,65,65,65,65,65,65,65,65,65,65,65,65,65,65,65,65,65,65,65,65,65,65,65,65,65,65,65,65,65,65,65,65,65,65,75,75,75,75],"card_choices":[{"not_picked":["theForsaken:BottledPlague","Bomb"],"picked":"theForsaken:CowardsBrand","floor":1},{"not_picked":["theForsaken:Thunderbolt","theForsaken:BountifulSunlight"],"picked":"theForsaken:WordOfPower","floor":3},{"not_picked":["theForsaken:ChargeAttack","theForsaken:RainingSunlight"],"picked":"theForsaken:WordsOfMight","floor":7},{"not_picked":["Bomb","theForsaken:InspiringBlow"],"picked":"theForsaken:StoreUp","floor":8},{"not_picked":["theForsaken:ChargeAttack","Bomb"],"picked":"theForsaken:QuickAttack","floor":12},{"not_picked":["theForsaken:FuryStrikes","theForsaken:PanicDive"],"picked":"theForsaken:WordsOfMight","floor":14},{"not_picked":["theForsaken:Prudence","theForsaken:Confusion"],"picked":"theForsaken:DesperatePlea","floor":16},{"not_picked":["theForsaken:ScorchingSunlight+1","theForsaken:PowerUp"],"picked":"theForsaken:DefensiveStance","floor":18},{"not_picked":["theForsaken:HymnOfPatience","theForsaken:BattleHymn+1"],"picked":"theForsaken:CreepingInfection+1","floor":21},{"not_picked":["theForsaken:ChargeAttack","theForsaken:Thunderbolt"],"picked":"theForsaken:ShieldCharge+1","floor":22},{"not_picked":["theForsaken:CowardsBrand","theForsaken:InspiringBlow+1"],"picked":"theForsaken:CorruptedWord+1","floor":23},{"not_picked":["theForsaken:Terrorize+1","theForsaken:SacrificeSoul"],"picked":"theForsaken:Eulogy","floor":27},{"not_picked":["theForsaken:PreciseStrike","theForsaken:Backlash"],"picked":"theForsaken:Eulogy","floor":29},{"not_picked":["theForsaken:Preservation","theForsaken:Parry"],"picked":"theForsaken:Enfeeble","floor":30},{"not_picked":["theForsaken:BottledPlague","theForsaken:PreciseStrike+1"],"picked":"theForsaken:WordsOfPestilence","floor":31},{"not_picked":["theForsaken:DivineGuidance","theForsaken:Retribution"],"picked":"theForsaken:Temperance","floor":33},{"not_picked":["theForsaken:Bolster","theForsaken:Preservation+1"],"picked":"theForsaken:DefensiveStance","floor":35},{"not_picked":["theForsaken:PreciseStrike+1","theForsaken:ShieldCharge"],"picked":"theForsaken:StoreUp+1","floor":36},{"not_picked":["theForsaken:BottledPlague","theForsaken:NobleSacrifice"],"picked":"theForsaken:ShieldBash+1","floor":38},{"not_picked":["theForsaken:ScorchingSunlight+1","theForsaken:HealingLight+1"],"picked":"theForsaken:ShieldCharge+1","floor":39},{"not_picked":["theForsaken:FountainOfLife","theForsaken:Eulogy"],"picked":"theForsaken:RainingSunlight","floor":40},{"not_picked":["theForsaken:Thunderbolt","theForsaken:DarkBargain+1"],"picked":"theForsaken:Parry","floor":42}],"player_experience":191307,"relics_obtained":[{"floor":1,"key":"LetterFromLob"},{"floor":7,"key":"Orichalcum"},{"floor":9,"key":"BookofShadows"},{"floor":12,"key":"Bottled Lightning"},{"floor":14,"key":"reliquary:PorcupineQuills"},{"floor":20,"key":"Ring of Fury"},{"floor":20,"key":"ReplayTheSpireMod:Ring of Exchange"},{"floor":24,"key":"reliquary:RosewoodLute"},{"floor":26,"key":"reliquary:TuningFork"},{"floor":27,"key":"Oddly Smooth Stone"},{"floor":30,"key":"Onion Ring"},{"floor":31,"key":"Replay:Multitool"},{"floor":40,"key":"Pen Nib"},{"floor":41,"key":"Art of War"},{"floor":43,"key":"Pear"}],"event_choices":[{"damage_healed":0,"gold_gain":0,"player_choice":"3 cards matched","damage_taken":0,"max_hp_gain":0,"max_hp_loss":0,"event_name":"Match and Keep!","floor":5,"gold_loss":0,"cards_obtained":["theForsaken:ChargeAttack","theForsaken:Purification","theForsaken:InspiringBlow"]}],"is_beta":false,"boss_relics":[{"not_picked":["Replay:Grab Bag","DemoMod:WaxWing"],"picked":"aspiration:RunicSpoon"},{"not_picked":[]},{"not_picked":["aspiration:FutureDiary","ChewingGum"],"picked":"Pandora\u0027s Box"},{"not_picked":[]}],"items_purged_floors":[44],"is_endless":false,"potions_floor_spawned":[1,3,7,16,29,31,33,35,39,42],"killed_by":"HollowMod:SlobberingHusk","ascension_level":0}}