{"host":"8vqkh0x3c7vpgzzm","time":1614460384,"event":{"mods":["AchievementEnabler","BaseMod","Colored Map","Colored Powertips","Curses Come First","DeckTracker","Highlight Path","Minty Spire (QoL Compilation)","Permanent Neow","Quick Restart","Random Character Mod","Rare Cards Sparkle","Relic Sorter","Relic Stats","StSLib","SuperFastMode","Unceasing Turn Reminder","egg","everything is the same but u backflip on backflip"],"gold_per_floor":[214,1,18,38,38,38,66,81,105,105,118,136,169,145,145,145,145],"floor_reached":16,"language":"ENG","playtime":645,"items_purged":[],"score":328,"play_id":"34c73332-978e-4973-bfdd-88f9b7d75009","local_time":"20210227221304","is_ascension_mode":true,"campfire_choices":[{"data":"SashWhip","floor":6,"key":"SMITH"},{"data":"Metallicize","floor":10,"key":"SMITH"},{"floor":15,"key":"REST"}],"circlet_count":0,"master_deck":["AscendersBane","Strike_G","Strike_G","Strike_G","Strike_G","Strike_G","Defend_G","Defend_G","Defend_G","Defend_G","Defend_G","Survivor","Neutralize","Cloak And Dagger","Flying Knee","Pommel Strike","SashWhip+1","Shockwave","Metallicize+1","Hologram","Flex","Dual Wield","Ball Lightning"],"relics":["Ring of the Snake","PrismaticShard","Bronze Scales","Smiling Mask","Lantern"],"acts_visited":["Exordium"],"potions_floor_usage":[7,13,13],"damage_taken":[{"damage":0,"enemies":"2 Louse","floor":1,"turns":2},{"damage":0,"enemies":"Jaw Worm","floor":3,"turns":6},{"damage":4,"enemies":"Small Slimes","floor":4,"turns":4},{"damage":25,"enemies":"Gremlin Nob","floor":7,"turns":5},{"damage":6,"enemies":"Exordium Thugs","floor":8,"turns":5},{"damage":3,"enemies":"Exordium Wildlife","floor":11,"turns":4},{"damage":2,"enemies":"Red Slaver","floor":12,"turns":6},{"damage":14,"enemies":"Lagavulin","floor":13,"turns":7},{"damage":7,"enemies":"Exordium Thugs","floor":14,"turns":4}],"seed_played":"-3399681643832847747","potions_obtained":[{"floor":1,"key":"Block Potion"},{"floor":7,"key":"ColorlessPotion"},{"floor":11,"key":"Regen Potion"}],"is_trial":false,"path_per_floor":["M","$","M","M","?","R","E","M","T","R","M","M","E","M","R","B"],"character_chosen":"THE_SILENT","items_purchased":["PrismaticShard","Flying Knee"],"campfire_rested":1,"item_purchase_floors":[2,2],"current_hp_per_floor":[59,59,59,55,60,60,35,29,29,29,26,24,25,18,39,0,0],"gold":145,"neow_bonus":"HUNDRED_GOLD","is_daily":false,"chose_seed":false,"campfire_upgraded":2,"win_rate":0.0,"timestamp":1614460384,"path_taken":["M","$","M","M","?","R","E","M","T","R","M","M","E","M","R","BOSS"],"items_purchased_type":["Relic","Card"],"build_version":"2020-12-22","purchased_purges":0,"victory":false,"max_hp_per_floor":[66,66,66,66,71,71,71,71,71,71,71,71,71,71,71,71,71],"relic_stats":{"counters":[10,56],"Bronze Scales":[93],"Smiling Mask":0,"obtain_stats":[{"Lantern":13,"Bronze Scales":7,"PrismaticShard":2,"Smiling Mask":9,"Ring of the Snake":0},{"Lantern":8,"Bronze Scales":4,"PrismaticShard":1,"Smiling Mask":5,"Ring of the Snake":0},{"Lantern":39,"Bronze Scales":17,"PrismaticShard":2,"Smiling Mask":22,"Ring of the Snake":0}],"Ring of the Snake":[20]},"card_choices":[{"not_picked":["Concentrate","Flying Knee"],"picked":"Cloak And Dagger","floor":1},{"not_picked":["Skewer","Backflip"],"picked":"Pommel Strike","floor":3},{"not_picked":["ThirdEye","Crescendo"],"picked":"SashWhip","floor":4},{"not_picked":["Steam Power","Sunder"],"picked":"Shockwave","floor":7},{"not_picked":["Leap","Beam Cell"],"picked":"Metallicize","floor":8},{"not_picked":["Dropkick","Compile Driver"],"picked":"Hologram","floor":11},{"not_picked":["FearNoEvil","Trip"],"picked":"Flex","floor":12},{"not_picked":["Rebound","Undo"],"picked":"Dual Wield","floor":13},{"not_picked":["Rebound","FollowUp"],"picked":"Ball Lightning","floor":14}],"player_experience":671421,"relics_obtained":[{"floor":7,"key":"Bronze Scales"},{"floor":9,"key":"Smiling Mask"},{"floor":13,"key":"Lantern"}],"event_choices":[{"damage_healed":0,"gold_gain":0,"player_choice":"Donut","damage_taken":0,"max_hp_gain":5,"max_hp_loss":0,"event_name":"Big Fish","floor":5,"gold_loss":0}],"is_beta":false,"boss_relics":[],"items_purged_floors":[],"is_endless":false,"potions_floor_spawned":[1,7,11],"killed_by":"The Guardian","ascension_level":20}}