{"host":"or8fr2mp0k3eluj8","time":1614419098,"event":{"mods":["AchievementEnabler","BaseMod","Colored Map","DeckTracker","Keyboard Shortcuts","Minty Spire (QoL Compilation)","StSLib","SuperFastMode","everything is the same but u backflip on backflip"],"gold_per_floor":[117,165,165,90,107,107,141,141,164,199,217,233,245,264,264,264,264],"floor_reached":16,"language":"KOR","playtime":333,"items_purged":["Strike_B"],"score":151,"play_id":"c8a04dc2-7d35-42e1-9e0d-6822b0b92003","local_time":"20210227184458","is_ascension_mode":true,"campfire_choices":[{"data":"Dualcast","floor":6,"key":"SMITH"},{"data":"Redo","floor":8,"key":"SMITH"},{"data":"Barrage","floor":15,"key":"SMITH"}],"circlet_count":0,"master_deck":["Strike_B","Strike_B","Strike_B","Defend_B","Defend_B","Defend_B","Defend_B","Zap+1","Dualcast+1","Capacitor","Sweeping Beam","Redo+1","Self Repair","Barrage+1"],"relics":["Cracked Core","NeowsBlessing","Blood Vial","Bag of Marbles","DataDisk","Potion Belt"],"acts_visited":["Exordium"],"potions_floor_usage":[16,16],"damage_taken":[{"damage":0,"enemies":"Cultist","floor":1,"turns":1},{"damage":0,"enemies":"Jaw Worm","floor":5,"turns":1},{"damage":0,"enemies":"3 Sentries","floor":7,"turns":1},{"damage":34,"enemies":"Gremlin Nob","floor":10,"turns":4},{"damage":1,"enemies":"2 Louse","floor":11,"turns":2},{"damage":18,"enemies":"Large Slime","floor":12,"turns":4},{"damage":3,"enemies":"Blue Slaver","floor":13,"turns":2},{"damage":3,"enemies":"3 Louse","floor":14,"turns":2},{"damage":40,"enemies":"Slime Boss","floor":16,"turns":8}],"seed_played":"-1280209051347634002","potions_obtained":[{"floor":10,"key":"SmokeBomb"},{"floor":11,"key":"Swift Potion"},{"floor":12,"key":"Ancient Potion"},{"floor":13,"key":"ColorlessPotion"}],"is_trial":false,"path_per_floor":["M","T","?","$","M","R","E","R","T","E","M","M","M","M","R","B"],"character_chosen":"DEFECT","items_purchased":[],"campfire_rested":0,"item_purchase_floors":[],"current_hp_per_floor":[75,75,75,75,75,75,75,75,75,41,42,26,32,31,31,0,0],"gold":264,"neow_bonus":"THREE_ENEMY_KILL","is_daily":false,"chose_seed":false,"campfire_upgraded":3,"win_rate":0.0,"timestamp":1614419098,"path_taken":["M","?","?","?","M","R","E","R","T","E","M","?","M","M","R","BOSS"],"items_purchased_type":[],"build_version":"2020-12-22","purchased_purges":1,"victory":false,"max_hp_per_floor":[75,75,75,75,75,75,75,75,75,75,75,75,75,75,75,75,75],"card_choices":[{"not_picked":["Stack","Reprogram"],"picked":"Capacitor","floor":1},{"not_picked":["Hello World","Barrage"],"picked":"Sweeping Beam","floor":5},{"not_picked":["Steam Power","White Noise"],"picked":"Redo","floor":7},{"not_picked":["Conserve Battery","Hyperbeam","Auto Shields"],"picked":"SKIP","floor":10},{"not_picked":["Stack","Hologram","Capacitor"],"picked":"SKIP","floor":11},{"not_picked":["Coolheaded","Turbo"],"picked":"Self Repair","floor":12},{"not_picked":["Sweeping Beam","Gash","Conserve Battery"],"picked":"SKIP","floor":13},{"not_picked":["Doom and Gloom","Go for the Eyes"],"picked":"Barrage","floor":14}],"player_experience":480184,"relics_obtained":[{"floor":2,"key":"Blood Vial"},{"floor":7,"key":"Bag of Marbles"},{"floor":9,"key":"DataDisk"},{"floor":10,"key":"Potion Belt"}],"event_choices":[{"damage_healed":0,"gold_gain":0,"player_choice":"Grow","damage_taken":0,"max_hp_gain":0,"max_hp_loss":0,"event_name":"Living Wall","floor":3,"gold_loss":0,"cards_upgraded":["Zap"]}],"is_beta":false,"boss_relics":[],"items_purged_floors":[4],"is_endless":false,"potions_floor_spawned":[10,11,12,13],"killed_by":"Slime Boss","ascension_level":2}}