{"host":"h3yie3u3olngyjol","time":1614401477,"event":{"mods":["BaseMod","Colored Powertips","Downfall","Highlight Path","Infinite Spire","Lobotomy","LobotomyExtend","Marked Mod","Minty Spire (QoL Compilation)","Prisma Mod","Replay The Spire","RumiaBox-露米娅的神秘盒子","Shop Mod","StSLib","The Hierophant","The Runesmith"],"gold_per_floor":[99,113,113,113,133,133,133,133,133,144,156,156,156,182,194,299,299,299,316,335,335,349,34,34,19,19,19,119,183,233,233,233,233],"floor_reached":31,"language":"ZHS","playtime":1681,"items_purged":[],"score":267,"play_id":"89669a24-1dc3-44da-b2cd-0847fb49917d","local_time":"20210227125117","is_ascension_mode":true,"campfire_choices":[{"data":"Slimebound:CorrosiveSpit","floor":6.0,"key":"SMITH"},{"data":"Slimebound:Tackle","floor":9.0,"key":"SMITH"},{"data":"Slimebound:RollThrough","floor":13.0,"key":"SMITH"},{"data":"Slimebound:DouseInSlime","floor":18.0,"key":"SMITH"},{"data":"Slimebound:Chomp","floor":26.0,"key":"SMITH"}],"circlet_count":0,"master_deck":["Slimebound:Strike_Slimebound","Slimebound:Strike_Slimebound","Slimebound:Strike_Slimebound","Slimebound:Tackle+1","Slimebound:Defend_Slimebound","Slimebound:Defend_Slimebound","Slimebound:Defend_Slimebound","Slimebound:Defend_Slimebound","Slimebound:Split+1","Slimebound:CorrosiveSpit+1","Slimebound:GoopSpray+1","Slimebound:RollThrough+1","Slimebound:Nibble","Slimebound:Chomp+1","Slimebound:DouseInSlime+1","Slimebound:LeechEnergy","Slimebound:Dissolve","Life Link","expansioncontent:StudyTheSpire","Slimebound:ProtectTheBoss","Slimebound:Repurpose","Slimebound:FinishingTackle+1","Pummel"],"relics":["Strawberry","LetterFromLob","PlanX","Replay:Bottled Steam","ChaoDraw","m_BurningSludge","Blue Doll","SlaversCollar","Spirit Poop","Replay:Bottled Snecko","downfall:CloakOfManyFaces","CultistMask","FaceOfCleric","NlothsMask","GremlinMask","SsserpentHead"],"acts_visited":["Exordium","TheCity"],"potions_floor_usage":[31],"damage_taken":[{"damage":3.0,"enemies":"2 Louse","floor":2.0,"turns":3.0},{"damage":3.0,"enemies":"Cultist","floor":5.0,"turns":3.0},{"damage":1.0,"enemies":"Jaw Worm","floor":10.0,"turns":2.0},{"damage":11.0,"enemies":"2 Fungi Beasts","floor":11.0,"turns":3.0},{"damage":9.0,"enemies":"3 Sentries","floor":14.0,"turns":4.0},{"damage":4.0,"enemies":"Red Slaver","floor":15.0,"turns":2.0},{"damage":53.0,"enemies":"WA_ARCHETYPE_RETAIN","floor":16.0,"turns":8.0},{"damage":16.0,"enemies":"downfall:LooterAlt2","floor":19.0,"turns":3.0},{"damage":0.0,"enemies":"Shell Parasite","floor":20.0,"turns":1.0},{"damage":18.0,"enemies":"Shelled Parasite and Fungi","floor":22.0,"turns":3.0},{"damage":0.0,"enemies":"downfall:FleeingMerchant","floor":23.0,"turns":4.0},{"damage":10.0,"enemies":"downfall:FleeingMerchant","floor":25.0,"turns":5.0},{"damage":0.0,"enemies":"downfall:FaceTrader","floor":28.0,"turns":5.0},{"damage":21.0,"enemies":"Cultist and Chosen","floor":29.0,"turns":6.0},{"damage":33,"enemies":"Sentry and Sphere","floor":31,"turns":3}],"seed_played":"6548669642984934168","potions_obtained":[{"floor":5.0,"key":"Milkshake"},{"floor":14.0,"key":"DuplicationPotion"},{"floor":16.0,"key":"GamblersBrew"},{"floor":19.0,"key":"Flashbang"},{"floor":20.0,"key":"Adrenaline Potion"},{"floor":28.0,"key":"Doom Potion"},{"floor":29.0,"key":"Doom Potion"}],"is_trial":false,"path_per_floor":["R","M","?","?","M","R","T","?","R","M","M","?","R","E","M","B",null,"R","M","M","?","M","$","T","$","R","?","?","M","T","M"],"character_chosen":"SLIMEBOUND","items_purchased":["expansioncontent:StudyTheSpire","Slimebound:ProtectTheBoss","Slimebound:Repurpose"],"campfire_rested":0,"item_purchase_floors":[23,23,23],"current_hp_per_floor":[72,71,71,71,72,72,72,72,72,72,63,63,63,58,54,3,72,72,60,60,60,46,48,48,42,42,42,46,28,28,0,0,0],"gold":233,"neow_bonus":"RANDOM_COMMON_RELIC","is_daily":false,"chose_seed":false,"campfire_upgraded":5,"win_rate":0.0,"timestamp":1614401477,"path_taken":["R","M","?","?","M","R","T","?","R","M","?","?","R","E","M","BOSS","R","M","M","?","M","$","T","?","R","?","?","?","?","M"],"items_purchased_type":["Card","Card","Card"],"build_version":"2020-12-22","purchased_purges":0,"victory":false,"max_hp_per_floor":[72,72,72,72,72,72,72,72,72,72,72,72,72,72,72,72,72,72,72,72,72,72,72,72,72,72,72,72,73,73,73,73,73],"card_choices":[{"not_picked":["Slimebound:ItLooksTasty","Slimebound:Prepare"],"picked":"Slimebound:GoopSpray","floor":2.0},{"not_picked":["Slimebound:SplitBruiser","Slimebound:Schlurp","Slimebound:FinishingTackle"],"picked":"SKIP","floor":5.0},{"not_picked":["Slimebound:SplitLeeching","Slimebound:LeechEnergy"],"picked":"Slimebound:RollThrough","floor":10.0},{"not_picked":["Slimebound:ForwardTackle","Slimebound:LeechingTouch","Slimebound:DivideAndConquer"],"picked":"SKIP","floor":11.0},{"not_picked":["Slimebound:SplitAcid","Slimebound:LivingWall"],"picked":"Slimebound:Nibble","floor":14.0},{"not_picked":["Slimebound:LivingWall","Blood for Blood"],"picked":"Slimebound:Chomp","floor":15.0},{"not_picked":["Slimebound:TagTeam","Slimebound:OozeBath"],"picked":"Slimebound:DouseInSlime","floor":16.0},{"not_picked":["Slimebound:Equalize","Slimebound:Prepare","Slimebound:AcidTongue"],"picked":"SKIP","floor":19.0},{"not_picked":["Slimebound:SplitLeeching","Slimebound:GoopSpray"],"picked":"Slimebound:LeechEnergy","floor":20.0},{"not_picked":["Slimebound:LeechingTouch","Slimebound:DivideAndConquer+1"],"picked":"Slimebound:Dissolve","floor":22.0},{"not_picked":["Slimebound:MegaLick","Slimebound:Chomp+1"],"picked":"Life Link","floor":23.0},{"not_picked":["Slimebound:Schlurp","Slimebound:TongueLash+1"],"picked":"Slimebound:FinishingTackle+1","floor":25.0},{"not_picked":["Twin Strike","Slimebound:RainOfGoop"],"picked":"Pummel","floor":29.0}],"player_experience":481956,"relics_obtained":[{"floor":2.0,"key":"LetterFromLob"},{"floor":7.0,"key":"ChaoDraw"},{"floor":14.0,"key":"Blue Doll"},{"floor":24.0,"key":"Replay:Bottled Snecko"},{"floor":28.0,"key":"downfall:CloakOfManyFaces"}],"event_choices":[{"damage_healed":0.0,"max_hp_gain":0.0,"max_hp_loss":0.0,"gold_gain":0.0,"event_name":"Big Fish","player_choice":"Box","floor":4.0,"gold_loss":0.0,"damage_taken":0.0,"relics_obtained":["Replay:Bottled Steam"],"cards_obtained":["Regret"]},{"damage_healed":0.0,"max_hp_gain":0.0,"max_hp_loss":0.0,"gold_gain":0.0,"event_name":"Accursed Blacksmith","player_choice":"Forge","floor":8.0,"gold_loss":0.0,"damage_taken":0.0,"cards_upgraded":["Slimebound:GoopSpray"]},{"cards_removed":["Regret"],"damage_healed":0.0,"max_hp_gain":0.0,"max_hp_loss":0.0,"gold_gain":0.0,"event_name":"Bonfire Elementals","player_choice":"Offered Curse","floor":21.0,"gold_loss":0.0,"damage_taken":0.0,"relics_obtained":["Spirit Poop"]}],"is_beta":false,"boss_relics":[{"not_picked":["Abe\u0027s Treasure","ReplayTheSpireMod:DimensionalGlitch"],"picked":"SlaversCollar"}],"items_purged_floors":[],"is_endless":false,"potions_floor_spawned":[5,14,16,19,20,28,29],"killed_by":"Sentry and Sphere","ascension_level":3}}