{"host":"yrbbd32mtuqddxkv","time":1614394181,"event":{"mods":["Act Like it!","Astrologer","BaseMod","Gensokyo","GungeonMod","Marisa£®ÏF”Í°°ƒß¿Ì…≥£©","Minty Spire (QoL Compilation)","Quick Restart","Reimu£®≤©¿ˆ¡È√Œ£©","Reliquary","Remilia£®¿Ÿ√◊¿Ú—«£©","Replay The Spire","StSLib","The Runesmith","The Servant 0.9.4"],"gold_per_floor":[111,129,149,5,22,48,61,61,61,88,88,88,13,48,48,151,151,166,166,266,21,41,73,73,73,73,108,106,106,98,348,348,423,423,436,165,165,10,23,51,70,70,70,70,70,70,101,121,133,158,158,158,158],"floor_reached":52,"language":"ZHS","playtime":3054,"items_purged":["Pain","Languid","Poor:ReiMu"],"score":774,"play_id":"cec91806-4974-48bc-afae-dc4b6345a9f3","local_time":"20210227104941","is_ascension_mode":true,"campfire_choices":[{"data":"astrologer:StarOfMisfortune","floor":8.0,"key":"SMITH"},{"data":"astrologer:TheLovers","floor":15.0,"key":"SMITH"},{"data":"astrologer:Stardust","floor":24.0,"key":"SMITH"},{"data":"astrologer:Fireball","floor":32.0,"key":"SMITH"},{"data":"astrologer:Wish","floor":42.0,"key":"SMITH"},{"data":"astrologer:TheFool","floor":44.0,"key":"SMITH"},{"data":"astrologer:Stardust","floor":44.0,"key":"SMITH"},{"floor":51,"key":"REST"}],"circlet_count":0,"master_deck":["astrologer:Strike","astrologer:Strike","astrologer:Strike","astrologer:Strike","astrologer:Defend","astrologer:Defend","astrologer:Defend","astrologer:Defend","astrologer:NorthStar+1","astrologer:TheFool+1","astrologer:Still+1","astrologer:TheLovers+1","astrologer:Fireball+1","Sickly","astrologer:TheSun+1","AbeCurse","TheWorld+1","astrologer:Stardust+1","astrologer:Stardust+1","astrologer:Wish+1","astrologer:RejectReality+1","astrologer:LonelyStar+1","Gensokyo:HouraiInAPot+1","astrologer:Nova+1","Pain","astrologer:BlackHole+1","astrologer:DarkMatter+1"],"relics":["Cursed Key","Medical Kit","DemoMod:MeltedRock","Gremlin Horn","CaptainsWheel","Ring of Hypnosis","Ring of Fury","Gensokyo:LunaticRedEyes","DemoMod:GundromedaStrain","Abe\u0027s Treasure","DemoMod:GreenGuonStone","Gambling Chip","Guide Book","reliquary:PorcupineQuills","Golden Egg","War Paint","Gensokyo:DirgeOfMelancholy","reliquary:KinkedSpring","Bronze Scales","Toolbox","reliquary:TatteredRug","Replay:Arrowhead","Bag of Marbles","DemoMod:GlassGuonStoneRelic","Quantum Egg"],"acts_visited":["Gensokyo:Gensokyo","Gensokyo:Gensokyoer","Gensokyo:Gensokyoest"],"potions_floor_usage":[50,50,50,52],"damage_taken":[{"damage":0.0,"enemies":"Gensokyo:2_Kodama","floor":1.0,"turns":3.0},{"damage":1.0,"enemies":"Gensokyo:Python","floor":2.0,"turns":4.0},{"damage":0.0,"enemies":"Gensokyo:3_Fairies","floor":3.0,"turns":4.0},{"damage":1.0,"enemies":"Gensokyo:Kitsune","floor":5.0,"turns":4.0},{"damage":26.0,"enemies":"Gensokyo:Aya","floor":6.0,"turns":9.0},{"damage":0.0,"enemies":"Gensokyo:3_Kodama","floor":7.0,"turns":4.0},{"damage":3.0,"enemies":"Gensokyo:Cirno","floor":10.0,"turns":6.0},{"damage":0.0,"enemies":"Gensokyo:Mamizou","floor":14.0,"turns":5.0},{"damage":29.0,"enemies":"Gensokyo:Kokoro","floor":16.0,"turns":10.0},{"damage":0.0,"enemies":"Gensokyo:3_Dogs","floor":18.0,"turns":1.0},{"damage":23.0,"enemies":"Gensokyo:3_Dogs","floor":20.0,"turns":8.0},{"damage":0.0,"enemies":"Gensokyo:2_Gloops","floor":22.0,"turns":1.0},{"damage":0.0,"enemies":"Gensokyo:Koishi","floor":23.0,"turns":4.0},{"damage":0.0,"enemies":"Gensokyo:Tenshi","floor":27.0,"turns":3.0},{"damage":5.0,"enemies":"Gensokyo:Wraith","floor":28.0,"turns":4.0},{"damage":0.0,"enemies":"Gensokyo:Slime_Group","floor":30.0,"turns":2.0},{"damage":33.0,"enemies":"Gensokyo:Kaguya","floor":33.0,"turns":11.0},{"damage":0.0,"enemies":"Gensokyo:3_Bats","floor":35.0,"turns":1.0},{"damage":6.0,"enemies":"Gensokyo:AncientGuardian","floor":39.0,"turns":5.0},{"damage":1.0,"enemies":"Gensokyo:Marisa","floor":40.0,"turns":4.0},{"damage":0.0,"enemies":"Gensokyo:4_Bats","floor":41.0,"turns":3.0},{"damage":11.0,"enemies":"Gensokyo:Kasen","floor":47.0,"turns":8.0},{"damage":38.0,"enemies":"Gensokyo:Rafflesia","floor":48.0,"turns":5.0},{"damage":0.0,"enemies":"Gensokyo:Dusk_and_Dawn","floor":49.0,"turns":2.0},{"damage":13,"enemies":"Gensokyo:Doremy","floor":50,"turns":6},{"damage":11,"enemies":"Gensokyo:Shinki","floor":52,"turns":5}],"seed_played":"-308327072098736141","potions_obtained":[{"floor":3.0,"key":"DuplicationPotion"},{"floor":6.0,"key":"Dexterity Potion"},{"floor":7.0,"key":"SteroidPotion"},{"floor":14.0,"key":"GamblersBrew"},{"floor":20.0,"key":"SkillPotion"},{"floor":22.0,"key":"Block Potion"},{"floor":27.0,"key":"PowerPotion"},{"floor":28.0,"key":"Energy Potion"},{"floor":30.0,"key":"PowerPotion"},{"floor":35.0,"key":"SteroidPotion"},{"floor":50,"key":"Languid Potion"}],"is_trial":false,"path_per_floor":["M","M","M","$","M","E","M","R","T","E","?","?","$","E","R","B",null,"M","?","?","$","M","E","R","?","T","E","M","?","M","?","R","B",null,"M","$","?","COS","M","E","M","R","T","R","PTL","PTL","E","M","M","E","R","B"],"character_chosen":"ASTROLOGER","items_purchased":["Medical Kit","Guide Book","Bronze Scales"],"campfire_rested":1,"item_purchase_floors":[4,21,36],"current_hp_per_floor":[70,69,69,69,68,42,42,42,42,39,39,39,39,39,39,10,70,70,70,47,47,47,47,47,47,47,47,48,48,48,48,48,27,66,66,66,66,66,60,59,59,59,59,59,59,59,48,16,16,3,22,11,11],"gold":158,"neow_bonus":"BOSS_RELIC","is_daily":false,"chose_seed":false,"campfire_upgraded":7,"win_rate":0.0,"timestamp":1614394181,"path_taken":["M","M","M","$","M","E","M","R","T","E","?","?","?","E","R","BOSS","M","?","?","?","?","E","R","?","T","E","M","?","?","?","R","BOSS","M","$","?","COS","?","E","M","R","T","R","PTL","PTL","E","M","M","E","R","BOSS"],"items_purchased_type":["Relic","Relic","Relic"],"build_version":"2020-12-22","purchased_purges":3,"victory":false,"max_hp_per_floor":[70,70,70,70,70,70,70,70,70,70,70,70,70,70,70,70,70,70,70,70,70,70,70,70,70,70,70,70,70,70,66,66,66,66,66,66,66,66,66,66,66,66,66,66,66,66,66,66,66,66,66,66,66],"card_choices":[{"not_picked":["astrologer:Radiance","astrologer:MeteorShower"],"picked":"astrologer:Still","floor":1.0},{"not_picked":["astrologer:Prismatic","astrologer:Stardust","astrologer:SpaceDust"],"picked":"SKIP","floor":2.0},{"not_picked":["astrologer:SolarFlare","astrologer:SpaceDust"],"picked":"astrologer:TheLovers","floor":3.0},{"not_picked":["astrologer:Eclipse","astrologer:CometStrike","astrologer:Opposition"],"picked":"SKIP","floor":5.0},{"not_picked":["astrologer:FrozenStar","astrologer:ReadTheStars"],"picked":"astrologer:Fireball","floor":6.0},{"not_picked":["astrologer:ReadTheStars","astrologer:Stardust"],"picked":"astrologer:StarOfMisfortune","floor":7.0},{"not_picked":["astrologer:CometStrike","astrologer:Temperance","astrologer:SolarFlare"],"picked":"SKIP","floor":10.0},{"not_picked":["astrologer:CrystalBall","astrologer:SolarFlare","astrologer:SpaceDust"],"picked":"SKIP","floor":14.0},{"not_picked":["astrologer:WheelofFortune","astrologer:Premonition"],"picked":"astrologer:TheSun","floor":16.0},{"not_picked":["astrologer:CometStrike","astrologer:ReadTheStars+1","astrologer:Confirmation"],"picked":"SKIP","floor":18.0},{"not_picked":["astrologer:CometStrike","astrologer:Fireball"],"picked":"astrologer:Stardust","floor":20.0},{"not_picked":["astrologer:Eclipse+1","astrologer:FrozenStar"],"picked":"astrologer:Stardust","floor":22.0},{"not_picked":["astrologer:Still+1","astrologer:Strength","astrologer:Quincunx+1"],"picked":"SKIP","floor":23.0},{"not_picked":["astrologer:Temperance+1","astrologer:Death","astrologer:Observe"],"picked":"SKIP","floor":27.0},{"not_picked":["astrologer:Judgement","astrologer:Stardust","astrologer:Premeditation+1"],"picked":"SKIP","floor":28.0},{"not_picked":["astrologer:CrystalBall","astrologer:SpaceDust","astrologer:Still+1"],"picked":"SKIP","floor":30.0},{"not_picked":["astrologer:Premonition","astrologer:BlackHole"],"picked":"astrologer:RejectReality","floor":33.0},{"not_picked":["astrologer:MeteorShower","astrologer:Premeditation"],"picked":"astrologer:LonelyStar+1","floor":35.0},{"not_picked":["Gensokyo:NewMoon","Gensokyo:BrilliantDragonBullet"],"picked":"Gensokyo:HouraiInAPot","floor":37.0},{"not_picked":["astrologer:SpaceDust+1","astrologer:Stardust+1"],"picked":"astrologer:Nova","floor":39.0},{"not_picked":["astrologer:FrozenStar","astrologer:ShiningStar","astrologer:Premonition"],"picked":"SKIP","floor":40.0},{"not_picked":["astrologer:CometStrike+1","astrologer:Stardust","astrologer:MeteorShower+1"],"picked":"SKIP","floor":41.0},{"not_picked":["astrologer:ReadTheStars","astrologer:StarOfChange","astrologer:SpaceDust"],"picked":"SKIP","floor":47.0},{"not_picked":["astrologer:MeteorShower","astrologer:ShiningStar+1","astrologer:CometStrike+1"],"picked":"SKIP","floor":48.0},{"not_picked":["astrologer:Prestidigitation","astrologer:LonelyStar"],"picked":"astrologer:BlackHole","floor":49.0},{"not_picked":["astrologer:Temperance","astrologer:SpaceDust"],"picked":"astrologer:DarkMatter","floor":50}],"player_experience":931181,"relics_obtained":[{"floor":6.0,"key":"DemoMod:MeltedRock"},{"floor":9.0,"key":"Gremlin Horn"},{"floor":10.0,"key":"CaptainsWheel"},{"floor":11.0,"key":"Ring of Hypnosis"},{"floor":11.0,"key":"Ring of Fury"},{"floor":14.0,"key":"DemoMod:GundromedaStrain"},{"floor":20.0,"key":"DemoMod:GreenGuonStone"},{"floor":20.0,"key":"Gambling Chip"},{"floor":23.0,"key":"reliquary:PorcupineQuills"},{"floor":26.0,"key":"Golden Egg"},{"floor":27.0,"key":"War Paint"},{"floor":40.0,"key":"reliquary:TatteredRug"},{"floor":43.0,"key":"Replay:Arrowhead"},{"floor":47.0,"key":"Bag of Marbles"},{"floor":50,"key":"Quantum Egg"}],"event_choices":[],"is_beta":false,"boss_relics":[{"not_picked":["Snecko Heart","SlaversCollar"],"picked":"Abe\u0027s Treasure"},{"not_picked":["reliquary:Ember","Philosopher\u0027s Stone"],"picked":"reliquary:KinkedSpring"}],"items_purged_floors":[13,21,36],"is_endless":false,"potions_floor_spawned":[3,6,7,14,20,22,27,28,30,35,47,50],"killed_by":"Gensokyo:Shinki","ascension_level":1}}