{"host":"ogk9ry5953hr85uy","time":1614428053,"event":{"mods":["Act Like it!","BaseMod","Bestiary","Better Third Choice","BetterRewards","Conspire","Downfall","Gremlin Mod","Halation","Hallownest","Hubris","Lobotomy","LobotomyExtend","Mimic Mod","Minty Spire (QoL Compilation)","Reliquary","Replay The Spire","Ruina","Shop Mod","Spicy Shops","StSLib","The Bug Knight","The Disciple","The Jungle","The Marked","Waifu the Spire"],"gold_per_floor":[277,290,290,301,498,498,498,517,541,541,566,566,18,18,18,116,116,135,135,150,124,142,170,170,170,242,242,253,267,279,293,293,263,263],"floor_reached":33,"language":"RUS","playtime":2228,"items_purged":["Strike_B"],"score":317,"play_id":"62575e77-7aad-460d-b3e4-36ee4d35f369","local_time":"20210227171413","is_ascension_mode":false,"campfire_choices":[{"data":"Genetic Algorithm","floor":6,"key":"SMITH"},{"floor":10,"key":"REST"},{"floor":12,"key":"REST"},{"floor":15,"key":"REST"},{"floor":24,"key":"REST"},{"floor":32,"key":"REST"}],"circlet_count":0,"master_deck":["Strike_B","Strike_B","Strike_B","Defend_B","Defend_B","Defend_B","Defend_B","Zap","Dualcast","Redo","OSAHOGD","Genetic Algorithm+1","MHz","Leap","ShyLook","HereticApostle","Leap","Sunder","WallGazer","BasicCrystalCard","Glacier","Wellcheers","Redo","Defragment+1","Defragment","VoidDream","Buffer","BasicCrystalCard","Bloodbath","Genetic Algorithm","OldLady","FIFO Queue+1","Hello World","Darkness","UniverseFragment","Leap","Leap+1","SpiderBud","Creative AI","Blizzard","WhiteNight","Loop","FairyFestival","Conserve Battery+1"],"relics":["Cracked Core","CogitoBucket","LetterFromLob","Dream Catcher","Hallownest:DreamNailRelic","reliquary:ExpiredCoupon","hubris:FunFungus","MerchantsRug","reliquary:Spinner","conspire:RoyalGoblet","halation:VictoryRuler","reliquary:PurpleTingedLeaf","Eternal Feather","HellTrain"],"acts_visited":["Hallownest:Greenpath","TheCity"],"potions_floor_usage":[28,29,33],"damage_taken":[{"damage":3,"enemies":"Hallownest:monsterHuskWarrior","floor":1,"turns":3},{"damage":7,"enemies":"Hallownest:2_Baldur","floor":2,"turns":4},{"damage":6,"enemies":"2_ Uuma","floor":4,"turns":4},{"damage":29,"enemies":"Hallownest:1_Ooma_and_2_Uuma","floor":8,"turns":13},{"damage":8,"enemies":"Hallownest:eliteVengeflyKing","floor":11,"turns":7},{"damage":22,"enemies":"Hallownest:BossFalseKnight","floor":16,"turns":18},{"damage":2,"enemies":"conspire:FuzzyDice","floor":18,"turns":6},{"damage":14,"enemies":"Spheric Guardian","floor":20,"turns":10},{"damage":21,"enemies":"Centurion and Healer","floor":22,"turns":11},{"damage":46,"enemies":"conspire:SneckoGhost","floor":23,"turns":9},{"damage":21,"enemies":"3 Cultists","floor":28,"turns":7},{"damage":21,"enemies":"conspire:HollyBat","floor":29,"turns":9},{"damage":19,"enemies":"Snake Plant","floor":30,"turns":6},{"damage":2,"enemies":"Snecko","floor":31,"turns":7},{"damage":91,"enemies":"Pondfish","floor":33,"turns":11}],"seed_played":"-4195571464406516560","potions_obtained":[{"floor":11,"key":"sneckomod:MuddlingPotion"},{"floor":18,"key":"Languid Potion"},{"floor":22,"key":"Explosive Potion"},{"floor":23,"key":"GamblersBrew"},{"floor":30,"key":"Strength Potion"}],"is_trial":false,"path_per_floor":["M","M","?","M","?","R","?","M","T","R","E","R","$","?","R","B",null,"M","?","M","$","M","E","R","T","T","?","M","M","M","M","R","B"],"character_chosen":"DEFECT","items_purchased":["hubris:FunFungus","MerchantsRug","Defragment+1","reliquary:Spinner","FIFO Queue+1"],"campfire_rested":5,"item_purchase_floors":[13,13,13,13,21],"current_hp_per_floor":[72,65,37,31,31,31,31,2,2,24,16,38,38,38,60,56,75,75,75,70,70,61,30,52,52,52,52,39,28,20,37,37,0,0],"gold":263,"neow_bonus":"","is_daily":false,"chose_seed":false,"campfire_upgraded":1,"win_rate":0.0,"timestamp":1614428053,"path_taken":["M","M","?","M","?","R","?","?","T","R","E","R","$","?","R","BOSS","M","?","M","$","M","E","R","?","T","?","M","M","M","M","R","BOSS"],"items_purchased_type":["Relic","Relic","Card","Relic","Card"],"build_version":"2020-12-22","purchased_purges":1,"victory":false,"max_hp_per_floor":[75,75,75,75,75,75,75,75,75,75,75,75,75,75,75,75,75,75,75,75,75,75,75,75,75,75,75,75,75,75,75,75,75,75],"card_choices":[{"not_picked":["Static Discharge","Coolheaded"],"picked":"Redo","floor":1},{"not_picked":["BeautyBeast","CrumblingArmor"],"picked":"OSAHOGD","floor":1},{"not_picked":["Hologram","Defragment"],"picked":"Genetic Algorithm","floor":2},{"not_picked":["Bloodbath","HeroicMonk"],"picked":"MHz","floor":2},{"not_picked":["Turbo","Blizzard"],"picked":"Leap","floor":4},{"not_picked":["CherryBlossoms","HeroicMonk"],"picked":"ShyLook","floor":4},{"not_picked":["Turbo","Sweeping Beam"],"picked":"Leap","floor":5},{"not_picked":["Double Energy","Multi-Cast"],"picked":"Sunder","floor":8},{"not_picked":["Funeral","OldLady"],"picked":"WallGazer","floor":8},{"not_picked":["BootSequence","ReplaySort"],"picked":"BasicCrystalCard","floor":10},{"not_picked":["Heatsinks","Gash"],"picked":"Glacier","floor":11},{"not_picked":["Funeral","OldLady","SingingMachine"],"picked":"Singing Bowl","floor":11},{"not_picked":["SilentOrchestra","BeautyBeast"],"picked":"Wellcheers","floor":11},{"not_picked":["Hologram","Stack"],"picked":"Redo","floor":12},{"not_picked":["Leap","Hologram"],"picked":"Defragment","floor":15},{"not_picked":["LaLuna","BeautyBeast"],"picked":"VoidDream","floor":16},{"not_picked":["ReplayTheSpireMod:Fabricate Wheel","hubris:Prefetch"],"picked":"Buffer","floor":16},{"not_picked":["Stack","Panic Button"],"picked":"BasicCrystalCard","floor":18},{"not_picked":["SnowQueen","OldLady"],"picked":"Bloodbath","floor":18},{"not_picked":["Go for the Eyes","Hologram"],"picked":"Genetic Algorithm","floor":20},{"not_picked":["FairyFestival","Scorched"],"picked":"OldLady","floor":20},{"not_picked":["Beam Cell","Steam"],"picked":"Hello World","floor":22},{"not_picked":["RedShoes","FairyFestival","Murderer"],"picked":"Singing Bowl","floor":22},{"not_picked":["Sunder","Force Field"],"picked":"Darkness","floor":23},{"not_picked":["MeatLantern","HeroicMonk"],"picked":"UniverseFragment","floor":23},{"not_picked":["Barrage","Coolheaded"],"picked":"Leap","floor":24},{"not_picked":["Mirror Shield","Turbo"],"picked":"Leap+1","floor":28},{"not_picked":["Scarecrow","SingingMachine","LaLuna"],"picked":"Singing Bowl","floor":28},{"not_picked":["BeautyBeast","GalaxyChild"],"picked":"SpiderBud","floor":28},{"not_picked":["Hologram","Storm"],"picked":"Creative AI","floor":29},{"not_picked":["LaLuna","GalaxyChild","Freischutz"],"picked":"Singing Bowl","floor":29},{"not_picked":["Alriune","Woodsman"],"picked":"QueenOfHatred","floor":29},{"not_picked":["Hologram","Go for the Eyes"],"picked":"Blizzard","floor":30},{"not_picked":["FairyFestival","BlackSwan"],"picked":"WhiteNight","floor":30},{"not_picked":["hubris:Ukulele","Hyperbeam"],"picked":"Loop","floor":31},{"not_picked":["CherryBlossoms","Yin","FieryBird"],"picked":"Singing Bowl","floor":31},{"not_picked":["WhitesApple","Rudolta"],"picked":"FairyFestival","floor":31},{"not_picked":["Panic Button+1","Self Repair+1"],"picked":"Conserve Battery+1","floor":32}],"player_experience":125466,"relics_obtained":[{"floor":1,"key":"LetterFromLob"},{"floor":9,"key":"reliquary:TatteredRug"},{"floor":11,"key":"reliquary:ExpiredCoupon"},{"floor":23,"key":"halation:VictoryRuler"},{"floor":25,"key":"reliquary:PurpleTingedLeaf"},{"floor":26,"key":"Eternal Feather"}],"event_choices":[{"damage_healed":0,"gold_gain":0,"player_choice":"Adaptability","damage_taken":0,"max_hp_gain":0,"max_hp_loss":0,"event_name":"betterThird:BetterWriting","floor":19,"gold_loss":0},{"damage_healed":0,"gold_gain":0,"player_choice":"Ignored","damage_taken":0,"max_hp_gain":0,"max_hp_loss":0,"event_name":"Ghosts","floor":27,"gold_loss":0}],"is_beta":false,"boss_relics":[{"not_picked":["Astrolabe","reliquary:RustamsPendant"],"picked":"conspire:RoyalGoblet"}],"items_purged_floors":[13],"is_endless":false,"potions_floor_spawned":[11,18,22,23,30],"killed_by":"Pondfish","ascension_level":0}}