{"host":"drl4gs3853zme1q6","time":1614400700,"event":{"mods":["AchievementEnabler","Aspiration","BaseMod","Colored Map","Colored Powertips","Duelist Mod","Hermit","Hubris","Infinite Spire","Minty Spire (QoL Compilation)","Replay The Spire","StSLib","The Cursed","The Hierophant"],"gold_per_floor":[109,109,125,125,135,166,166,180,207,207,221,68,81,96,96,200,200,220,234,234,250,267,267,295,369,455,479,509,531,593,605,617,629,629],"floor_reached":33,"language":"ENG","playtime":1293,"items_purged":[],"score":298,"play_id":"789047da-d656-4e69-b566-91fe6eb57032","local_time":"20210226223820","daily_mods":["Heirloom","Time Dilation"],"is_ascension_mode":false,"campfire_choices":[{"floor":7,"key":"REST"},{"data":"White Noise","floor":10,"key":"SMITH"},{"data":"FIFO Queue","floor":15,"key":"SMITH"},{"data":"Electrodynamics","floor":23,"key":"SMITH"},{"data":"ReplayTheSpireMod:Calculation Training","floor":32,"key":"SMITH"}],"circlet_count":0,"master_deck":["Strike_B","Strike_B","Strike_B","Strike_B","Defend_B","Defend_B","Defend_B","Defend_B","Zap","Dualcast","Ball Lightning","FIFO Queue+1","Conserve Battery","White Noise+1","Genetic Algorithm","Melter","Redo","Conserve Battery","Electrodynamics+1","Mirror Shield","Cold Snap+1","Self Repair","Crystallizer+1","Amplify","Capacitor+1","ReplayTheSpireMod:Calculation Training+1","FIFO Queue"],"relics":["Cracked Core","Prayer Wheel","Anchor","MealTicket","aspiration:FutureDiary","hubris:BottledHeart","Omamori","MawBank","hubris:Metronome","OrangePellets"],"acts_visited":["Exordium","TheCity"],"potions_floor_usage":[16,16,16,24],"damage_taken":[{"damage":1,"enemies":"Cultist","floor":1,"turns":4},{"damage":13,"enemies":"Jaw Worm","floor":3,"turns":3},{"damage":0,"enemies":"2 Louse","floor":5,"turns":3},{"damage":40,"enemies":"Gremlin Nob","floor":6,"turns":5},{"damage":1,"enemies":"Large Slime","floor":8,"turns":5},{"damage":3,"enemies":"Looter","floor":11,"turns":3},{"damage":15,"enemies":"Exordium Thugs","floor":13,"turns":4},{"damage":0,"enemies":"2 Fungi Beasts","floor":14,"turns":4},{"damage":29,"enemies":"The Guardian","floor":16,"turns":8},{"damage":12,"enemies":"Shell Parasite","floor":18,"turns":6},{"damage":10,"enemies":"2 Thieves","floor":19,"turns":4},{"damage":0,"enemies":"Sentry and Sphere","floor":21,"turns":4},{"damage":0,"enemies":"Cultist and Chosen","floor":22,"turns":6},{"damage":0,"enemies":"Nightmare","floor":24,"turns":9},{"damage":0,"enemies":"Snake Plant","floor":27,"turns":4},{"damage":0,"enemies":"Centurion and Healer","floor":28,"turns":4},{"damage":0,"enemies":"Sentry and Sphere","floor":29,"turns":3},{"damage":3,"enemies":"Automaton","floor":33,"turns":6}],"seed_played":"-7712683365107779749","potions_obtained":[{"floor":5,"key":"SkillPotion"},{"floor":6,"key":"FocusPotion"},{"floor":8,"key":"Regen Potion"},{"floor":16,"key":"PotionOfCapacity"},{"floor":18,"key":"GamblersBrew"},{"floor":21,"key":"FearPotion"},{"floor":25,"key":"Regen Potion"},{"floor":27,"key":"SpeedPotion"},{"floor":28,"key":"Energy Potion"}],"is_trial":true,"path_per_floor":["M","?","M","$","M","E","R","M","T","R","M","$","M","M","R","B",null,"M","M","?","M","M","R","NM","?","T","M","M","M","?","AVR","R","B"],"character_chosen":"DEFECT","items_purchased":["Electrodynamics"],"campfire_rested":1,"item_purchase_floors":[12],"current_hp_per_floor":[74,79,66,66,66,26,50,49,49,49,46,61,46,46,46,32,80,68,58,1,1,1,1,1,1,1,1,1,1,1,1,1,0,0],"gold":629,"neow_bonus":"","is_daily":false,"chose_seed":false,"campfire_upgraded":4,"win_rate":0.0,"timestamp":1614400700,"path_taken":["M","?","M","?","M","E","R","M","T","R","M","$","M","M","R","BOSS","M","M","?","M","M","R","NM","?","T","M","?","M","?","AVR","R","BOSS"],"items_purchased_type":["Card"],"build_version":"2020-12-22","purchased_purges":0,"victory":false,"max_hp_per_floor":[75,80,80,80,80,80,80,80,80,80,80,80,80,80,80,80,80,80,80,1,1,1,1,1,1,1,1,1,1,1,1,1,1,1],"card_choices":[{"not_picked":["Redo","Gash"],"picked":"Ball Lightning","floor":1},{"not_picked":["Ball Lightning","Gash"],"picked":"FIFO Queue","floor":1},{"not_picked":["Heatsinks","Rebound"],"picked":"Conserve Battery","floor":3},{"not_picked":["Go for the Eyes","Aggregate","Heatsinks"],"picked":"SKIP","floor":3},{"not_picked":["Conserve Battery","Self Repair"],"picked":"White Noise","floor":5},{"not_picked":["Streamline","Conserve Battery"],"picked":"Genetic Algorithm","floor":5},{"not_picked":["Recycle","Reboot"],"picked":"Melter","floor":6},{"not_picked":["Barrage","Sweeping Beam"],"picked":"Redo","floor":8},{"not_picked":["BasicCrystalCard","Reprogram","ReplayTheSpireMod:Repulse"],"picked":"SKIP","floor":8},{"not_picked":["Go for the Eyes","Rebound"],"picked":"Conserve Battery","floor":11},{"not_picked":["Hologram","Fusion","Reprogram"],"picked":"SKIP","floor":11},{"not_picked":["Go for the Eyes","Beam Cell","Turbo"],"picked":"SKIP","floor":13},{"not_picked":["Fission","Streamline","Melter"],"picked":"SKIP","floor":13},{"not_picked":["Panic Button","Aggregate","Beam Cell"],"picked":"SKIP","floor":14},{"not_picked":["Barrage","Recycle","FTL"],"picked":"SKIP","floor":14},{"not_picked":["ReplayTheSpireMod:Fabricate Wheel","hubris:DoWhile"],"picked":"Mirror Shield","floor":16},{"not_picked":["Stack+1","Go for the Eyes"],"picked":"Cold Snap+1","floor":18},{"not_picked":["Reinforced Body","Gash","Redo"],"picked":"SKIP","floor":18},{"not_picked":["FTL","Stack","Beam Cell"],"picked":"SKIP","floor":19},{"not_picked":["ReplayTheSpireMod:Omega Cannon","Steam","Barrage"],"picked":"SKIP","floor":19},{"not_picked":["Cold Snap","Steam"],"picked":"Self Repair","floor":21},{"not_picked":["Stack","Go for the Eyes","Steam"],"picked":"SKIP","floor":21},{"not_picked":["Conserve Battery","Rebound"],"picked":"Crystallizer+1","floor":22},{"not_picked":["Auto Shields","Go for the Eyes"],"picked":"Amplify","floor":22},{"not_picked":["Double Energy","aspiration:Polymerization+1"],"picked":"Capacitor+1","floor":24},{"not_picked":["Capacitor","Steam"],"picked":"ReplayTheSpireMod:Calculation Training","floor":27},{"not_picked":["Compile Driver","Hologram+1","Sweeping Beam"],"picked":"SKIP","floor":27},{"not_picked":["Streamline+1","ReplayTheSpireMod:Omega Cannon"],"picked":"FIFO Queue","floor":28},{"not_picked":["Sweeping Beam","Tempest","Leap"],"picked":"SKIP","floor":28},{"not_picked":["Gash","Compile Driver+1","Steam Power"],"picked":"SKIP","floor":29},{"not_picked":["Streamline","Leap","Barrage+1"],"picked":"SKIP","floor":29}],"player_experience":426376,"relics_obtained":[{"floor":6,"key":"Anchor"},{"floor":9,"key":"MealTicket"},{"floor":24,"key":"Omamori"},{"floor":25,"key":"MawBank"},{"floor":26,"key":"hubris:Metronome"}],"event_choices":[{"damage_healed":0,"gold_gain":0,"player_choice":"Donut","damage_taken":0,"max_hp_gain":5,"max_hp_loss":0,"event_name":"Big Fish","floor":2,"gold_loss":0},{"damage_healed":0,"gold_gain":100,"player_choice":"Bet on Murderer","damage_taken":0,"max_hp_gain":0,"max_hp_loss":0,"event_name":"The Joust","floor":30,"gold_loss":50}],"is_beta":false,"boss_relics":[{"not_picked":["Snecko Eye","hubris:BlackHole"],"picked":"aspiration:FutureDiary"}],"items_purged_floors":[],"is_endless":true,"potions_floor_spawned":[5,6,8,14,16,18,21,27,28],"killed_by":"Automaton","ascension_level":0}}