{"host":"3j2m8n0ywf988fwb","time":1614414155,"event":{"mods":["2.2 Compatiblity","AchievementEnabler","Aspiration","BaseMod","Bestiary","Better Altar","Better Match","Better Note","Better Sensory Stone","Better Skull","Better Third Choice","CCEM2","Colored Map","Colored Powertips","Conspire","Dark Map","Googly Eyes","Halation","HexUI Lib","Highlight Path","Hubris","Infinite Spire","Jedi Mod","Marked Mod","Minty Spire (QoL Compilation)","Monster B Gone","Permanent Neow","Random Character Button","Relic Filter Mod","Relic Stats","Reliquary","Replay The Spire","Shop Mod","StS++","StSLib","Unceasing Turn Reminder","Weighted Paths","everything is the same but u backflip on backflip"],"gold_per_floor":[114,40,40,59,5,5,31,41,65,65,65,79,98,108,108,108,108],"floor_reached":16,"language":"ENG","playtime":603,"items_purged":[],"score":102,"play_id":"7adcac5f-ab8f-48d1-9029-12a402012a82","local_time":"20210227022235","is_ascension_mode":false,"campfire_choices":[{"data":"MarkedMod:FirstStrike","floor":6,"key":"SMITH"},{"floor":11,"key":"REST"},{"data":"MarkedMod:GentlePulse","floor":15,"key":"SMITH"}],"circlet_count":0,"master_deck":["Strike_P","Strike_P","Strike_P","Strike_P","Defend_P","Defend_P","Defend_P","Defend_P","Eruption","Vigilance","Wireheading+1","MarkedMod:FirstStrike+1","Wallop","MarkedMod:GentlePulse+1"],"relics":["PureWater","Busted Crown","CCEMRelics:DarkMatter","CCEMRelics:FakeTeeth"],"acts_visited":["Exordium"],"potions_floor_usage":[16,16],"damage_taken":[{"damage":3,"enemies":"2 Louse","floor":1,"turns":4},{"damage":0,"enemies":"Jaw Worm","floor":4,"turns":2},{"damage":50,"enemies":"Gremlin Nob","floor":7,"turns":5},{"damage":0,"enemies":"Small Slimes","floor":8,"turns":3},{"damage":0,"enemies":"Blue Slaver","floor":12,"turns":3},{"damage":4,"enemies":"Red Slaver","floor":13,"turns":4},{"damage":2,"enemies":"Exordium Thugs","floor":14,"turns":5},{"damage":40,"enemies":"Hexaghost","floor":16,"turns":14}],"seed_played":"-8547142752202103348","potions_obtained":[{"floor":4,"key":"StSpp:SecondWindPotion"},{"floor":8,"key":"Weak Potion"},{"floor":14,"key":"BottledMiracle"}],"is_trial":false,"path_per_floor":["M","$","?","M","$","R","E","M","T","?","R","M","M","M","R","B"],"character_chosen":"WATCHER","items_purchased":["Wireheading","MarkedMod:FirstStrike"],"campfire_rested":1,"item_purchase_floors":[2,5],"current_hp_per_floor":[69,69,69,69,69,69,19,19,19,19,40,40,36,34,34,0,0],"gold":108,"neow_bonus":"DOUBLE_BOSS_RELIC","is_daily":false,"chose_seed":false,"campfire_upgraded":2,"win_rate":0.0,"timestamp":1614414155,"path_taken":["M","$","?","M","?","R","E","M","T","?","R","M","M","?","R","BOSS"],"items_purchased_type":["Card","Card"],"build_version":"2020-12-22","purchased_purges":0,"victory":false,"max_hp_per_floor":[72,72,72,72,72,72,72,72,72,72,72,72,72,72,72,72,72],"relic_stats":{"Busted Crown":14,"counters":[8,40],"obtain_stats":[{"CCEMRelics:DarkMatter":0,"CCEMRelics:FakeTeeth":7,"Busted Crown":0,"PureWater":0},{"CCEMRelics:DarkMatter":0,"CCEMRelics:FakeTeeth":3,"Busted Crown":0,"PureWater":0},{"CCEMRelics:DarkMatter":0,"CCEMRelics:FakeTeeth":11,"Busted Crown":0,"PureWater":0}]},"card_choices":[{"not_picked":["FollowUp"],"picked":"SKIP","floor":1},{"not_picked":["FollowUp"],"picked":"SKIP","floor":4},{"not_picked":["DeceiveReality"],"picked":"SKIP","floor":7},{"not_picked":["Replay:ManipulateFuture"],"picked":"SKIP","floor":8},{"not_picked":["Halt"],"picked":"SKIP","floor":12},{"not_picked":[],"picked":"Wallop","floor":13},{"not_picked":[],"picked":"MarkedMod:GentlePulse","floor":14}],"player_experience":796941,"relics_obtained":[{"floor":7,"key":"CCEMRelics:FakeTeeth"}],"event_choices":[{"damage_healed":0,"gold_gain":0,"player_choice":"Disagree","damage_taken":0,"max_hp_gain":0,"max_hp_loss":0,"event_name":"conspire:LoneGhost","floor":10,"gold_loss":0}],"is_beta":false,"boss_relics":[],"items_purged_floors":[],"is_endless":false,"potions_floor_spawned":[4,8,14],"killed_by":"Hexaghost","ascension_level":0}}