{"host":"vh33hu3wddwn6yt6","time":1614443124,"event":{"mods":["AchievementEnabler","Act Like it!","Aspiration","BaseMod","Better Altar","Better Match","Better Note","Better Sensory Stone","Better Skull","Better Third Choice","BetterRewards","Bossed Relics","Downfall","Hubris","Infinite Spire","Minty Spire (QoL Compilation)","Permanent Neow","Replay The Spire","Robot Space Explorer","Shop Mod","Spicy Shops","StSLib","SuperFastMode","The Blackbeard","The Marked","The Necromancer","The Runesmith","The Servant 0.9.4","Wandering Minibosses"],"gold_per_floor":[118,40,40,40,56,56,86,86,132,132,162,180,180,205,205,303,303,316,334,334,334,334],"floor_reached":21,"language":"DEU","playtime":672,"items_purged":[],"score":195,"play_id":"5414abb2-90a6-43e9-8716-f9c88400ee15","local_time":"20210227172524","is_ascension_mode":false,"campfire_choices":[{"data":"theMarked:ComboAttacks","floor":6,"key":"SMITH"},{"floor":10,"key":"REST"},{"floor":13,"key":"REST"},{"floor":15,"key":"REST"}],"circlet_count":0,"master_deck":["theMarked:Strike","theMarked:Strike","theMarked:Strike","theMarked:Strike","theMarked:Strike","theMarked:Defend","theMarked:Defend","theMarked:Defend","theMarked:Defend","theMarked:SoldierOfQuellstein","theMarked:ComboAttacks+1","ReplayTheSpireMod:Faulty Equipment","theMarked:StartUp","theMarked:BiggerThanFate","Blade Dance","theMarked:Challenge","theMarked:BiggerThanFate"],"relics":["theMarked:BronzeBlade","Centennial Puzzle","hubris:DisguiseKit","Tiny Chest","hubris:TenFootPole","Matryoshka"],"acts_visited":["Exordium","TheCity"],"potions_floor_usage":[11,14,16,21],"damage_taken":[{"damage":0,"enemies":"2 Louse","floor":1,"turns":3},{"damage":0,"enemies":"Small Slimes","floor":5,"turns":4},{"damage":51,"enemies":"Gremlin Nob","floor":7,"turns":6},{"damage":26,"enemies":"Lagavulin","floor":11,"turns":6},{"damage":5,"enemies":"Cultist","floor":12,"turns":6},{"damage":18,"enemies":"Gremlin Nob","floor":14,"turns":5},{"damage":2,"enemies":"Fading Forest","floor":16,"turns":11},{"damage":4,"enemies":"Shell Parasite","floor":18,"turns":4},{"damage":23,"enemies":"2 Thieves","floor":19,"turns":4},{"damage":45,"enemies":"Snecko","floor":21,"turns":6}],"seed_played":"-5263937371475198746","potions_obtained":[{"floor":7,"key":"Strength Potion"},{"floor":12,"key":"EssenceOfSteel"},{"floor":14,"key":"Dexterity Potion"},{"floor":18,"key":"Strength Potion"}],"is_trial":false,"path_per_floor":["M","$","?","?","M","R","E","$","T","R","E","M","R","E","R","B",null,"M","M","?","M"],"character_chosen":"THE_DEFAULT","items_purchased":["theMarked:ComboAttacks"],"campfire_rested":3,"item_purchase_floors":[2],"current_hp_per_floor":[72,72,72,72,72,72,21,21,21,42,16,11,32,14,35,43,72,68,45,45,0,0],"gold":334,"neow_bonus":"RANDOM_COMMON_RELIC","is_daily":false,"chose_seed":false,"campfire_upgraded":1,"win_rate":0.0,"timestamp":1614443124,"path_taken":["M","$","?","?","?","R","E","$","T","R","E","M","R","E","R","BOSS","M","M","?","?"],"items_purchased_type":["Card"],"build_version":"2020-12-22","purchased_purges":0,"victory":false,"max_hp_per_floor":[72,72,72,72,72,72,72,72,72,72,72,72,72,72,72,72,72,72,72,72,72,72],"card_choices":[{"not_picked":["theMarked:Memento","theMarked:MuscleMemory","theMarked:RepellingDischarge"],"picked":"SKIP","floor":1},{"not_picked":["theMarked:LightningStrikesTwice","theMarked:MuscleMemory","theMarked:ElectricStrings","Bane"],"picked":"SKIP","floor":5},{"not_picked":["theMarked:Parkour","theMarked:Frustration","Toxin Wave"],"picked":"theMarked:StartUp","floor":7},{"not_picked":["theMarked:Generate","theMarked:WardOff","PiercingWail"],"picked":"theMarked:BiggerThanFate","floor":11},{"not_picked":["theMarked:Aftermath","theMarked:Heritage","theMarked:Electrify"],"picked":"Blade Dance","floor":12},{"not_picked":["theMarked:Memento","theMarked:Electrify","Dodge and Roll"],"picked":"theMarked:Challenge","floor":14},{"not_picked":["theMarked:Toughness","theMarked:Snap","After Image"],"picked":"theMarked:BiggerThanFate","floor":16},{"not_picked":["theMarked:Pokerface+1","theMarked:Frustration","theMarked:Friction","Quick Slash"],"picked":"SKIP","floor":18},{"not_picked":["theMarked:TakeCover+1","theMarked:ParalyzingBlade","theMarked:ChainLightning","Acrobatics"],"picked":"SKIP","floor":19}],"player_experience":644570,"relics_obtained":[{"floor":7,"key":"Tiny Chest"},{"floor":11,"key":"hubris:TenFootPole"},{"floor":14,"key":"Matryoshka"}],"event_choices":[{"damage_healed":0,"gold_gain":0,"player_choice":"Ignored","damage_taken":0,"max_hp_gain":0,"max_hp_loss":0,"event_name":"WeMeetAgain","floor":4,"gold_loss":0},{"damage_healed":0,"gold_gain":0,"player_choice":"Ignored","damage_taken":0,"max_hp_gain":0,"max_hp_loss":0,"event_name":"betterNote:BetterNote","floor":20,"gold_loss":0,"cards_obtained":["Defend_S"]}],"is_beta":false,"boss_relics":[{"not_picked":["Coffee Dripper","hubris:HollowSoul"],"picked":"theMarked:BronzeBlade"}],"items_purged_floors":[],"is_endless":false,"potions_floor_spawned":[7,12,14,18],"killed_by":"Snecko","ascension_level":0}}