{"host":"r4aerl4ckfvw1dw3","time":1614457773,"event":{"mods":["BaseMod","BetterRewards","Minty Spire (QoL Compilation)","Quick Restart","StSLib"],"gold_per_floor":[113,288,288,288,363,397,121,135,135,170,73,73,48,81,81,81,81],"floor_reached":16,"language":"ENG","playtime":454,"items_purged":["Doubt"],"score":209,"play_id":"a0966a50-d15f-477f-9e67-f140f99edf70","local_time":"20210227122933","is_ascension_mode":true,"campfire_choices":[{"data":"Zap","floor":12,"key":"SMITH"},{"data":"Redo","floor":15,"key":"SMITH"}],"circlet_count":0,"master_deck":["AscendersBane","Strike_B","Strike_B","Strike_B","Strike_B","Defend_B","Defend_B","Defend_B","Defend_B","Zap+1","Dualcast","Recycle","Cold Snap","Cold Snap","Genetic Algorithm","Doom and Gloom","Leap","Stack","Redo+1"],"relics":["Cracked Core","NeowsBlessing","Centennial Puzzle","Letter Opener","ClockworkSouvenir","Anchor","Blue Candle","FossilizedHelix"],"acts_visited":["Exordium"],"potions_floor_usage":[10,14],"damage_taken":[{"damage":0.0,"enemies":"Small Slimes","floor":1.0,"turns":1.0},{"damage":0.0,"enemies":"Lagavulin","floor":6.0,"turns":1.0},{"damage":0,"enemies":"Jaw Worm","floor":8,"turns":1},{"damage":17,"enemies":"3 Sentries","floor":10,"turns":10},{"damage":19,"enemies":"Gremlin Nob","floor":14,"turns":4},{"damage":29,"enemies":"Hexaghost","floor":16,"turns":9}],"seed_played":"6701819623242400883","potions_obtained":[{"floor":10,"key":"EssenceOfSteel"}],"is_trial":false,"path_per_floor":["M","?","?","?","?","E","$","M","T","E","$","R","$","E","R","B"],"character_chosen":"DEFECT","items_purchased":["ClockworkSouvenir","Block Potion","Doom and Gloom","Leap","Stack"],"campfire_rested":0,"item_purchase_floors":[7,7,11,11,13],"current_hp_per_floor":[68,68,50,75,64,64,64,64,64,47,47,47,47,28,28,0,0],"gold":81,"neow_bonus":"THREE_ENEMY_KILL","is_daily":false,"chose_seed":false,"campfire_upgraded":2,"win_rate":0.0,"timestamp":1614457773,"path_taken":["M","?","?","?","?","E","?","M","T","E","$","R","$","E","R","BOSS"],"items_purchased_type":["Relic","Potion","Card","Card","Card"],"build_version":"2020-12-22","purchased_purges":1,"victory":false,"max_hp_per_floor":[75,75,75,75,75,75,75,75,75,75,75,75,75,75,75,75,75],"card_choices":[{"not_picked":["Beam Cell","Redo"],"picked":"Recycle","floor":1.0},{"not_picked":["Sweeping Beam","Melter"],"picked":"Cold Snap","floor":6.0},{"not_picked":["Scrape","Gash"],"picked":"Cold Snap","floor":8},{"not_picked":["Ball Lightning","Darkness"],"picked":"Genetic Algorithm","floor":10},{"not_picked":["White Noise","Darkness"],"picked":"Redo","floor":14}],"player_experience":737086,"relics_obtained":[{"floor":6.0,"key":"Letter Opener"},{"floor":9,"key":"Anchor"},{"floor":10,"key":"Blue Candle"},{"floor":14,"key":"FossilizedHelix"}],"event_choices":[{"damage_healed":0.0,"max_hp_gain":0.0,"max_hp_loss":0.0,"gold_gain":175.0,"event_name":"Liars Game","player_choice":"AGREE","floor":2.0,"gold_loss":0.0,"damage_taken":0.0,"cards_obtained":["Doubt"]},{"damage_healed":0.0,"max_hp_gain":0.0,"max_hp_loss":0.0,"gold_gain":0.0,"event_name":"Scrap Ooze","player_choice":"Success","floor":3.0,"gold_loss":0.0,"damage_taken":18.0,"relics_obtained":["Centennial Puzzle"]},{"damage_healed":25.0,"max_hp_gain":0.0,"max_hp_loss":0.0,"gold_gain":0.0,"event_name":"Big Fish","player_choice":"Banana","floor":4.0,"gold_loss":0.0,"damage_taken":0.0},{"damage_healed":0.0,"max_hp_gain":0.0,"max_hp_loss":0.0,"gold_gain":75.0,"event_name":"World of Goop","player_choice":"Gather Gold","floor":5.0,"gold_loss":0.0,"damage_taken":11.0}],"is_beta":false,"boss_relics":[],"items_purged_floors":[7],"is_endless":false,"potions_floor_spawned":[10],"killed_by":"Hexaghost","ascension_level":10}}