{"host":"3y9j540ftq0by6cq","time":1614404796,"event":{"mods":["BaseMod","CapriCore","Library of Ruina","Library of Ruina Extra","Minty Spire (QoL Compilation)","StSLib"],"gold_per_floor":[211,230,230,255,17,60,60,84,84,104,125,146,162,162,162,291,291,306,124,145,164,178,178,222,247,247,38,38,38],"floor_reached":28,"language":"ZHS","playtime":2012,"items_purged":[],"score":271,"play_id":"fa278b9c-198c-486c-8c67-7ead6c0c513f","local_time":"20210227134636","is_ascension_mode":false,"campfire_choices":[{"data":"YoureTooSlow","floor":7,"key":"SMITH"},{"data":"SharpenedBlade","floor":15,"key":"SMITH"},{"data":"ForTheFamily","floor":23,"key":"SMITH"}],"circlet_count":0,"master_deck":["Dodge","LightDefense","LightAttack","LightAttack","LightAttack","LightDefense","LightDefense","LightDefense+1","ChargeAndCover","FocusedStrikes","Outburst","YoureTooSlow+1","Injury","SomberProcuration","Deflect_lor+1","YoureTooSlow","HandleRequest","SharpSwipe","SuppressingShot","SharpenedBlade+1","Suppress","SwordOfVolition","ForTheFamily+1","Deflect_lor+1","Mutilate","Outburst","Faith","ScatteringSlash+1","UnforgettableMelody","UnforgettableMelody","DesperateStruggle"],"relics":["PageOfLibrarian","Golden Idol","Shuriken","PageOfWrath","PageOfTheQueenOfHatred","PageOfBlackSwan","DollysMirror","PageOfTheKnightOfDespair","PageOfGreed"],"acts_visited":["Exordium","TheCity"],"potions_floor_usage":[13,25,28,28,28],"damage_taken":[{"damage":0,"enemies":"2 Louse","floor":1,"turns":2},{"damage":11,"enemies":"Jaw Worm","floor":2,"turns":3},{"damage":7,"enemies":"Small Slimes","floor":4,"turns":3},{"damage":10,"enemies":"3 Sentries","floor":6,"turns":7},{"damage":13,"enemies":"Gremlin Gang","floor":8,"turns":5},{"damage":4,"enemies":"2 Fungi Beasts","floor":10,"turns":3},{"damage":0,"enemies":"Blue Slaver","floor":11,"turns":4},{"damage":1,"enemies":"3 Louse","floor":12,"turns":3},{"damage":15,"enemies":"Gremlin Gang","floor":13,"turns":7},{"damage":12,"enemies":"Hexaghost","floor":16,"turns":8},{"damage":9,"enemies":"3 Byrds","floor":18,"turns":4},{"damage":10,"enemies":"Chosen","floor":20,"turns":3},{"damage":23,"enemies":"Sentry and Sphere","floor":21,"turns":5},{"damage":18,"enemies":"Snecko","floor":22,"turns":4},{"damage":42,"enemies":"Book of Stabbing","floor":24,"turns":5},{"damage":7,"enemies":"Centurion and Healer","floor":25,"turns":5},{"damage":62,"enemies":"Snake Plant","floor":28,"turns":3}],"seed_played":"-2887464473649822786","potions_obtained":[{"floor":6,"key":"Block Potion"},{"floor":11,"key":"Regen Potion"},{"floor":16,"key":"Block Potion"},{"floor":21,"key":"Weak Potion"},{"floor":25,"key":"Explosive Potion"}],"is_trial":false,"path_per_floor":["M","M","?","M","$","E","R","M","T","M","M","M","M","?","R","B",null,"M","$","M","M","M","R","E","M","T","$","M"],"character_chosen":"Librarian","items_purchased":["Shuriken","ForTheFamily","DollysMirror","UnforgettableMelody","DesperateStruggle"],"campfire_rested":0,"item_purchase_floors":[5,19,19,27,27],"current_hp_per_floor":[60,49,49,42,42,32,32,19,19,16,19,20,40,25,25,46,76,72,72,72,68,63,63,35,47,47,47,0,0],"gold":38,"neow_bonus":"HUNDRED_GOLD","is_daily":false,"chose_seed":false,"campfire_upgraded":3,"win_rate":0.0,"timestamp":1614404796,"path_taken":["M","M","?","M","$","E","R","M","T","M","M","M","M","?","R","BOSS","M","$","M","M","M","R","E","M","T","$","M"],"items_purchased_type":["Relic","Card","Relic","Card","Card"],"build_version":"2020-12-22","purchased_purges":0,"victory":false,"max_hp_per_floor":[62,62,62,65,65,65,65,71,71,71,71,76,76,76,76,76,76,76,76,76,76,76,76,76,76,76,76,76,76],"card_choices":[{"not_picked":["Commandeering","UnavoidableGaze","FlashingStrike","EnergyShield","MultiBlock","MultiHit","Leap_lor","PreemptiveStrike"],"picked":"Outburst","floor":1},{"not_picked":["CookingPrep","AutomatedMovement","Eradication","HighSpeedStabbing","SparkingSpear","Quickness","DefenseOrder","SmokingPipe"],"picked":"YoureTooSlow","floor":2},{"not_picked":["BiAn","Standoff","StructuralAnalysis","Preparation","Brawl","Juggling","Wallop_lor","EnergyShield"],"picked":"SomberProcuration","floor":4},{"not_picked":["Unlock1","EnergyShield","ExtractFuel","PreemptiveStrike","Eliminate","DefenseOrder","SinglePointStab","BlowItUp"],"picked":"Deflect_lor","floor":6},{"not_picked":["SnakesPrey","BiAn","NightInTheBackstreets","Thrust","SharpenedBlade","ExtractFuel","StructuralAnalysis","Multislash"],"picked":"YoureTooSlow","floor":8},{"not_picked":["BayonetCombat","SunsetBlade","SerpentSwordTechnique","Juggling","SnakesPrey","RapidGashes","Observe","HighKick"],"picked":"HandleRequest","floor":10},{"not_picked":["DirtyBlow","SuppressingShot","FormingStorm","DimensionalRift","ShrineToMusic","CoordinatedAssault","StrongStrike","UpbeatPerformance"],"picked":"SharpSwipe","floor":11},{"not_picked":["GuidanceOfTheGears","Pound","Eject","WillOfThePrescript","Tailoring","EndlessBattle","Riposte","BiteOff"],"picked":"SuppressingShot","floor":12},{"not_picked":["WillOfThePrescript","ViolentFlame","DarkCloud","FlyingSword","GatherIntel","Multislash","PuppetBlockade","Duel_lor"],"picked":"SharpenedBlade","floor":13},{"not_picked":["FleshFillet","GroundSmash"],"picked":"Suppress","floor":16},{"not_picked":["BattleCommand+1","Mutilate+1","Unlock1","StrikeDown","BackAttack","Thrust+1","QuickAttack","Standoff"],"picked":"SwordOfVolition","floor":18},{"not_picked":["EnergyStrike","Leap_lor","Duel_lor","CutIn","Thrust+1","ChiWen","EnergyShield","Tailoring+1"],"picked":"Mutilate","floor":20},{"not_picked":["Parry2+1","RagingStormLove","HiddenBlade+1","PinpointShot+1","FierceCharge","StrongStrike","StrikeDown","UpbeatPerformance"],"picked":"Outburst","floor":21},{"not_picked":["DevastatingThrash","Parry2","HardRehearsal+1","AssaultOrder","Wallop_lor","NightInTheBackstreets","BlindFaith","PinpointShot"],"picked":"Faith","floor":22},{"not_picked":["DeepDrag","EnergyStrike","MultiBlock+1","BiteOff","YourShield","Duel_lor","Multislash+1","Rewind"],"picked":"ScatteringSlash+1","floor":24},{"not_picked":["CookingPrep","SnakeSlit","AbsorbImpact+1","StrikeDown","DevastatingThrash","Diversion","EnergyShield","SunsetBlade"],"picked":"UnforgettableMelody","floor":25}],"player_experience":90661,"relics_obtained":[{"floor":6,"key":"PageOfWrath"},{"floor":9,"key":"PageOfTheQueenOfHatred"},{"floor":24,"key":"PageOfTheKnightOfDespair"},{"floor":26,"key":"PageOfGreed"}],"event_choices":[{"damage_healed":0,"gold_gain":0,"player_choice":"Take Wound","damage_taken":0,"relics_obtained":["Golden Idol"],"max_hp_gain":0,"max_hp_loss":0,"event_name":"Golden Idol","floor":3,"gold_loss":0,"cards_obtained":["Injury"]},{"damage_healed":0,"gold_gain":0,"player_choice":"Entered Light","damage_taken":15,"max_hp_gain":0,"max_hp_loss":0,"event_name":"Shining Light","floor":14,"gold_loss":0,"cards_upgraded":["LightDefense","Deflect_lor"]}],"is_beta":false,"boss_relics":[{"not_picked":["Runic Dome","Coffee Dripper"],"picked":"PageOfBlackSwan"}],"items_purged_floors":[],"is_endless":false,"potions_floor_spawned":[6,8,11,16,21,25],"killed_by":"Snake Plant","ascension_level":0}}