{"host":"y2tpd94z1x94fzdt","time":1614399315,"event":{"mods":["BaseMod","Better Third Choice","Hubris","Infinite Spire","Koishi","Marisa????????","Minty Spire (QoL Compilation)","Replay The Spire","StSLib","The Animator","The Construct","The Cursed","The Disciple","The Hierophant","The Jungle","The Mystic","The Saiyan","The Senshi","The Servant 0.9.4","TheBandit","WarShipGirlsR/????R mod"],"gold_per_floor":[118,118,134,148,158,158,172,199,278,309,323,354,369,369,369,465,465,477,496,20,31,31,31,45,59,59,59,59,77,77,77],"floor_reached":30,"language":"ENG","playtime":1964,"items_purged":[],"score":311,"play_id":"292dd87d-70e6-441b-931c-06e05b030052","local_time":"20210226211515","is_ascension_mode":true,"campfire_choices":[{"floor":6,"key":"REST"},{"floor":15,"key":"REST"},{"data":"Feed","floor":23,"key":"SMITH"}],"circlet_count":0,"master_deck":["Strike_R","Strike_R","Strike_R","Strike_R","Defend_R","Defend_R","Defend_R","Bash","Second Wind","Sword Boomerang","infinitespire:OneForAll","Inflame","Burning Pact","Havoc","Flex","Pummel","Battle Trance","ReplayTheSpireMod:Limb From Limb","Feed+1","Metamorphosis","Metallicize+1","Shame","Infernal Blade","Shockwave","Shame","Demon Form"],"relics":["Burning Blood","WarpedTongs","Vajra","Mummified Hand","hubris:GlazedTorus","Dream Catcher","hubris:ScarierMask","Toolbox","King of Hearts","theJungle:SneckoAutograph","Quantum Egg","theJungle:PaperFaux"],"acts_visited":["Exordium","Exordium"],"potions_floor_usage":[13,21],"damage_taken":[{"damage":8,"enemies":"2 Louse","floor":1,"turns":3},{"damage":2,"enemies":"Cultist","floor":3,"turns":3},{"damage":6,"enemies":"infinitespire:Voidling","floor":4,"turns":3},{"damage":19,"enemies":"Blue Slaver","floor":5,"turns":4},{"damage":3,"enemies":"Large Slime","floor":7,"turns":5},{"damage":22,"enemies":"Replay:BlueRogue","floor":10,"turns":5},{"damage":1,"enemies":"2 Fungi Beasts","floor":11,"turns":2},{"damage":32,"enemies":"Gremlin Nob","floor":12,"turns":4},{"damage":11,"enemies":"Exordium Wildlife","floor":13,"turns":2},{"damage":0,"enemies":"Slime Boss","floor":16,"turns":4},{"damage":17,"enemies":"Shell Parasite","floor":18,"turns":4},{"damage":4,"enemies":"theJungle:MUSHROOMGANG","floor":19,"turns":3},{"damage":0,"enemies":"theJungle:Lyon","floor":21,"turns":3},{"damage":10,"enemies":"theJungle:Snecko_Cultist_And_Trap","floor":24,"turns":3},{"damage":3,"enemies":"theJungle:SlimyTreeVines","floor":25,"turns":3},{"damage":33,"enemies":"Snake Plant","floor":29,"turns":3},{"damage":57,"enemies":"Nightmare","floor":30,"turns":4}],"seed_played":"5615305746188608802","potions_obtained":[{"floor":1,"key":"BloodPotion"},{"floor":5,"key":"Swift Potion"},{"floor":7,"key":"Cursed Concoction"},{"floor":13,"key":"Block Potion"},{"floor":18,"key":"Elixir"},{"floor":21,"key":"Dexterity Potion"}],"is_trial":false,"path_per_floor":["M","?","M","M","M","R","M","T","T","E","M","E","M","?","R","B",null,"M","M","$","M","?","R","M","M","T","?","?","M","NM"],"character_chosen":"IRONCLAD","items_purchased":["Toolbox","King of Hearts","Metamorphosis"],"campfire_rested":2,"item_purchase_floors":[20,20,20],"current_hp_per_floor":[70,70,72,72,59,72,72,72,72,56,61,35,44,44,65,71,72,64,66,66,75,75,75,71,74,74,74,78,51,0,0],"gold":77,"neow_bonus":"TRANSFORM_TWO_CARDS","is_daily":false,"chose_seed":false,"campfire_upgraded":1,"win_rate":0.0,"timestamp":1614399315,"path_taken":["M","?","?","M","M","R","M","?","T","E","M","E","M","?","R","BOSS","M","?","$","M","?","R","M","M","T","?","?","?","NM"],"items_purchased_type":["Relic","Relic","Card"],"build_version":"2020-12-22","purchased_purges":0,"victory":false,"max_hp_per_floor":[72,72,72,72,72,72,72,72,72,72,72,72,72,72,72,72,72,75,75,75,78,78,78,78,78,78,78,78,78,78,78],"card_choices":[{"not_picked":["Flex","ReplayTheSpireMod:Limb From Limb"],"picked":"infinitespire:OneForAll","floor":1},{"not_picked":["Spot Weakness","Evolve"],"picked":"Inflame","floor":3},{"not_picked":["Shrug It Off","Entrench"],"picked":"Burning Pact","floor":4},{"not_picked":["Power Through","Warcry"],"picked":"Havoc","floor":5},{"not_picked":["Brutality","Replay:Undeath\u0027s Touch"],"picked":"Flex","floor":7},{"not_picked":["Warcry","Blood for Blood"],"picked":"Pummel","floor":10},{"not_picked":["ReplayTheSpireMod:Limb From Limb","ReplayTheSpireMod:LeadingStrike"],"picked":"Battle Trance","floor":11},{"not_picked":["Shrug It Off","True Grit","Twin Strike"],"picked":"SKIP","floor":12},{"not_picked":["Massacre","Twin Strike"],"picked":"ReplayTheSpireMod:Limb From Limb","floor":13},{"not_picked":["Juggernaut","Corruption"],"picked":"Feed","floor":16},{"not_picked":["Armaments","Bloodletting","Replay:Undeath\u0027s Touch"],"picked":"SKIP","floor":18},{"not_picked":["Replay:Undeath\u0027s Touch","Massacre+1","Iron Wave"],"picked":"SKIP","floor":19},{"not_picked":["Flame Barrier","Iron Wave"],"picked":"Metallicize+1","floor":21},{"not_picked":["Headbutt","Replay:Undeath\u0027s Touch"],"picked":"Infernal Blade","floor":24},{"not_picked":["Sword Boomerang","Shrug It Off"],"picked":"Shockwave","floor":25},{"not_picked":["Whirlwind","Run Through"],"picked":"Demon Form","floor":29}],"player_experience":304612,"relics_obtained":[{"floor":8,"key":"Vajra"},{"floor":9,"key":"Mummified Hand"},{"floor":10,"key":"hubris:GlazedTorus"},{"floor":12,"key":"Dream Catcher"},{"floor":26,"key":"Quantum Egg"}],"event_choices":[{"damage_healed":0,"gold_gain":0,"player_choice":"Rummage","damage_taken":0,"relics_obtained":["WarpedTongs"],"max_hp_gain":0,"max_hp_loss":0,"event_name":"Accursed Blacksmith","floor":2,"gold_loss":0,"cards_obtained":["Pain"]},{"cards_removed":["Pain"],"damage_healed":0,"gold_gain":0,"player_choice":"Removed Curses","damage_taken":0,"max_hp_gain":0,"max_hp_loss":0,"event_name":"Fountain of Cleansing","floor":14,"gold_loss":0}],"is_beta":false,"boss_relics":[{"not_picked":["Ooze Armor","Coffee Dripper"],"picked":"hubris:ScarierMask"}],"items_purged_floors":[],"is_endless":false,"potions_floor_spawned":[1,5,7,11,13,18,21,29],"killed_by":"Nightmare","ascension_level":1}}