{"host":"r4aerl4ckfvw1dw3","time":1614458815,"event":{"mods":["BaseMod","BetterRewards","Minty Spire (QoL Compilation)","Quick Restart","StSLib"],"gold_per_floor":[111,123,140,140,140,140,150,168,168,19,47,47,74,74,74,171,171,189,65,46,46,46,46,46,46],"floor_reached":24,"language":"ENG","playtime":1040,"items_purged":["Strike_B"],"score":381,"play_id":"9390ae3c-ea86-4a03-937f-8f554b43e42c","local_time":"20210227124655","is_ascension_mode":true,"campfire_choices":[{"floor":6,"key":"REST"},{"data":"Rainbow","floor":12,"key":"SMITH"},{"data":"Dualcast","floor":15,"key":"SMITH"},{"floor":23,"key":"REST"}],"circlet_count":0,"master_deck":["AscendersBane","Strike_B","Strike_B","Defend_B","Defend_B","Defend_B","Defend_B","Zap+1","Dualcast+1","Go for the Eyes","Conserve Battery","Coolheaded","Sweeping Beam","Barrage","Cold Snap","Rainbow+1","Buffer","Ball Lightning"],"relics":["Cracked Core","Juzu Bracelet","Singing Bowl","Runic Capacitor","HornCleat","PreservedInsect","Inserter","Calipers"],"acts_visited":["Exordium","TheCity"],"potions_floor_usage":[13],"damage_taken":[{"damage":8,"enemies":"2 Louse","floor":1,"turns":2},{"damage":0,"enemies":"Cultist","floor":2,"turns":3},{"damage":0,"enemies":"Jaw Worm","floor":3,"turns":3},{"damage":2,"enemies":"Blue Slaver","floor":7,"turns":5},{"damage":8,"enemies":"Lots of Slimes","floor":8,"turns":3},{"damage":11,"enemies":"Lagavulin","floor":11,"turns":8},{"damage":5,"enemies":"3 Sentries","floor":13,"turns":6},{"damage":0,"enemies":"Hexaghost","floor":16,"turns":9},{"damage":29,"enemies":"3 Byrds","floor":18,"turns":5},{"damage":12,"enemies":"2 Thieves","floor":20,"turns":4},{"damage":54,"enemies":"Gremlin Leader","floor":24,"turns":6}],"seed_played":"624820957119557248","potions_obtained":[{"floor":2,"key":"Regen Potion"},{"floor":3,"key":"PotionOfCapacity"},{"floor":18,"key":"PotionOfCapacity"}],"is_trial":false,"path_per_floor":["M","M","M","?","?","R","M","M","T","$","E","R","E","?","R","B",null,"M","$","M","T","?","R","E"],"character_chosen":"DEFECT","items_purchased":["Runic Capacitor","FocusPotion"],"campfire_rested":2,"item_purchase_floors":[10,19],"current_hp_per_floor":[60,60,60,53,35,57,55,47,47,47,36,36,47,47,47,47,70,41,41,31,31,31,54,0,0],"gold":46,"neow_bonus":"THREE_CARDS","is_daily":false,"chose_seed":false,"campfire_upgraded":2,"win_rate":0.0,"timestamp":1614458815,"path_taken":["M","M","M","?","?","R","M","M","T","$","E","R","E","?","R","BOSS","M","$","M","?","?","R","E"],"items_purchased_type":["Relic","Potion"],"build_version":"2020-12-22","purchased_purges":1,"victory":false,"max_hp_per_floor":[75,75,75,75,75,75,75,75,75,75,75,75,77,77,77,77,77,77,77,79,79,79,79,79,79],"card_choices":[{"not_picked":["Turbo","Rebound"],"picked":"Go for the Eyes","floor":0},{"not_picked":["Leap","Turbo"],"picked":"Conserve Battery","floor":1},{"not_picked":["Rebound","Redo"],"picked":"Coolheaded","floor":2},{"not_picked":["Self Repair","FTL"],"picked":"Sweeping Beam","floor":3},{"not_picked":["Hologram","Streamline"],"picked":"Barrage","floor":7},{"not_picked":["Chill","Barrage"],"picked":"Cold Snap","floor":8},{"not_picked":["Steam","Loop"],"picked":"Rainbow","floor":11},{"not_picked":["Self Repair","Static Discharge","Force Field"],"picked":"Singing Bowl","floor":13},{"not_picked":["Meteor Strike","Reboot"],"picked":"Buffer","floor":16},{"not_picked":["Sweeping Beam","Self Repair"],"picked":"Ball Lightning","floor":18},{"not_picked":["Sweeping Beam","Aggregate+1","Tempest"],"picked":"Singing Bowl","floor":20}],"player_experience":737086,"relics_obtained":[{"floor":9,"key":"Singing Bowl"},{"floor":11,"key":"HornCleat"},{"floor":13,"key":"PreservedInsect"},{"floor":21,"key":"Calipers"}],"event_choices":[{"cards_removed":["Strike_B"],"damage_healed":0,"gold_gain":0,"player_choice":"Card Removal","damage_taken":7,"max_hp_gain":0,"max_hp_loss":0,"event_name":"Golden Wing","floor":4,"gold_loss":0},{"damage_healed":0,"gold_gain":0,"player_choice":"Success","damage_taken":18,"relics_obtained":["Juzu Bracelet"],"max_hp_gain":0,"max_hp_loss":0,"event_name":"Scrap Ooze","floor":5,"gold_loss":0},{"damage_healed":0,"gold_gain":0,"player_choice":"Upgraded","damage_taken":0,"max_hp_gain":0,"max_hp_loss":0,"event_name":"Upgrade Shrine","floor":14,"gold_loss":0,"cards_upgraded":["Zap"]},{"damage_healed":0,"gold_gain":0,"player_choice":"Ignored","damage_taken":0,"max_hp_gain":0,"max_hp_loss":0,"event_name":"The Mausoleum","floor":22,"gold_loss":0}],"is_beta":false,"boss_relics":[{"not_picked":["Black Star","Snecko Eye"],"picked":"Inserter"}],"items_purged_floors":[19],"is_endless":false,"potions_floor_spawned":[2,3,18],"killed_by":"Gremlin Leader","ascension_level":10}}