{"host":"5tir6155jnoxijqh","time":1614407843,"event":{"mods":["Act Like it!","Arknights","BaseMod","Downfall","Hermit","Library of Ruina","Library of Ruina Extra","Minty Spire (QoL Compilation)","MostiFishMod","Shop Mod","Spicy Shops","StSLib","WarShipGirlsR/’ΩΩ¢…Ÿ≈ÆR mod"],"gold_per_floor":[113,131,56,75,21,49,49,107,107,125,125,125],"floor_reached":11,"language":"ZHS","playtime":631,"items_purged":["LightAttack"],"score":153,"play_id":"e47aeffa-f7c8-443d-bf66-6ccc8ad2a5e6","local_time":"20210227143723","is_ascension_mode":true,"campfire_choices":[{"data":"FlamingDragonFist","floor":7,"key":"SMITH"}],"circlet_count":0,"master_deck":["AscendersBane","Dodge","LightDefense","LightAttack","LightAttack","LightDefense","LightDefense","LightDefense","ChargeAndCover","FocusedStrikes","Deep Breath","SetFire","ViolentFlame","FlashOfSunup","ForTheFamily","FlamingDragonFist+1","BalefulBrand","ChiWen"],"relics":["PageOfLibrarian","DaveBox","Nloth\u0027s Gift","SynthV:TestCard","PageOfBigBird","Ancient Tea Set"],"acts_visited":["Exordium"],"potions_floor_usage":[6],"damage_taken":[{"damage":0,"enemies":"Cultist","floor":1,"turns":5},{"damage":12,"enemies":"Jaw Worm","floor":2,"turns":3},{"damage":2,"enemies":"Small Slimes","floor":4,"turns":3},{"damage":14,"enemies":"Gremlin Nob","floor":6,"turns":5},{"damage":7,"enemies":"Gremlin Nob","floor":8,"turns":3},{"damage":12,"enemies":"Gremlin Gang","floor":10,"turns":5},{"damage":25,"enemies":"Lagavulin","floor":11,"turns":5}],"seed_played":"163587190870159629","potions_obtained":[{"floor":2,"key":"Weak Potion"},{"floor":4,"key":"Swift Potion"}],"is_trial":false,"path_per_floor":["M","M","$","M","$","E","R","?","T","M","E"],"character_chosen":"Librarian","items_purchased":["ForTheFamily"],"campfire_rested":0,"item_purchase_floors":[5],"current_hp_per_floor":[54,42,42,42,42,28,28,21,21,9,0,0],"gold":125,"neow_bonus":"RANDOM_COLORLESS","is_daily":false,"chose_seed":false,"campfire_upgraded":1,"win_rate":0.0,"timestamp":1614407843,"path_taken":["M","M","$","M","$","E","R","?","T","M","E"],"items_purchased_type":["Card"],"build_version":"2020-12-22","purchased_purges":1,"victory":false,"max_hp_per_floor":[60,67,67,84,84,84,84,84,84,84,84,84],"card_choices":[{"not_picked":["Purity","Swift Strike"],"picked":"Deep Breath","floor":0},{"not_picked":["AlloutWar","Zzzzzap","Multislash","SunsetBlade","Diversion","FierceCharge","Unlock1","StrikeDown"],"picked":"SetFire","floor":1},{"not_picked":["SerpentSwordTechnique","RagingStormLove","FlyingSword","DevastatingThrash","SnakesPrey","AutomatedMovement","EnergyShield","DestructiveImpact","Reload","FocusFire"],"picked":"ViolentFlame","floor":2},{"not_picked":["Standoff","MindPrepared","Concentration","BurningFlash","RhinoRam","ChiWen","HandleRequest","EnergyConversion","Gigigig","TendonChords"],"picked":"FlashOfSunup","floor":4},{"not_picked":["LawAndOrder","AssaultOrder","ScratchThat","PinpointShot","FlowOfTheSword","SerpentSwordTechnique","WaitUp","EnergyBeam","Bvapour","ForcefulGesture"],"picked":"FlamingDragonFist","floor":6},{"not_picked":["BulkyImpact","Zzzzzap","HardRehearsal","EnergyStrike","Slice_lor","YoureAHindrance","LossOfSenses","Gigigig","GroundSmash","GreatSerpentsImpact"],"picked":"BalefulBrand","floor":8},{"not_picked":["EnergyCycle","SavageMode","DarkCloud","YouOnlyLiveOnce","HiddenBlade","AutomatedMovement","ShockRound","EnergyShield","BiteOff","StructuralAnalysis"],"picked":"ChiWen","floor":10}],"player_experience":443211,"relics_obtained":[{"floor":1,"key":"SynthV:TestCard"},{"floor":6,"key":"PageOfBigBird"},{"floor":8,"key":"Ancient Tea Set"}],"event_choices":[{"damage_healed":0,"gold_gain":30,"player_choice":"Searched \u00272\u0027 times","damage_taken":0,"max_hp_gain":0,"max_hp_loss":0,"event_name":"Dead Adventurer","floor":8,"gold_loss":0}],"is_beta":false,"boss_relics":[],"items_purged_floors":[3],"is_endless":false,"potions_floor_spawned":[2,4],"killed_by":"Lagavulin","ascension_level":15}}