{"host":"yqw1zpryoutrnocq","time":1614454776,"event":{"mods":["2.2 Compatiblity","AchievementEnabler","BaseMod","Colored Map","Custom Start","DeckTracker","Minty Spire (QoL Compilation)","StSLib","SuperFastMode"],"gold_per_floor":[363,101,101,51,63,95,110,110,110,110,138,155,171,17,17,17,17],"floor_reached":16,"language":"KOR","playtime":621,"items_purged":["Strike_R"],"score":176,"play_id":"568f38f6-90c1-4c8b-bd20-43badd38bace","local_time":"20210227133936","is_ascension_mode":true,"campfire_choices":[{"data":"True Grit","floor":8,"key":"SMITH"},{"data":"Uppercut","floor":10,"key":"SMITH"},{"data":"Body Slam","floor":15,"key":"SMITH"}],"circlet_count":0,"master_deck":["AscendersBane","Strike_R","Strike_R","Strike_R","Defend_R","Defend_R","Defend_R","Defend_R","Bash","Rage","Immolate+1","Feel No Pain","Uppercut+1","True Grit+1","Wild Strike","Warcry","Body Slam+1"],"relics":["Burning Blood","Bottled Tornado","Toy Ornithopter","Ice Cream","Membership Card"],"acts_visited":["Exordium"],"potions_floor_usage":[6,13],"damage_taken":[{"damage":11,"enemies":"2 Louse","floor":1,"turns":4},{"damage":2,"enemies":"Jaw Worm","floor":5,"turns":3},{"damage":24,"enemies":"Lagavulin","floor":6,"turns":4},{"damage":0,"enemies":"Cultist","floor":7,"turns":3},{"damage":33,"enemies":"Gremlin Nob","floor":11,"turns":5},{"damage":0,"enemies":"Exordium Thugs","floor":12,"turns":3},{"damage":2,"enemies":"Red Slaver","floor":13,"turns":3},{"damage":26,"enemies":"Hexaghost","floor":16,"turns":9}],"seed_played":"5917091137631643063","potions_obtained":[{"floor":1,"key":"BlessingOfTheForge"},{"floor":12,"key":"Weak Potion"}],"is_trial":false,"path_per_floor":["M","$","?","?","M","E","M","R","T","R","E","M","M","$","R","B"],"character_chosen":"IRONCLAD","items_purchased":["Immolate","Feel No Pain","Membership Card"],"campfire_rested":0,"item_purchase_floors":[2,2,14],"current_hp_per_floor":[46,46,46,46,50,32,38,38,38,38,11,17,26,26,26,0,0],"gold":17,"neow_bonus":"TWO_FIFTY_GOLD","is_daily":false,"chose_seed":false,"campfire_upgraded":3,"win_rate":0.0,"timestamp":1614454776,"path_taken":["M","$","?","?","M","E","M","R","T","R","E","M","M","?","R","BOSS"],"items_purchased_type":["Card","Card","Relic"],"build_version":"2020-12-22","purchased_purges":1,"victory":false,"max_hp_per_floor":[80,80,80,80,80,80,80,80,80,80,80,80,80,80,80,80,80],"card_choices":[{"not_picked":["Inflame","Flex"],"picked":"Rage","floor":1},{"not_picked":["Evolve","Inflame"],"picked":"Uppercut","floor":5},{"not_picked":["Rampage","Intimidate"],"picked":"True Grit","floor":6},{"not_picked":["Thunderclap","Carnage"],"picked":"Wild Strike","floor":7},{"not_picked":["Anger","Limit Break"],"picked":"Warcry","floor":11},{"not_picked":["Anger","Feel No Pain","Infernal Blade"],"picked":"SKIP","floor":12},{"not_picked":["Power Through","Cleave"],"picked":"Body Slam","floor":13}],"player_experience":374282,"relics_obtained":[{"floor":6,"key":"Bottled Tornado"},{"floor":9,"key":"Toy Ornithopter"},{"floor":11,"key":"Ice Cream"}],"event_choices":[{"damage_healed":0,"gold_gain":0,"player_choice":"Grow","damage_taken":0,"max_hp_gain":0,"max_hp_loss":0,"event_name":"Living Wall","floor":3,"gold_loss":0,"cards_upgraded":["Immolate"]},{"cards_removed":["Strike_R"],"damage_healed":0,"gold_gain":0,"player_choice":"Card Removal","damage_taken":0,"max_hp_gain":0,"max_hp_loss":0,"event_name":"The Cleric","floor":4,"gold_loss":50}],"is_beta":false,"boss_relics":[],"items_purged_floors":[2],"is_endless":false,"potions_floor_spawned":[1,12],"killed_by":"Hexaghost","ascension_level":12}}