{"host":"jsd6g3c2vo13e69c","time":1614455877,"event":{"mods":["2.2 Compatiblity","Act Like it!","BaseMod","Better Altar","Better Match","Better Note","Better Sensory Stone","Better Third Choice","BetterRewards","Colored Map","Colored Powertips","Downfall","Friendly Minions","GifTheSpireLib","Googly Eyes","Gremlin Mod","Hermit","Hubris","Infinite Spire","Melee Mod","Minty Spire (QoL Compilation)","Permanent Neow","Quick Restart","Random Character Button","Replay The Spire","Shop Mod","Spire Arcade","StSLib","The Cursed","The Disciple","The Forsaken","thorton"],"gold_per_floor":[199,212,225,243,260,278,303,303,315,315,349,371,271,288,317,323,323,323],"floor_reached":16,"language":"ENG","playtime":903,"items_purged":[],"score":108,"play_id":"55d3bad3-b08c-4602-b44f-7ba6834bcb7e","local_time":"20210227145757","is_ascension_mode":false,"campfire_choices":[{"data":"hexamod:Float","floor":1,"key":"SMITH"},{"data":"hexamod:RetreatToShadows","floor":10,"key":"SMITH"},{"data":"hexamod:BurningTouch","floor":13,"key":"SMITH"}],"circlet_count":0,"master_deck":["hexamod:Strike","hexamod:Strike","hexamod:Strike","hexamod:Strike","hexamod:Defend","hexamod:Defend","hexamod:Defend","hexamod:Defend","hexamod:Sear","hexamod:Float+1","hexamod:RetreatToShadows+1","hexamod:BurningTouch+1"],"relics":["hexamod:SpiritBrand","Akabeko","FaceOfCleric","Replay:Bandana","downfall:HeartBlessingGreen"],"acts_visited":["Exordium"],"potions_floor_usage":[6,11,16,16,16],"damage_taken":[{"damage":0,"enemies":"Jaw Worm","floor":2,"turns":3},{"damage":4,"enemies":"Cultist","floor":3,"turns":4},{"damage":0,"enemies":"Small Slimes","floor":4,"turns":3},{"damage":6,"enemies":"Exordium Thugs","floor":5,"turns":6},{"damage":9,"enemies":"Exordium Wildlife","floor":6,"turns":5},{"damage":1,"enemies":"Large Slime","floor":9,"turns":4},{"damage":16,"enemies":"3 Sentries","floor":11,"turns":10},{"damage":2,"enemies":"Blue Slaver","floor":12,"turns":4},{"damage":3,"enemies":"Exordium Thugs","floor":14,"turns":4},{"damage":1,"enemies":"2 Fungi Beasts","floor":15,"turns":4},{"damage":43,"enemies":"DF_ARCHETYPE_STREAMLINE","floor":16,"turns":9}],"seed_played":"410550998842190015","potions_obtained":[{"floor":2,"key":"SpeedPotion"},{"floor":4,"key":"BlessingOfTheForge"},{"floor":6,"key":"Weak Potion"},{"floor":14,"key":"Venom Potion"},{"floor":15,"key":"LiquidMemories"}],"is_trial":false,"path_per_floor":["R_BF","M","M","M","M","M","T","?","M","R","E","M","R","M","M","B"],"character_chosen":"THE_SPIRIT","items_purchased":[],"campfire_rested":0,"item_purchase_floors":[],"current_hp_per_floor":[70,70,66,66,60,51,51,51,51,51,36,35,35,33,33,0,0,0],"gold":323,"neow_bonus":"HUNDRED_GOLD","is_daily":false,"chose_seed":false,"campfire_upgraded":3,"win_rate":0.0,"timestamp":1614455877,"path_taken":["R_BF","M","M","M","M","M","T","?","M","R","E","M","R","?","M","BOSS"],"items_purchased_type":[],"build_version":"2020-12-22","purchased_purges":0,"victory":false,"max_hp_per_floor":[70,70,70,70,70,70,70,70,71,71,72,73,73,74,75,75,75,75],"card_choices":[{"not_picked":["hexamod:FlamesFromBeyond","hexamod:Firestarter"],"picked":"hexamod:RetreatToShadows","floor":2},{"not_picked":["hexamod:SpectersWail","hexamod:Hexaguard","hexamod:HeatMetal"],"picked":"SKIP","floor":3},{"not_picked":["hexamod:SuperheatedStrike","hexamod:InspiringFlames","hexamod:SkipABeat"],"picked":"SKIP","floor":4},{"not_picked":["hexamod:HeatMetal","hexamod:SpectralSpark"],"picked":"hexamod:BurningTouch","floor":5},{"not_picked":["hexamod:NightmareGuise","hexamod:AdvancingGuard","hexamod:Hexaguard"],"picked":"SKIP","floor":6},{"not_picked":["hexamod:SwordOfDarkness","hexamod:SpectralAdrenaline","hexamod:SuperheatedStrike"],"picked":"SKIP","floor":9},{"not_picked":["hexamod:AdvancingGuard","hexamod:ThirdSeal","hexamod:EtherealExpedition"],"picked":"SKIP","floor":11},{"not_picked":["hexamod:HeatMetal","hexamod:SwordOfDarkness","hexamod:WildfireWeapon"],"picked":"SKIP","floor":12},{"not_picked":["hexamod:HauntingEcho","hexamod:NightmareStrike","hexamod:HeatMetal"],"picked":"SKIP","floor":14},{"not_picked":["hexamod:GhostLash","hexamod:NightmareGuise","hexamod:HeatMetal"],"picked":"SKIP","floor":15}],"player_experience":549965,"relics_obtained":[{"floor":7,"key":"Akabeko"},{"floor":11,"key":"Replay:Bandana"}],"event_choices":[{"damage_healed":0,"gold_gain":0,"player_choice":"Trade","damage_taken":0,"relics_obtained":["FaceOfCleric"],"max_hp_gain":0,"max_hp_loss":0,"event_name":"FaceTrader","floor":8,"gold_loss":0}],"is_beta":false,"boss_relics":[],"items_purged_floors":[],"is_endless":false,"potions_floor_spawned":[2,4,6,14,15],"killed_by":"DF_ARCHETYPE_STREAMLINE","ascension_level":0}}