{"host":"sav7uxregyirlf69","time":1614387475,"event":{"mods":["AchievementEnabler","BaseMod","Colored Map","DeckTracker","Keyboard Shortcuts","Minty Spire (QoL Compilation)","READ ME - Guardian Mod","StSLib","SuperFastMode"],"gold_per_floor":[16,31,31,54,54,68,68,411,411,411,435,435,435,448,448,543,606,627,26,26,26,95,95,95],"floor_reached":23,"language":"KOR","playtime":423,"items_purged":["Strike_R"],"score":382,"play_id":"554fd81b-1731-4c10-8de0-aa1d747976d0","local_time":"20210227095755","is_ascension_mode":true,"campfire_choices":[{"data":"Bash","floor":7,"key":"SMITH"},{"data":"Rage","floor":10,"key":"SMITH"},{"data":"Combust","floor":12,"key":"SMITH"},{"data":"Master of Strategy","floor":15,"key":"SMITH"}],"circlet_count":0,"master_deck":["AscendersBane","Strike_R","Strike_R","Strike_R","Strike_R","Defend_R","Defend_R+1","Defend_R","Defend_R","Bash+1","Master of Strategy+1","Anger+1","Combust+1","Shrug It Off","Rage+1","Reaper","Impervious","Rupture","Burning Pact"],"relics":["Burning Blood","Golden Idol","Shuriken","Old Coin","Magic Flower","Tiny House","Bag of Marbles","Mercury Hourglass","SsserpentHead"],"acts_visited":["Exordium","TheCity"],"potions_floor_usage":[11,16,16,23],"damage_taken":[{"damage":2,"enemies":"Small Slimes","floor":1,"turns":6},{"damage":7,"enemies":"Jaw Worm","floor":2,"turns":4},{"damage":0,"enemies":"Cultist","floor":4,"turns":2},{"damage":1,"enemies":"Exordium Wildlife","floor":6,"turns":3},{"damage":29,"enemies":"3 Sentries","floor":8,"turns":7},{"damage":12,"enemies":"Lots of Slimes","floor":11,"turns":4},{"damage":9,"enemies":"Gremlin Gang","floor":14,"turns":3},{"damage":46,"enemies":"Slime Boss","floor":16,"turns":10},{"damage":41,"enemies":"Shell Parasite","floor":18,"turns":6},{"damage":19,"enemies":"3 Byrds","floor":22,"turns":4},{"damage":56,"enemies":"Book of Stabbing","floor":23,"turns":5}],"seed_played":"-1763491812354230838","potions_obtained":[{"floor":2,"key":"BloodPotion"},{"floor":8,"key":"HeartOfIron"},{"floor":11,"key":"BlessingOfTheForge"},{"floor":14,"key":"BloodPotion"},{"floor":17,"key":"GamblersBrew"},{"floor":18,"key":"SneckoOil"}],"is_trial":false,"path_per_floor":["M","M","?","M","T","M","R","E","T","R","M","R","?","M","R","B",null,"M","$","$","?","M","E"],"character_chosen":"IRONCLAD","items_purchased":["Rupture","Bag of Marbles","Mercury Hourglass"],"campfire_rested":0,"item_purchase_floors":[19,19,19],"current_hp_per_floor":[72,71,45,51,51,56,56,33,33,33,45,45,45,45,45,43,72,40,40,40,40,44,0,0],"gold":95,"neow_bonus":"RANDOM_COLORLESS_2","is_daily":false,"chose_seed":false,"campfire_upgraded":4,"win_rate":0.0,"timestamp":1614387475,"path_taken":["M","M","?","M","?","?","R","E","T","R","M","R","?","M","R","BOSS","M","?","$","?","?","E"],"items_purchased_type":["Card","Relic","Relic"],"build_version":"2020-12-22","purchased_purges":1,"victory":false,"max_hp_per_floor":[75,75,75,75,75,75,75,75,75,75,75,75,75,75,75,75,80,80,80,80,80,80,80,80],"card_choices":[{"not_picked":["Metamorphosis","Panache"],"picked":"Master of Strategy","floor":0},{"not_picked":["Ghostly Armor","Cleave"],"picked":"Anger","floor":1},{"not_picked":["True Grit","Warcry","Thunderclap"],"picked":"SKIP","floor":2},{"not_picked":["Flex","Anger"],"picked":"Combust","floor":4},{"not_picked":["Thunderclap","Havoc"],"picked":"Shrug It Off","floor":6},{"not_picked":["Limit Break","Shrug It Off"],"picked":"Rage","floor":8},{"not_picked":["Heavy Blade","Warcry","Rampage"],"picked":"SKIP","floor":11},{"not_picked":["Warcry","Dual Wield"],"picked":"Reaper","floor":14},{"not_picked":["Double Tap","Exhume"],"picked":"Impervious","floor":16},{"not_picked":["Iron Wave","Headbutt","Perfected Strike"],"picked":"SKIP","floor":18},{"not_picked":["Flex","Warcry"],"picked":"Burning Pact","floor":22}],"player_experience":1714634,"relics_obtained":[{"floor":5,"key":"Shuriken"},{"floor":8,"key":"Old Coin"},{"floor":9,"key":"Magic Flower"}],"event_choices":[{"damage_healed":0,"gold_gain":0,"player_choice":"Take Damage","damage_taken":26,"relics_obtained":["Golden Idol"],"max_hp_gain":0,"max_hp_loss":0,"event_name":"Golden Idol","floor":3,"gold_loss":0},{"damage_healed":0,"gold_gain":0,"player_choice":"Forge","damage_taken":0,"max_hp_gain":0,"max_hp_loss":0,"event_name":"Accursed Blacksmith","floor":13,"gold_loss":0,"cards_upgraded":["Anger"]},{"damage_healed":0,"gold_gain":0,"player_choice":"Trade","damage_taken":0,"relics_obtained":["SsserpentHead"],"max_hp_gain":0,"max_hp_loss":0,"event_name":"FaceTrader","floor":21,"gold_loss":0}],"is_beta":false,"boss_relics":[{"not_picked":["Ectoplasm","SlaversCollar"],"picked":"Tiny House"}],"items_purged_floors":[19],"is_endless":false,"potions_floor_spawned":[2,8,11,14,18],"killed_by":"Book of Stabbing","ascension_level":20}}