{"host":"jngeqill3bw7azzz","time":1614437862,"event":{"mods":["BaseMod","Highlight Path","Minty Spire (QoL Compilation)","Permanent Neow","Relic Stats"],"gold_per_floor":[19,19,35,5,25,50,50,79,134,167,92,92,104,122,122,122,122],"floor_reached":16,"language":"ENG","playtime":854,"items_purged":[],"score":240,"play_id":"e85c1405-fa0d-475d-bff6-35df8e00e078","local_time":"20210227095742","is_ascension_mode":true,"campfire_choices":[{"data":"Uppercut","floor":7,"key":"SMITH"},{"data":"Shrug It Off","floor":15,"key":"SMITH"}],"circlet_count":0,"master_deck":["AscendersBane","Strike_R","Strike_R","Defend_R","Defend_R","Defend_R","Bash","Warcry","Uppercut+1","Pommel Strike","Shrug It Off+1","Anger","Corruption","Exhume","Dark Embrace","Feed"],"relics":["Burning Blood","Self Forming Clay","Bag of Preparation","Dream Catcher","Anchor","Regal Pillow"],"acts_visited":["Exordium"],"potions_floor_usage":[6,10],"damage_taken":[{"damage":4,"enemies":"2 Louse","floor":1,"turns":4},{"damage":1,"enemies":"Cultist","floor":3,"turns":4},{"damage":9,"enemies":"Small Slimes","floor":5,"turns":4},{"damage":19,"enemies":"Gremlin Nob","floor":6,"turns":4},{"damage":10,"enemies":"Lagavulin","floor":8,"turns":7},{"damage":6,"enemies":"Gremlin Nob","floor":10,"turns":3},{"damage":3,"enemies":"Looter","floor":13,"turns":3},{"damage":6,"enemies":"3 Louse","floor":14,"turns":5},{"damage":40,"enemies":"The Guardian","floor":16,"turns":7}],"seed_played":"-4763813162488595908","potions_obtained":[{"floor":3,"key":"ColorlessPotion"},{"floor":6,"key":"SteroidPotion"},{"floor":10,"key":"FearPotion"},{"floor":13,"key":"BloodPotion"}],"is_trial":false,"path_per_floor":["M","?","M","$","M","E","R","E","T","E","?","?","M","M","R","B"],"character_chosen":"IRONCLAD","items_purchased":["Shrug It Off"],"campfire_rested":0,"item_purchase_floors":[4],"current_hp_per_floor":[70,70,75,75,72,59,59,55,55,55,55,48,51,51,51,11,11],"gold":122,"neow_bonus":"TRANSFORM_TWO_CARDS","is_daily":false,"chose_seed":false,"campfire_upgraded":2,"win_rate":0.0,"timestamp":1614437862,"path_taken":["M","?","?","?","M","E","R","E","T","E","?","?","M","M","R","BOSS"],"items_purchased_type":["Card"],"build_version":"2020-12-22","purchased_purges":0,"victory":false,"max_hp_per_floor":[75,75,75,75,75,75,75,75,75,75,75,75,75,75,75,75,75],"relic_stats":{"Dream Catcher":0,"Regal Pillow":0,"counters":[9,41],"Self Forming Clay":[39],"Bag of Preparation":[10],"obtain_stats":[{"Dream Catcher":8,"Anchor":9,"Regal Pillow":10,"Self Forming Clay":2,"Bag of Preparation":6,"Burning Blood":0},{"Dream Catcher":5,"Anchor":5,"Regal Pillow":6,"Self Forming Clay":1,"Bag of Preparation":4,"Burning Blood":0},{"Dream Catcher":23,"Anchor":23,"Regal Pillow":26,"Self Forming Clay":4,"Bag of Preparation":16,"Burning Blood":0}],"Burning Blood":48},"card_choices":[{"not_picked":["Clash","Power Through"],"picked":"Uppercut","floor":1},{"not_picked":["Fire Breathing","Dark Embrace"],"picked":"Pommel Strike","floor":3},{"not_picked":["Feel No Pain","Metallicize"],"picked":"Anger","floor":5},{"not_picked":["Dual Wield","Cleave"],"picked":"Corruption","floor":6},{"not_picked":["Anger","Reckless Charge"],"picked":"Exhume","floor":8},{"not_picked":["Twin Strike","Perfected Strike","Sword Boomerang"],"picked":"SKIP","floor":10},{"not_picked":["Heavy Blade","Cleave"],"picked":"Dark Embrace","floor":13},{"not_picked":["Perfected Strike","Heavy Blade"],"picked":"Feed","floor":14}],"player_experience":2701235,"relics_obtained":[{"floor":6,"key":"Bag of Preparation"},{"floor":8,"key":"Dream Catcher"},{"floor":9,"key":"Anchor"},{"floor":10,"key":"Regal Pillow"}],"event_choices":[{"cards_removed":["Pummel"],"damage_healed":0,"gold_gain":0,"player_choice":"Gave Card","damage_taken":0,"relics_obtained":["Self Forming Clay"],"max_hp_gain":0,"max_hp_loss":0,"event_name":"WeMeetAgain","floor":2,"gold_loss":0},{"cards_removed":["Strike_R"],"damage_healed":0,"gold_gain":0,"player_choice":"Card Removal","damage_taken":0,"max_hp_gain":0,"max_hp_loss":0,"event_name":"The Cleric","floor":11,"gold_loss":75},{"cards_removed":["Strike_R"],"damage_healed":0,"gold_gain":0,"player_choice":"Card Removal","damage_taken":7,"max_hp_gain":0,"max_hp_loss":0,"event_name":"Golden Wing","floor":12,"gold_loss":0}],"is_beta":false,"boss_relics":[],"items_purged_floors":[],"is_endless":false,"potions_floor_spawned":[3,6,10,13],"killed_by":"The Guardian","ascension_level":20}}