{"host":"x4954lblgztusody","time":1614393920,"event":{"mods":["BaseMod","Colored Map","Curses Come First","Minty Spire (QoL Compilation)","Rare Cards Sparkle","StSLib"],"gold_per_floor":[116,66,83,93,93,93,93,128,155,155,28,40,68,80,80,175,175,186,201,116,116,116,145,145,145,145,145,34,34,34],"floor_reached":29,"language":"ENG","playtime":940,"items_purged":["Strike_B","Decay"],"score":299,"play_id":"a5e0cb08-ff35-4247-ae40-a9a15b275afd","local_time":"20210226184520","is_ascension_mode":true,"campfire_choices":[{"floor":6.0,"key":"REST"},{"floor":10.0,"key":"REST"},{"data":"Coolheaded","floor":15.0,"key":"SMITH"},{"floor":27,"key":"REST"}],"circlet_count":0,"master_deck":["Strike_B","Defend_B","Defend_B","Zap+1","Dualcast","Sweeping Beam+1","Genetic Algorithm","Coolheaded+1","Electrodynamics","Cold Snap","Echo Form","Fusion","Ghostly","Ghostly","Ghostly","Ghostly","Ghostly","Capacitor","Necronomicurse","Self Repair"],"relics":["Cracked Core","Boot","Ancient Tea Set","The Courier","Nuclear Battery","Prayer Wheel","Bronze Scales","Necronomicon","Smiling Mask"],"acts_visited":["Exordium","TheCity"],"potions_floor_usage":[],"damage_taken":[{"damage":1.0,"enemies":"Small Slimes","floor":1.0,"turns":3.0},{"damage":5.0,"enemies":"2 Louse","floor":3.0,"turns":2.0},{"damage":8.0,"enemies":"Jaw Worm","floor":4.0,"turns":4.0},{"damage":13.0,"enemies":"Gremlin Nob","floor":8.0,"turns":3.0},{"damage":1.0,"enemies":"2 Fungi Beasts","floor":12.0,"turns":2.0},{"damage":2.0,"enemies":"Lagavulin","floor":13.0,"turns":4.0},{"damage":0.0,"enemies":"3 Louse","floor":14.0,"turns":1.0},{"damage":28.0,"enemies":"The Guardian","floor":16.0,"turns":12.0},{"damage":0.0,"enemies":"3 Byrds","floor":18.0,"turns":1.0},{"damage":10.0,"enemies":"Chosen","floor":19.0,"turns":4.0},{"damage":18.0,"enemies":"Gremlin Leader","floor":23.0,"turns":8.0},{"damage":14,"enemies":"Sentry and Sphere","floor":29,"turns":7}],"seed_played":"-6907381607141434465","potions_obtained":[{"floor":1.0,"key":"GamblersBrew"},{"floor":8.0,"key":"PowerPotion"},{"floor":14.0,"key":"Fruit Juice"}],"is_trial":false,"path_per_floor":["M","?","M","M","?","R","?","E","T","R","$","M","E","M","R","B",null,"M","M","?","?","?","E","?","?","T","R","$","M"],"character_chosen":"DEFECT","items_purchased":["AttackPotion","Self Repair"],"campfire_rested":3,"item_purchase_floors":[11,28],"current_hp_per_floor":[53,53,48,40,25,47,40,27,27,49,49,48,46,46,46,18,75,75,65,65,65,37,19,3,3,3,14,14,0,0],"gold":34,"neow_bonus":"REMOVE_TWO","is_daily":false,"chose_seed":false,"campfire_upgraded":1,"win_rate":0.0,"timestamp":1614393920,"path_taken":["M","?","M","M","?","R","?","E","T","R","$","M","E","M","R","BOSS","M","M","?","?","?","E","?","?","T","R","$","M"],"items_purchased_type":["Potion","Card"],"build_version":"2020-12-22","purchased_purges":2,"victory":false,"max_hp_per_floor":[75,75,75,75,75,75,75,75,75,75,75,75,75,75,75,75,75,75,75,75,75,37,37,37,37,37,37,37,37,37],"card_choices":[{"not_picked":["FTL","Go for the Eyes"],"picked":"Sweeping Beam","floor":1.0},{"not_picked":["Stack","Reprogram","Heatsinks"],"picked":"SKIP","floor":3.0},{"not_picked":["Rebound","Compile Driver"],"picked":"Genetic Algorithm","floor":4.0},{"not_picked":["Sweeping Beam","Leap","Skim"],"picked":"SKIP","floor":8.0},{"not_picked":["Lockon","Auto Shields"],"picked":"Coolheaded","floor":12.0},{"not_picked":["Recycle","Coolheaded"],"picked":"Electrodynamics","floor":13.0},{"not_picked":["Sweeping Beam","Blizzard"],"picked":"Cold Snap","floor":14.0},{"not_picked":["All For One","Multi-Cast"],"picked":"Echo Form","floor":16.0},{"not_picked":["Rebound+1","Streamline+1"],"picked":"Fusion","floor":18.0},{"not_picked":["Beam Cell","Streamline","Lockon"],"picked":"SKIP","floor":19.0},{"not_picked":["Coolheaded","Compile Driver"],"picked":"Capacitor","floor":23.0}],"player_experience":64791,"relics_obtained":[{"floor":8.0,"key":"Boot"},{"floor":9.0,"key":"Ancient Tea Set"},{"floor":13.0,"key":"The Courier"},{"floor":23.0,"key":"Bronze Scales"},{"floor":24.0,"key":"Necronomicon"},{"floor":26,"key":"Smiling Mask"}],"event_choices":[{"cards_removed":["Strike_B"],"damage_healed":0.0,"max_hp_gain":0.0,"max_hp_loss":0.0,"gold_gain":0.0,"event_name":"The Cleric","player_choice":"Card Removal","floor":2.0,"gold_loss":50.0,"damage_taken":0.0},{"damage_healed":0.0,"max_hp_gain":0.0,"max_hp_loss":0.0,"gold_gain":0.0,"event_name":"Shining Light","player_choice":"Entered Light","floor":5.0,"gold_loss":0.0,"damage_taken":15.0,"cards_upgraded":["Zap","Sweeping Beam"]},{"cards_removed":["Defend_B"],"damage_healed":0.0,"max_hp_gain":0.0,"max_hp_loss":0.0,"gold_gain":0.0,"event_name":"Golden Wing","player_choice":"Card Removal","floor":7.0,"gold_loss":0.0,"damage_taken":7.0},{"damage_healed":0.0,"max_hp_gain":0.0,"max_hp_loss":0.0,"gold_gain":0.0,"event_name":"Addict","player_choice":"Obtained Relic","floor":20.0,"gold_loss":85.0,"damage_taken":0.0,"relics_obtained":["Prayer Wheel"]},{"damage_healed":0.0,"max_hp_gain":0.0,"max_hp_loss":0.0,"gold_gain":0.0,"event_name":"Vampires","player_choice":"Ignored","floor":21.0,"gold_loss":0.0,"damage_taken":0.0},{"damage_healed":0.0,"max_hp_gain":0.0,"max_hp_loss":38.0,"gold_gain":0.0,"event_name":"Ghosts","player_choice":"Became a Ghost","floor":22.0,"gold_loss":0.0,"damage_taken":0.0,"cards_obtained":["Ghostly","Ghostly","Ghostly","Ghostly","Ghostly"]},{"damage_healed":0.0,"max_hp_gain":0.0,"max_hp_loss":0.0,"gold_gain":0.0,"event_name":"Cursed Tome","player_choice":"Obtained Book","floor":24.0,"gold_loss":0.0,"damage_taken":16.0},{"damage_healed":0,"gold_gain":0,"player_choice":"Smashed Altar","damage_taken":0,"max_hp_gain":0,"max_hp_loss":0,"event_name":"Forgotten Altar","floor":25,"gold_loss":0,"cards_obtained":["Decay"]}],"is_beta":false,"boss_relics":[{"not_picked":["Snecko Eye","SacredBark"],"picked":"Nuclear Battery"}],"items_purged_floors":[11,28],"is_endless":false,"potions_floor_spawned":[1,8,14],"killed_by":"Sentry and Sphere","ascension_level":2}}