{"host":"Patyk","time":1614458034,"event":{"mods":["BaseMod","Block Reminder","Colored Map","Colored Powertips","Downfall","Hermit","Highlight Path","Infinite Spire","Minty Spire (QoL Compilation)","Replay The Spire","StSLib","The Jungle"],"gold_per_floor":[99,114,134,145,145,161,234,234,261,261,261,261,261],"floor_reached":11,"language":"ENG","playtime":583,"items_purged":[],"score":73,"play_id":"a051db44-25df-4c21-825f-1275e9447352","local_time":"20210227213354","is_ascension_mode":false,"campfire_choices":[{"data":"champ:Taunt","floor":1,"key":"SMITH"},{"data":"champ:CrownThrow","floor":8,"key":"SMITH"}],"circlet_count":0,"master_deck":["champ:Strike+1","champ:Strike","champ:Strike+1","champ:Strike+1","champ:Defend","champ:Defend","champ:Defend","champ:Defend","champ:Execute+1","champ:Taunt+1","champ:SkillfulDodge","champ:RapidStrikes","champ:TripleStrike+1","downfall:Malfunctioning","champ:CrownThrow+1","champ:IronFortress"],"relics":["champ:ChampionCrown","InkBottle","Whetstone","Toxic Egg 2"],"acts_visited":["Exordium"],"potions_floor_usage":[9,10,11],"damage_taken":[{"damage":28,"enemies":"Jaw Worm","floor":2,"turns":4},{"damage":10,"enemies":"2 Louse","floor":3,"turns":3},{"damage":22,"enemies":"Small Slimes","floor":4,"turns":4},{"damage":44,"enemies":"Gremlin Gang","floor":6,"turns":5},{"damage":34,"enemies":"3 Sentries","floor":9,"turns":9},{"damage":23,"enemies":"Lagavulin","floor":11,"turns":5}],"seed_played":"5955761939369841845","potions_obtained":[{"floor":4,"key":"Elixir"},{"floor":6,"key":"Elixir"},{"floor":9,"key":"Fruit Juice"}],"is_trial":false,"path_per_floor":["R","M","M","M","?","M","T","R","E","?","E"],"character_chosen":"THE_CHAMP","items_purchased":[],"campfire_rested":0,"item_purchase_floors":[],"current_hp_per_floor":[99,91,91,89,89,65,65,65,36,23,0,0,0],"gold":261,"neow_bonus":"TEN_PERCENT_HP_BONUS","is_daily":false,"chose_seed":false,"campfire_upgraded":2,"win_rate":0.0,"timestamp":1614458034,"path_taken":["R","M","M","M","?","M","T","R","E","?","E"],"items_purchased_type":[],"build_version":"2020-11-17","purchased_purges":0,"victory":false,"max_hp_per_floor":[99,99,99,99,99,99,99,99,99,104,104,104,104],"card_choices":[{"not_picked":["champ:Endure","champ:EnGarde"],"picked":"champ:SkillfulDodge","floor":2},{"not_picked":["champ:Shatter","champ:EnGarde"],"picked":"champ:RapidStrikes","floor":3},{"not_picked":["champ:GutPunch","champ:HeartStrike"],"picked":"champ:TripleStrike","floor":4},{"not_picked":["champ:FlashCut","champ:BerserkersShout"],"picked":"champ:CrownThrow","floor":6},{"not_picked":["champ:Circumvent","champ:RapidStrikes"],"picked":"champ:IronFortress","floor":9}],"player_experience":109171,"relics_obtained":[{"floor":7,"key":"InkBottle"},{"floor":9,"key":"Whetstone"}],"event_choices":[{"damage_healed":0,"gold_gain":0,"player_choice":"Success","damage_taken":18,"relics_obtained":["Toxic Egg 2"],"max_hp_gain":0,"max_hp_loss":0,"event_name":"Scrap Ooze","floor":10,"gold_loss":0}],"is_beta":true,"boss_relics":[],"items_purged_floors":[],"is_endless":false,"potions_floor_spawned":[4,6,9],"killed_by":"Lagavulin","ascension_level":0}}