{"host":"acp8fcjw1lwgtbwr","time":1614402181,"event":{"mods":["AchievementEnabler","BaseMod","Colored Map","Colored Powertips","Highlight Path","Minty Spire (QoL Compilation)","StSLib"],"gold_per_floor":[15,15,15,27,202,202,212,212,212,244,319,319,329,27,27,128,128,143,155,255,268,268,300,319,418,418,431,431,431,431],"floor_reached":29,"language":"ENG","playtime":1713,"items_purged":["Doubt"],"score":377,"play_id":"d5fbaa92-53cd-4e8f-9dc1-67d6e8aca2e5","local_time":"20210227000301","is_ascension_mode":true,"campfire_choices":[{"data":"Predator","floor":6,"key":"SMITH"},{"data":"Quick Slash","floor":8,"key":"SMITH"},{"data":"Skewer","floor":12,"key":"SMITH"},{"floor":15,"key":"REST"},{"floor":28,"key":"REST"}],"circlet_count":0,"master_deck":["AscendersBane","Strike_G","Strike_G","Strike_G+1","Defend_G+1","Defend_G","Defend_G","Defend_G","Defend_G","Survivor","Neutralize+1","Quick Slash+1","Predator+1","Skewer+1","Blur","Well Laid Plans","Envenom","Catalyst","Leg Sweep+1","Flying Knee+1","Caltrops"],"relics":["Ring of the Snake","Bronze Scales","TwistedFunnel","Sozu","Thread and Needle","Shuriken","Letter Opener"],"acts_visited":["Exordium","TheCity"],"potions_floor_usage":[10,21],"damage_taken":[{"damage":0,"enemies":"Small Slimes","floor":1,"turns":4},{"damage":0,"enemies":"2 Louse","floor":4,"turns":3},{"damage":0,"enemies":"Cultist","floor":7,"turns":3},{"damage":18,"enemies":"Gremlin Nob","floor":10,"turns":4},{"damage":0,"enemies":"Exordium Thugs","floor":13,"turns":4},{"damage":29,"enemies":"Hexaghost","floor":16,"turns":12},{"damage":12,"enemies":"Shell Parasite","floor":18,"turns":7},{"damage":17,"enemies":"2 Thieves","floor":19,"turns":3},{"damage":10,"enemies":"Snecko","floor":21,"turns":7},{"damage":6,"enemies":"Book of Stabbing","floor":23,"turns":7},{"damage":0,"enemies":"3 Cultists","floor":24,"turns":5},{"damage":11,"enemies":"Snake Plant","floor":27,"turns":3},{"damage":28,"enemies":"Slavers","floor":29,"turns":4}],"seed_played":"-7970588568238979013","potions_obtained":[{"floor":4,"key":"Regen Potion"},{"floor":7,"key":"Ancient Potion"}],"is_trial":false,"path_per_floor":["M","?","?","M","?","R","M","R","T","E","?","R","M","$","R","B",null,"M","M","?","M","T","E","M","?","T","M","R","E"],"character_chosen":"THE_SILENT","items_purchased":["TwistedFunnel","Well Laid Plans"],"campfire_rested":2,"item_purchase_floors":[14,14],"current_hp_per_floor":[63,63,49,49,49,49,49,49,49,43,32,32,32,32,53,24,59,47,30,30,20,20,14,14,14,14,3,24,0,0],"gold":431,"neow_bonus":"REMOVE_TWO","is_daily":false,"chose_seed":false,"campfire_upgraded":3,"win_rate":0.0,"timestamp":1614402181,"path_taken":["M","?","?","M","?","R","M","R","T","E","?","R","M","?","R","BOSS","M","M","?","?","?","E","M","?","T","M","R","E"],"items_purchased_type":["Relic","Card"],"build_version":"2020-12-22","purchased_purges":1,"victory":false,"max_hp_per_floor":[70,70,70,70,70,70,70,70,70,70,70,70,70,70,70,70,70,70,70,70,70,70,70,70,70,70,70,70,70,70],"card_choices":[{"not_picked":["Slice","Dodge and Roll"],"picked":"Quick Slash","floor":1},{"not_picked":["Acrobatics","Prepared"],"picked":"Predator","floor":4},{"not_picked":["Backflip","Reflex","Dodge and Roll"],"picked":"SKIP","floor":7},{"not_picked":["Outmaneuver","Deadly Poison"],"picked":"Skewer","floor":10},{"not_picked":["Underhanded Strike","Blade Dance"],"picked":"Blur","floor":13},{"not_picked":["Wraith Form v2","Malaise"],"picked":"Envenom","floor":16},{"not_picked":["Bane","Dagger Spray"],"picked":"Catalyst","floor":18},{"not_picked":["Flying Knee","Dagger Spray"],"picked":"Leg Sweep+1","floor":19},{"not_picked":["Deadly Poison","Prepared"],"picked":"Flying Knee+1","floor":21},{"not_picked":["Slice","Concentrate+1","Cloak And Dagger"],"picked":"SKIP","floor":23},{"not_picked":["Blade Dance","Dagger Throw+1"],"picked":"Caltrops","floor":24},{"not_picked":["Blade Dance","Outmaneuver","Setup"],"picked":"SKIP","floor":27}],"player_experience":2640227,"relics_obtained":[{"floor":10,"key":"Bronze Scales"},{"floor":22,"key":"Thread and Needle"},{"floor":23,"key":"Shuriken"},{"floor":26,"key":"Letter Opener"}],"event_choices":[{"damage_healed":0,"gold_gain":0,"player_choice":"Grow","damage_taken":0,"max_hp_gain":0,"max_hp_loss":0,"event_name":"Living Wall","floor":2,"gold_loss":0,"cards_upgraded":["Neutralize"]},{"damage_healed":0,"gold_gain":0,"player_choice":"Entered Light","damage_taken":14,"max_hp_gain":0,"max_hp_loss":0,"event_name":"Shining Light","floor":3,"gold_loss":0,"cards_upgraded":["Defend_G","Strike_G"]},{"damage_healed":0,"gold_gain":175,"player_choice":"AGREE","damage_taken":0,"max_hp_gain":0,"max_hp_loss":0,"event_name":"Liars Game","floor":5,"gold_loss":0,"cards_obtained":["Doubt"]},{"damage_healed":0,"gold_gain":75,"player_choice":"Gather Gold","damage_taken":11,"max_hp_gain":0,"max_hp_loss":0,"event_name":"World of Goop","floor":11,"gold_loss":0},{"damage_healed":0,"gold_gain":100,"player_choice":"Pray","damage_taken":0,"max_hp_gain":0,"max_hp_loss":0,"event_name":"Golden Shrine","floor":20,"gold_loss":0},{"damage_healed":0,"gold_gain":99,"player_choice":"Stole From Cult","damage_taken":0,"max_hp_gain":0,"max_hp_loss":0,"event_name":"Nest","floor":25,"gold_loss":0}],"is_beta":false,"boss_relics":[{"not_picked":["Fusion Hammer","Ectoplasm"],"picked":"Sozu"}],"items_purged_floors":[14],"is_endless":false,"potions_floor_spawned":[4,7,19,21,27],"killed_by":"Slavers","ascension_level":11}}