{"host":"DoctorCaw","time":1614401158,"event":{"mods":["BaseMod","Colored Map","Minty Spire (QoL Compilation)","Relic Stats","StSLib"],"gold_per_floor":[116,116,116,126,146,146,179,191,191,34,47,72,72,84,84,157,157,167,178,9,19,34,34,44,44,44,58,58,58,83,95,95,168,168,182,182,236,261,261,261,85,114,114,139,89,89,100,132,132,132,132,132,30,63,63,63],"floor_reached":55,"language":"ENG","playtime":3721,"items_purged":["Strike_G","Strike_G","Strike_G","Defend_G"],"score":1399,"play_id":"8f5af7f5-47ad-49f3-811c-4e88129eb953","local_time":"20210226234558","is_ascension_mode":true,"campfire_choices":[{"data":"Crippling Poison","floor":6.0,"key":"SMITH"},{"data":"Cloak And Dagger","floor":13.0,"key":"SMITH"},{"data":"Deadly Poison","floor":15.0,"key":"SMITH"},{"data":"Catalyst","floor":23.0,"key":"SMITH"},{"data":"Calculated Gamble","floor":25.0,"key":"SMITH"},{"data":"Ghostly","floor":32.0,"key":"SMITH"},{"data":"Wraith Form v2","floor":40.0,"key":"SMITH"},{"floor":46.0,"key":"RECALL"},{"data":"Well Laid Plans","floor":49.0,"key":"SMITH"},{"data":"Ghostly","floor":52.0,"key":"SMITH"}],"circlet_count":0,"master_deck":["AscendersBane","Strike_G","Defend_G","Defend_G+1","Defend_G+1","Defend_G","Survivor","Neutralize+1","Crippling Poison+1","Dash","Dagger Throw","All Out Attack","Cloak And Dagger+1","Masterful Stab","Calculated Gamble+1","Deadly Poison+1","A Thousand Cuts","Catalyst+1","Well Laid Plans+1","Blade Dance+1","Venomology","Backflip+1","Ghostly+1","Ghostly+1","Ghostly","Terror","Wraith Form v2+1","Prepared+1","PiercingWail+1","Infinite Blades","Dodge and Roll","Phantasmal Killer","Backflip","Backflip","Blur"],"relics":["Ring of the Snake","Smiling Mask","Kunai","Lee\u0027s Waffle","Eternal Feather","Coffee Dripper","Enchiridion","MealTicket","Busted Crown","WingedGreaves","CaptainsWheel","Nunchaku","Dream Catcher","War Paint","Boot","Shuriken"],"acts_visited":["Exordium","TheCity","TheBeyond","TheEnding"],"potions_floor_usage":[55,55,55],"damage_taken":[{"damage":4.0,"enemies":"Jaw Worm","floor":1.0,"turns":6.0},{"damage":0.0,"enemies":"Cultist","floor":4.0,"turns":4.0},{"damage":0.0,"enemies":"2 Louse","floor":5.0,"turns":3.0},{"damage":21.0,"enemies":"Gremlin Nob","floor":7.0,"turns":7.0},{"damage":3.0,"enemies":"Large Slime","floor":8.0,"turns":6.0},{"damage":10.0,"enemies":"Exordium Wildlife","floor":11.0,"turns":5.0},{"damage":13.0,"enemies":"Lagavulin","floor":12.0,"turns":7.0},{"damage":8.0,"enemies":"3 Louse","floor":14.0,"turns":3.0},{"damage":35.0,"enemies":"Hexaghost","floor":16.0,"turns":11.0},{"damage":2.0,"enemies":"2 Thieves","floor":18.0,"turns":3.0},{"damage":1.0,"enemies":"Chosen","floor":19.0,"turns":4.0},{"damage":26.0,"enemies":"Snake Plant","floor":21.0,"turns":4.0},{"damage":0.0,"enemies":"Centurion and Healer","floor":22.0,"turns":7.0},{"damage":0.0,"enemies":"3 Cultists","floor":24.0,"turns":5.0},{"damage":12.0,"enemies":"Shelled Parasite and Fungi","floor":27.0,"turns":5.0},{"damage":5.0,"enemies":"Book of Stabbing","floor":30.0,"turns":6.0},{"damage":5.0,"enemies":"Snake Plant","floor":31.0,"turns":3.0},{"damage":19.0,"enemies":"Champ","floor":33.0,"turns":13.0},{"damage":0.0,"enemies":"3 Shapes","floor":35.0,"turns":5.0},{"damage":0.0,"enemies":"2 Orb Walkers","floor":37.0,"turns":5.0},{"damage":6.0,"enemies":"Mind Bloom Boss Battle","floor":38.0,"turns":7.0},{"damage":1.0,"enemies":"Nemesis","floor":42.0,"turns":7.0},{"damage":0.0,"enemies":"Reptomancer","floor":44.0,"turns":6.0},{"damage":1.0,"enemies":"3 Darklings","floor":47.0,"turns":6.0},{"damage":0.0,"enemies":"Nemesis","floor":48.0,"turns":5.0},{"damage":13.0,"enemies":"Donu and Deca","floor":50.0,"turns":12.0},{"damage":11.0,"enemies":"Shield and Spear","floor":54.0,"turns":8.0},{"damage":23,"enemies":"The Heart","floor":55,"turns":5}],"seed_played":"897826754902281772","potions_obtained":[{"floor":1.0,"key":"Weak Potion"},{"floor":3.0,"key":"Block Potion"},{"floor":7.0,"key":"Dexterity Potion"},{"floor":19.0,"key":"Strength Potion"},{"floor":30.0,"key":"Weak Potion"},{"floor":35.0,"key":"Poison Potion"},{"floor":37.0,"key":"ColorlessPotion"},{"floor":44.0,"key":"Block Potion"}],"is_trial":false,"path_per_floor":["M","?","?","M","M","R","E","M","T","$","M","E","R","M","R","B",null,"M","M","$","M","M","R","M","R","T","M","?","?","E","M","R","B",null,"M","?","?","?","?","R","$","E","T","E","$","R","M","E","R","B",null,"R","$","E","B"],"character_chosen":"THE_SILENT","items_purchased":["Lee\u0027s Waffle","Catalyst","Well Laid Plans","Infinite Blades","Dodge and Roll","SteroidPotion"],"campfire_rested":0,"item_purchase_floors":[10,20,20,41,41,53],"current_hp_per_floor":[55,35,35,35,35,35,14,11,11,73,63,50,62,54,66,31,63,61,60,60,34,34,49,49,64,64,52,36,15,10,5,23,4,28,28,28,28,22,22,34,34,33,33,33,34,34,33,33,34,21,31,34,34,23,0,0],"gold":63,"neow_bonus":"UPGRADE_CARD","is_daily":false,"chose_seed":false,"campfire_upgraded":9,"win_rate":0.0,"timestamp":1614401158,"path_taken":["M","?","?","M","M","R","E","?","T","$","M","E","R","M","R","BOSS","M","?","$","M","M","R","M","R","T","M","?","?","E","M","R","BOSS","M","?","?","?","?","R","?","E","T","E","?","R","M","E","R","BOSS","R","$","E","BOSS"],"items_purchased_type":["Relic","Card","Card","Card","Card","Potion"],"build_version":"2020-12-18","purchased_purges":4,"victory":false,"max_hp_per_floor":[66,66,66,66,66,66,66,66,66,73,73,73,73,73,73,73,73,73,73,73,73,73,73,73,73,73,73,36,36,36,36,36,36,36,36,34,34,34,34,34,34,34,34,34,34,34,34,34,34,34,34,34,34,34,34,34],"relic_stats":{"Lee\u0027s Waffle":62,"counters":[28,168],"Eternal Feather":88,"War Paint":["Backflip","Blade Dance"],"Smiling Mask":250,"Boot":[9],"Nunchaku":[10],"Dream Catcher":0,"Busted Crown":16,"Shuriken":[1],"MealTicket":1,"Kunai":[78],"obtain_stats":[{"Lee\u0027s Waffle":10,"Enchiridion":29,"Eternal Feather":12,"War Paint":44,"Smiling Mask":7,"Boot":48,"CaptainsWheel":38,"Nunchaku":42,"Dream Catcher":43,"Busted Crown":34,"Shuriken":54,"MealTicket":30,"WingedGreaves":37,"Coffee Dripper":17,"Kunai":9,"Ring of the Snake":0},{"Lee\u0027s Waffle":5,"Enchiridion":15,"Eternal Feather":7,"War Paint":23,"Smiling Mask":4,"Boot":25,"CaptainsWheel":21,"Nunchaku":22,"Dream Catcher":22,"Busted Crown":18,"Shuriken":27,"MealTicket":16,"WingedGreaves":20,"Coffee Dripper":9,"Kunai":5,"Ring of the Snake":0},{"Lee\u0027s Waffle":26,"Enchiridion":80,"Eternal Feather":38,"War Paint":132,"Smiling Mask":20,"Boot":143,"CaptainsWheel":119,"Nunchaku":126,"Dream Catcher":126,"Busted Crown":102,"Shuriken":163,"MealTicket":86,"WingedGreaves":112,"Coffee Dripper":52,"Kunai":26,"Ring of the Snake":0}],"Ring of the Snake":[56]},"card_choices":[{"not_picked":["Cloak And Dagger","Riddle With Holes"],"picked":"Crippling Poison","floor":1.0},{"not_picked":["Cloak And Dagger","Skewer"],"picked":"Dash","floor":4.0},{"not_picked":["Dodge and Roll","Expertise"],"picked":"Dagger Throw","floor":5.0},{"not_picked":["Flying Knee","Bane"],"picked":"All Out Attack","floor":7.0},{"not_picked":["Bane","Dash"],"picked":"Cloak And Dagger","floor":8.0},{"not_picked":["Storm of Steel","Backflip"],"picked":"Masterful Stab","floor":11.0},{"not_picked":["All Out Attack","Masterful Stab"],"picked":"Calculated Gamble","floor":12.0},{"not_picked":["Finisher","Riddle With Holes"],"picked":"Deadly Poison","floor":14.0},{"not_picked":["Unload","Storm of Steel"],"picked":"A Thousand Cuts","floor":16.0},{"not_picked":["Dagger Spray","Sucker Punch","Underhanded Strike"],"picked":"SKIP","floor":18.0},{"not_picked":["Flying Knee","Prepared","Setup+1"],"picked":"SKIP","floor":19.0},{"not_picked":["Deadly Poison","Infinite Blades"],"picked":"Blade Dance","floor":21.0},{"not_picked":["Eviscerate","Poisoned Stab"],"picked":"Venomology","floor":22.0},{"not_picked":["Flying Knee","Predator"],"picked":"Backflip","floor":24.0},{"not_picked":["Slice","Dagger Throw","Riddle With Holes"],"picked":"SKIP","floor":27.0},{"not_picked":["Sucker Punch+1","Riddle With Holes"],"picked":"Terror","floor":30.0},{"not_picked":["Bane","Predator","Quick Slash"],"picked":"SKIP","floor":31.0},{"not_picked":["Grand Finale","Glass Knife"],"picked":"Wraith Form v2","floor":33.0},{"not_picked":["Slice"],"picked":"SKIP","floor":35.0},{"not_picked":[],"picked":"Prepared+1","floor":37.0},{"not_picked":[],"picked":"PiercingWail+1","floor":38.0},{"not_picked":["Heel Hook"],"picked":"SKIP","floor":42.0},{"not_picked":[],"picked":"Phantasmal Killer","floor":44.0},{"not_picked":[],"picked":"Backflip","floor":47.0},{"not_picked":[],"picked":"Backflip","floor":48.0},{"not_picked":[],"picked":"Blur","floor":54.0}],"player_experience":796952,"relics_obtained":[{"floor":7.0,"key":"Smiling Mask"},{"floor":9.0,"key":"Kunai"},{"floor":12.0,"key":"Eternal Feather"},{"floor":29.0,"key":"Enchiridion"},{"floor":30.0,"key":"MealTicket"},{"floor":37.0,"key":"WingedGreaves"},{"floor":38.0,"key":"CaptainsWheel"},{"floor":42.0,"key":"Nunchaku"},{"floor":43.0,"key":"Dream Catcher"},{"floor":44.0,"key":"War Paint"},{"floor":48.0,"key":"Boot"},{"floor":54.0,"key":"Shuriken"}],"event_choices":[{"damage_healed":0.0,"max_hp_gain":0.0,"max_hp_loss":0.0,"gold_gain":0.0,"event_name":"Shining Light","player_choice":"Entered Light","floor":2.0,"gold_loss":0.0,"damage_taken":20.0,"cards_upgraded":["Defend_G","Defend_G"]},{"damage_healed":0.0,"max_hp_gain":0.0,"max_hp_loss":0.0,"gold_gain":0.0,"event_name":"Lab","player_choice":"Got Potions","floor":3.0,"gold_loss":0.0,"damage_taken":0.0},{"damage_healed":0.0,"max_hp_gain":0.0,"max_hp_loss":37.0,"gold_gain":0.0,"event_name":"Ghosts","player_choice":"Became a Ghost","floor":28.0,"gold_loss":0.0,"damage_taken":0.0,"cards_obtained":["Ghostly","Ghostly","Ghostly"]},{"damage_healed":0.0,"max_hp_gain":0.0,"max_hp_loss":0.0,"gold_gain":0.0,"event_name":"Cursed Tome","player_choice":"Obtained Book","floor":29.0,"gold_loss":0.0,"damage_taken":21.0},{"damage_healed":0.0,"max_hp_gain":0.0,"max_hp_loss":2.0,"gold_gain":0.0,"event_name":"Winding Halls","player_choice":"Max HP","floor":36.0,"gold_loss":0.0,"damage_taken":0.0},{"damage_healed":0.0,"max_hp_gain":0.0,"max_hp_loss":0.0,"gold_gain":0.0,"event_name":"Mysterious Sphere","player_choice":"Fight","floor":37.0,"gold_loss":0.0,"damage_taken":0.0},{"damage_healed":0.0,"max_hp_gain":0.0,"max_hp_loss":0.0,"gold_gain":0.0,"event_name":"MindBloom","player_choice":"Fight","floor":38.0,"gold_loss":0.0,"damage_taken":0.0},{"cards_removed":["Strike_G"],"damage_healed":0.0,"max_hp_gain":0.0,"max_hp_loss":0.0,"gold_gain":0.0,"event_name":"Falling","player_choice":"Removed Attack","floor":39.0,"gold_loss":0.0,"damage_taken":0.0}],"is_beta":true,"boss_relics":[{"not_picked":["Fusion Hammer","Ectoplasm"],"picked":"Coffee Dripper"},{"not_picked":["Velvet Choker","Sozu"],"picked":"Busted Crown"}],"items_purged_floors":[20,41,45,53],"is_endless":false,"potions_floor_spawned":[1,4,5,7,19,21,30,31,35,37,44,47],"killed_by":"The Heart","ascension_level":15}}