{"host":"test","time":1614444073,"event":{"mods":["BaseMod","Bestiary","Colored Map","Colored Powertips","Minty Spire (QoL Compilation)","Relic Stats","Slay the Relics Exporter","SpireBot","StSLib","ojb\u0027s Better Paths Mod","ojb\u0027s Info Mod: The sequel"],"gold_per_floor":[213,227,227,7,32,32,32,67,67,92,130,130,168,193,193,292,292,310,330,380,393,393,393,417,453,453,453,489,27,27,40,40,139,139,160,16,16,35,53,94,118,118,192,225,225,241,241,241,241,241,241,241],"floor_reached":51,"language":"JPN","playtime":2956,"items_purged":["Strike_G","Strike_G"],"score":1580,"play_id":"8150ad07-0f02-45ca-a760-38e2ef09a7ea","local_time":"20210228014113","is_ascension_mode":true,"campfire_choices":[{"data":"Dagger Spray","floor":6.0,"key":"SMITH"},{"data":"Neutralize","floor":12.0,"key":"SMITH"},{"data":"Deadly Poison","floor":15.0,"key":"SMITH"},{"floor":23.0,"key":"REST"},{"floor":27.0,"key":"REST"},{"floor":32.0,"key":"RECALL"},{"floor":45.0,"key":"REST"},{"floor":47.0,"key":"REST"},{"floor":49.0,"key":"REST"}],"circlet_count":0,"master_deck":["AscendersBane","Strike_G","Strike_G","Strike_G","Defend_G","Defend_G","Defend_G+1","Defend_G","Survivor+1","Neutralize+1","Dagger Spray+1","Cloak And Dagger","Blade Dance","Deadly Poison+1","Predator","Poisoned Stab","Burst","Acrobatics","Crippling Poison+1","Skewer+1","Calculated Gamble","Acrobatics","Corpse Explosion","Backflip+1","Noxious Fumes","Acrobatics","Backflip","Well Laid Plans","Bouncing Flask","Parasite","Dash+1"],"relics":["Ring of the Snake","Golden Idol","TwistedFunnel","Kunai","TungstenRod","War Paint","Potion Belt","Fusion Hammer","The Courier","Gremlin Horn","Bag of Preparation","The Specimen","Toolbox","Cursed Key","Nunchaku","Happy Flower"],"acts_visited":["Exordium","TheCity","TheBeyond"],"potions_floor_usage":[50,50,50,50,51],"damage_taken":[{"damage":1.0,"enemies":"2 Louse","floor":1.0,"turns":3.0},{"damage":2.0,"enemies":"Jaw Worm","floor":2.0,"turns":6.0},{"damage":0.0,"enemies":"Small Slimes","floor":5.0,"turns":3.0},{"damage":15.0,"enemies":"Lagavulin","floor":8.0,"turns":5.0},{"damage":0.0,"enemies":"Exordium Thugs","floor":10.0,"turns":2.0},{"damage":0.0,"enemies":"Gremlin Nob","floor":11.0,"turns":3.0},{"damage":2.0,"enemies":"Lagavulin","floor":13.0,"turns":5.0},{"damage":0.0,"enemies":"3 Louse","floor":14.0,"turns":2.0},{"damage":5.0,"enemies":"The Guardian","floor":16.0,"turns":10.0},{"damage":3.0,"enemies":"Shell Parasite","floor":18.0,"turns":5.0},{"damage":5.0,"enemies":"Spheric Guardian","floor":19.0,"turns":6.0},{"damage":0.0,"enemies":"Snecko","floor":21.0,"turns":5.0},{"damage":5.0,"enemies":"Snake Plant","floor":24.0,"turns":4.0},{"damage":15.0,"enemies":"Slavers","floor":25.0,"turns":4.0},{"damage":0.0,"enemies":"Gremlin Leader","floor":28.0,"turns":5.0},{"damage":2.0,"enemies":"Centurion and Healer","floor":31.0,"turns":4.0},{"damage":36.0,"enemies":"Collector","floor":33.0,"turns":9.0},{"damage":14.0,"enemies":"3 Darklings","floor":35.0,"turns":2.0},{"damage":0.0,"enemies":"Orb Walker","floor":38.0,"turns":4.0},{"damage":7.0,"enemies":"Writhing Mass","floor":39.0,"turns":8.0},{"damage":86.0,"enemies":"Giant Head","floor":40.0,"turns":9.0},{"damage":0.0,"enemies":"4 Shapes","floor":41.0,"turns":1.0},{"damage":12.0,"enemies":"Reptomancer","floor":44.0,"turns":4.0},{"damage":3.0,"enemies":"Transient","floor":46.0,"turns":6.0},{"damage":38,"enemies":"Time Eater","floor":50,"turns":11},{"damage":22,"enemies":"Awakened One","floor":51,"turns":8}],"seed_played":"-7284425191585389145","potions_obtained":[{"floor":2.0,"key":"PowerPotion"},{"floor":5.0,"key":"Fire Potion"},{"floor":10.0,"key":"Block Potion"},{"floor":11.0,"key":"BlessingOfTheForge"},{"floor":13.0,"key":"FearPotion"},{"floor":16.0,"key":"Energy Potion"},{"floor":21.0,"key":"Strength Potion"},{"floor":25.0,"key":"AttackPotion"},{"floor":31.0,"key":"FearPotion"},{"floor":35.0,"key":"FairyPotion"},{"floor":40.0,"key":"Energy Potion"},{"floor":41.0,"key":"ColorlessPotion"},{"floor":46.0,"key":"EntropicBrew"}],"is_trial":false,"path_per_floor":["M","M","?","$","M","R","?","E","T","M","E","R","E","M","R","B",null,"M","M","?","M","?","R","M","E","T","R","E","$","?","M","R","B",null,"M","$","?","M","M","E","M","?","T","E","R","M","R","?","R","B","B"],"character_chosen":"THE_SILENT","items_purchased":["TwistedFunnel","AttackPotion","The Specimen","Toolbox","Noxious Fumes"],"campfire_rested":5,"item_purchase_floors":[4,4,29,29,36],"current_hp_per_floor":[58,56,56,56,56,56,49,34,34,34,34,34,32,32,32,27,52,49,44,39,39,39,57,52,37,37,55,55,55,55,53,53,17,49,35,35,60,60,53,18,18,18,18,6,24,21,39,39,57,19,0,0],"gold":241,"neow_bonus":"HUNDRED_GOLD","is_daily":false,"chose_seed":true,"campfire_upgraded":3,"win_rate":0.0,"timestamp":1614444073,"path_taken":["M","M","?","$","M","R","?","E","T","M","E","R","E","M","R","BOSS","M","M","?","?","?","R","M","E","T","R","E","$","?","M","R","BOSS","M","$","?","M","M","E","?","?","T","E","R","M","R","?","R","BOSS","BOSS"],"items_purchased_type":["Relic","Potion","Relic","Relic","Card"],"build_version":"2020-12-18","purchased_purges":2,"victory":false,"max_hp_per_floor":[66,66,60,60,60,60,60,60,60,60,60,60,60,60,60,60,60,60,60,60,60,60,60,60,60,60,60,60,60,60,60,60,60,60,60,60,60,60,60,60,60,60,60,60,60,60,60,60,60,60,60,60],"relic_stats":{"Nunchaku":[7],"Gremlin Horn":[18,18],"Happy Flower":[8],"counters":[26,134],"Golden Idol":165,"Bag of Preparation":[22],"Kunai":[63],"War Paint":["Survivor","Defend_G"],"Cursed Key":1,"obtain_stats":[{"TwistedFunnel":4,"Potion Belt":13,"Gremlin Horn":26,"The Specimen":29,"Happy Flower":44,"Golden Idol":3,"The Courier":25,"Bag of Preparation":28,"War Paint":11,"Cursed Key":34,"Nunchaku":40,"Toolbox":29,"Fusion Hammer":17,"Kunai":8,"TungstenRod":9,"Ring of the Snake":0},{"TwistedFunnel":2,"Potion Belt":7,"Gremlin Horn":14,"The Specimen":15,"Happy Flower":23,"Golden Idol":2,"The Courier":14,"Bag of Preparation":15,"War Paint":6,"Cursed Key":17,"Nunchaku":21,"Toolbox":15,"Fusion Hammer":9,"Kunai":4,"TungstenRod":4,"Ring of the Snake":0},{"TwistedFunnel":9,"Potion Belt":27,"Gremlin Horn":63,"The Specimen":68,"Happy Flower":109,"Golden Idol":9,"The Courier":63,"Bag of Preparation":68,"War Paint":22,"Cursed Key":81,"Nunchaku":104,"Toolbox":68,"Fusion Hammer":39,"Kunai":17,"TungstenRod":17,"Ring of the Snake":0}],"TungstenRod":45,"Ring of the Snake":[52]},"card_choices":[{"not_picked":["Slice","Prepared"],"picked":"Dagger Spray","floor":1.0},{"not_picked":["Flechettes","Expertise"],"picked":"Cloak And Dagger","floor":2.0},{"not_picked":["Flechettes","Slice"],"picked":"Blade Dance","floor":5.0},{"not_picked":["Heel Hook","Deflect"],"picked":"All Out Attack","floor":8.0},{"not_picked":["Outmaneuver","Dagger Throw"],"picked":"Deadly Poison","floor":10.0},{"not_picked":["Flying Knee","Slice"],"picked":"Predator","floor":11.0},{"not_picked":["Quick Slash","Slice","Infinite Blades"],"picked":"SKIP","floor":13.0},{"not_picked":["Heel Hook","Poisoned Stab","Eviscerate"],"picked":"SKIP","floor":14.0},{"not_picked":["Heel Hook","Eviscerate"],"picked":"Poisoned Stab","floor":14.0},{"not_picked":["Tools of the Trade","A Thousand Cuts"],"picked":"Burst","floor":16.0},{"not_picked":["Dagger Throw+1","Cloak And Dagger"],"picked":"Acrobatics","floor":18.0},{"not_picked":["Sucker Punch","Dagger Throw","Quick Slash"],"picked":"SKIP","floor":19.0},{"not_picked":["Flying Knee","Accuracy"],"picked":"Crippling Poison","floor":21.0},{"not_picked":["Dagger Spray","Crippling Poison"],"picked":"Skewer+1","floor":24.0},{"not_picked":["Deflect","Flying Knee"],"picked":"Calculated Gamble","floor":25.0},{"not_picked":["Tactician","Poisoned Stab+1","Finisher"],"picked":"SKIP","floor":28.0},{"not_picked":["Underhanded Strike","Dagger Throw+1"],"picked":"Acrobatics","floor":31.0},{"not_picked":["A Thousand Cuts","Tools of the Trade"],"picked":"Corpse Explosion","floor":33.0},{"not_picked":["Flying Knee","Bane"],"picked":"Backflip+1","floor":35.0},{"not_picked":["Dagger Throw+1","Setup"],"picked":"Acrobatics","floor":38.0},{"not_picked":["Flying Knee","Outmaneuver"],"picked":"Backflip","floor":39.0},{"not_picked":["Die Die Die","Underhanded Strike"],"picked":"Well Laid Plans","floor":40.0},{"not_picked":["Dodge and Roll","Acrobatics"],"picked":"Bouncing Flask","floor":41.0},{"not_picked":["Acrobatics","Poisoned Stab","Deadly Poison+1"],"picked":"SKIP","floor":44.0},{"not_picked":["Backflip","Expertise+1"],"picked":"Dash+1","floor":46.0}],"player_experience":2151828,"relics_obtained":[{"floor":8.0,"key":"Kunai"},{"floor":9.0,"key":"TungstenRod"},{"floor":11.0,"key":"War Paint"},{"floor":13.0,"key":"Potion Belt"},{"floor":25.0,"key":"The Courier"},{"floor":26.0,"key":"Gremlin Horn"},{"floor":28.0,"key":"Bag of Preparation"},{"floor":40.0,"key":"Nunchaku"},{"floor":44.0,"key":"Happy Flower"}],"event_choices":[{"damage_healed":0.0,"max_hp_gain":0.0,"max_hp_loss":6.0,"gold_gain":0.0,"event_name":"Golden Idol","player_choice":"Lose Max HP","floor":3.0,"gold_loss":0.0,"damage_taken":0.0,"relics_obtained":["Golden Idol"]},{"cards_removed":["Defend_G"],"damage_healed":0.0,"max_hp_gain":0.0,"max_hp_loss":0.0,"gold_gain":0.0,"event_name":"Golden Wing","player_choice":"Card Removal","floor":7.0,"gold_loss":0.0,"damage_taken":7.0},{"damage_healed":0.0,"max_hp_gain":0.0,"max_hp_loss":0.0,"gold_gain":50.0,"event_name":"FaceTrader","player_choice":"Touch","floor":20.0,"gold_loss":0.0,"damage_taken":6.0},{"damage_healed":0.0,"max_hp_gain":0.0,"max_hp_loss":0.0,"gold_gain":0.0,"event_name":"The Mausoleum","player_choice":"Ignored","floor":22.0,"gold_loss":0.0,"damage_taken":0.0},{"damage_healed":0.0,"max_hp_gain":0.0,"max_hp_loss":0.0,"gold_gain":0.0,"event_name":"Upgrade Shrine","player_choice":"Upgraded","floor":30.0,"gold_loss":0.0,"damage_taken":0.0,"cards_upgraded":["Crippling Poison"]},{"cards_removed":["All Out Attack"],"damage_healed":25.0,"max_hp_gain":0.0,"max_hp_loss":0.0,"gold_gain":0.0,"event_name":"Bonfire Elementals","player_choice":"Offered Uncommon","floor":37.0,"gold_loss":0.0,"damage_taken":0.0},{"damage_healed":0.0,"max_hp_gain":0.0,"max_hp_loss":0.0,"gold_gain":0.0,"event_name":"Mysterious Sphere","player_choice":"Ignored","floor":42.0,"gold_loss":0.0,"damage_taken":0.0},{"damage_healed":0.0,"max_hp_gain":0.0,"max_hp_loss":0.0,"gold_gain":0.0,"event_name":"Match and Keep!","player_choice":"0 cards matched","floor":48.0,"gold_loss":0.0,"damage_taken":0.0,"cards_obtained":[]}],"is_beta":true,"boss_relics":[{"not_picked":["Pandora\u0027s Box","Black Star"],"picked":"Fusion Hammer"},{"not_picked":["Philosopher\u0027s Stone","SacredBark"],"picked":"Cursed Key"}],"items_purged_floors":[29,36],"is_endless":false,"potions_floor_spawned":[2,5,10,11,13,16,21,25,31,35,40,41,46],"killed_by":"Awakened One","ascension_level":20}}