{"host":"vyjryxuuuxkt43k4","time":1614436777,"event":{"mods":["AchievementEnabler","BaseMod","Colored Map","DeckTracker","Keyboard Shortcuts","Minty Spire (QoL Compilation)","Permanent Neow","Quick Restart","StSLib","SuperFastMode","everything is the same but u backflip on backflip"],"gold_per_floor":[119,7,7,7,26,26,61,61,84,84,95,114,145,158,158,235,235,245,39,89,107,122,122,22,22,22,33,52,52,52],"floor_reached":29,"language":"KOR","playtime":1038,"items_purged":["Strike_R","Strike_R"],"score":470,"play_id":"3d19855a-427d-4844-a77c-d408cae58347","local_time":"20210227233937","is_ascension_mode":true,"campfire_choices":[{"data":"Rupture","floor":6.0,"key":"SMITH"},{"data":"Sword Boomerang","floor":8.0,"key":"SMITH"},{"floor":10.0,"key":"REST"},{"floor":15.0,"key":"REST"},{"floor":23.0,"key":"REST"},{"data":"Limit Break","floor":25.0,"key":"SMITH"}],"circlet_count":0,"master_deck":["AscendersBane","Strike_R","Strike_R","Defend_R","Defend_R+1","Defend_R","Defend_R","Bash+1","Shockwave","Hemokinesis","Rupture+1","Spot Weakness","Sword Boomerang+1","Intimidate","Seeing Red","Limit Break+1","Brutality","Shockwave","Dark Embrace","Whirlwind","Shrug It Off"],"relics":["Burning Blood","InkBottle","PreservedInsect","Ornamental Fan","Snecko Eye","Lee\u0027s Waffle","Vajra"],"acts_visited":["Exordium","TheCity"],"potions_floor_usage":[],"damage_taken":[{"damage":4.0,"enemies":"Jaw Worm","floor":1.0,"turns":4.0},{"damage":2.0,"enemies":"Cultist","floor":5.0,"turns":4.0},{"damage":31.0,"enemies":"Lagavulin","floor":7.0,"turns":6.0},{"damage":9.0,"enemies":"Small Slimes","floor":11.0,"turns":3.0},{"damage":9.0,"enemies":"3 Louse","floor":12.0,"turns":2.0},{"damage":15.0,"enemies":"3 Sentries","floor":13.0,"turns":4.0},{"damage":14.0,"enemies":"Red Slaver","floor":14.0,"turns":4.0},{"damage":34.0,"enemies":"The Guardian","floor":16.0,"turns":9.0},{"damage":16.0,"enemies":"2 Thieves","floor":18.0,"turns":3.0},{"damage":24.0,"enemies":"3 Byrds","floor":21.0,"turns":5.0},{"damage":62.0,"enemies":"Cultist and Chosen","floor":22.0,"turns":6.0},{"damage":21.0,"enemies":"Snake Plant","floor":27.0,"turns":4.0},{"damage":29.0,"enemies":"Sentry and Sphere","floor":28.0,"turns":5.0},{"damage":22,"enemies":"Slavers","floor":29,"turns":2}],"seed_played":"5099770685922212529","potions_obtained":[{"floor":5.0,"key":"SteroidPotion"},{"floor":11.0,"key":"Swift Potion"},{"floor":12.0,"key":"AttackPotion"},{"floor":14.0,"key":"FairyPotion"},{"floor":21.0,"key":"Dexterity Potion"}],"is_trial":false,"path_per_floor":["M","$","?","?","M","R","E","R","T","R","M","M","E","M","R","B",null,"M","$","?","M","M","R","$","R","T","M","M","E"],"character_chosen":"IRONCLAD","items_purchased":["Rupture","Lee\u0027s Waffle","Dark Embrace"],"campfire_rested":3,"item_purchase_floors":[2,19,19],"current_hp_per_floor":[70,70,63,40,44,44,19,19,19,41,38,35,26,18,40,12,59,49,82,82,64,8,32,32,32,32,17,18,0,0],"gold":52,"neow_bonus":"THREE_CARDS","is_daily":false,"chose_seed":false,"campfire_upgraded":3,"win_rate":0.0,"timestamp":1614436777,"path_taken":["M","$","?","?","M","R","E","R","T","R","M","M","E","M","R","BOSS","M","$","?","?","M","R","?","R","T","M","?","E"],"items_purchased_type":["Card","Relic","Card"],"build_version":"2020-12-22","purchased_purges":2,"victory":false,"max_hp_per_floor":[75,75,75,75,75,75,75,75,75,75,75,75,75,75,75,75,75,75,82,82,82,82,82,82,82,82,82,82,82,82],"card_choices":[{"not_picked":["Dual Wield","Havoc"],"picked":"Shockwave","floor":0.0},{"not_picked":["Heavy Blade","Flex"],"picked":"Hemokinesis","floor":1.0},{"not_picked":["Sword Boomerang","Clothesline"],"picked":"Spot Weakness","floor":5.0},{"not_picked":["Headbutt","Iron Wave"],"picked":"Sword Boomerang","floor":7.0},{"not_picked":["Evolve","Perfected Strike"],"picked":"Intimidate","floor":11.0},{"not_picked":["Infernal Blade","Heavy Blade"],"picked":"Seeing Red","floor":12.0},{"not_picked":["Infernal Blade","Pommel Strike","True Grit"],"picked":"SKIP","floor":13.0},{"not_picked":["Spot Weakness","Armaments"],"picked":"Limit Break","floor":14.0},{"not_picked":["Berserk","Impervious"],"picked":"Brutality","floor":16.0},{"not_picked":["Disarm","Bloodletting"],"picked":"Shockwave","floor":18.0},{"not_picked":["Clothesline","Headbutt"],"picked":"Whirlwind","floor":21.0},{"not_picked":["Pommel Strike","Thunderclap","Wild Strike"],"picked":"SKIP","floor":22.0},{"not_picked":["Body Slam","Reckless Charge"],"picked":"Shrug It Off","floor":27.0},{"not_picked":["Shockwave","Body Slam","Reckless Charge+1"],"picked":"SKIP","floor":28.0}],"player_experience":1062674,"relics_obtained":[{"floor":7.0,"key":"InkBottle"},{"floor":9.0,"key":"PreservedInsect"},{"floor":13.0,"key":"Ornamental Fan"},{"floor":26.0,"key":"Vajra"}],"event_choices":[{"cards_removed":["Strike_R"],"damage_healed":0.0,"max_hp_gain":0.0,"max_hp_loss":0.0,"gold_gain":0.0,"event_name":"Golden Wing","player_choice":"Card Removal","floor":3.0,"gold_loss":0.0,"damage_taken":7.0},{"damage_healed":0.0,"max_hp_gain":0.0,"max_hp_loss":0.0,"gold_gain":0.0,"event_name":"Shining Light","player_choice":"Entered Light","floor":4.0,"gold_loss":0.0,"damage_taken":23.0,"cards_upgraded":["Bash","Defend_R"]},{"damage_healed":0.0,"max_hp_gain":0.0,"max_hp_loss":0.0,"gold_gain":50.0,"event_name":"Golden Shrine","player_choice":"Pray","floor":20.0,"gold_loss":0.0,"damage_taken":0.0}],"is_beta":false,"boss_relics":[{"not_picked":["Coffee Dripper","Fusion Hammer"],"picked":"Snecko Eye"}],"items_purged_floors":[2,24],"is_endless":false,"potions_floor_spawned":[5,11,12,14,21],"killed_by":"Slavers","ascension_level":20}}