{"host":"sc0o2qwpf9j16a4i","time":1614429226,"event":{"mods":["AchievementEnabler","BaseMod","BetterRewards","Block Reminder","Colored Map","Colored Powertips","Custom Start","Highlight Path","Minty Spire (QoL Compilation)","Relic Stats"],"gold_per_floor":[115,115,115,133,153,153,181,181,257,288,288,322,397,415,415,515,515,532,532,631,631,658,689,689,689,713,713,744,770,770,770,770,873,873,891,533,546,546,846,877,877,877,877,922,956,1178,1212,1122,1122,1122],"floor_reached":51,"language":"ENG","playtime":2304,"items_purged":["Decay"],"score":1149,"play_id":"ec1a98f7-3398-4fca-87e8-2ab4bab45952","local_time":"20210227143346","daily_mods":["Draft","Flight","Lethality"],"is_ascension_mode":false,"campfire_choices":[{"data":"Sunder","floor":6.0,"key":"SMITH"},{"data":"Go for the Eyes","floor":8.0,"key":"SMITH"},{"data":"Creative AI","floor":15.0,"key":"SMITH"},{"data":"Hologram","floor":30.0,"key":"SMITH"},{"data":"Turbo","floor":32.0,"key":"SMITH"},{"data":"Capacitor","floor":42.0,"key":"SMITH"},{"floor":49,"key":"REST"}],"circlet_count":0,"master_deck":["Chill","Doom and Gloom","Melter","BootSequence","Consume","Sweeping Beam","Genetic Algorithm","Cold Snap","Cold Snap","Sunder+1","Turbo","Undo","Go for the Eyes+1","Leap","Turbo+1","White Noise","Chaos","Conserve Battery","Ball Lightning","FTL","Creative AI+1","Hologram+1","Ghostly","Ghostly","Ghostly","Ghostly","Ghostly","Writhe","Force Field","Force Field+1","Decay","Compile Driver+1","Capacitor+1","Coolheaded","Hologram+1","Pain","Turbo+1","Compile Driver+1"],"relics":["Cracked Core","Oddly Smooth Stone","Gremlin Horn","Potion Belt","Juzu Bracelet","Cursed Key","Red Mask","Toy Ornithopter","MutagenicStrength","Pen Nib","PreservedInsect","Bag of Preparation","InkBottle","SacredBark","OrangePellets","Boot","CaptainsWheel","Ginger","Nunchaku","DataDisk","Symbiotic Virus"],"acts_visited":["Exordium","TheCity","TheBeyond"],"potions_floor_usage":[50,50],"damage_taken":[{"damage":0.0,"enemies":"Cultist","floor":1.0,"turns":2.0},{"damage":0.0,"enemies":"2 Louse","floor":4.0,"turns":2.0},{"damage":0.0,"enemies":"Jaw Worm","floor":5.0,"turns":3.0},{"damage":0.0,"enemies":"3 Sentries","floor":7.0,"turns":4.0},{"damage":16.0,"enemies":"Gremlin Nob","floor":10.0,"turns":4.0},{"damage":0.0,"enemies":"3 Sentries","floor":12.0,"turns":3.0},{"damage":0.0,"enemies":"Large Slime","floor":14.0,"turns":4.0},{"damage":3.0,"enemies":"The Guardian","floor":16.0,"turns":10.0},{"damage":0.0,"enemies":"Shell Parasite","floor":18.0,"turns":3.0},{"damage":0.0,"enemies":"Masked Bandits","floor":22.0,"turns":5.0},{"damage":0.0,"enemies":"Slavers","floor":23.0,"turns":7.0},{"damage":0.0,"enemies":"Gremlin Leader","floor":28.0,"turns":5.0},{"damage":0.0,"enemies":"Slavers","floor":29.0,"turns":4.0},{"damage":0.0,"enemies":"Automaton","floor":33.0,"turns":10.0},{"damage":2.0,"enemies":"3 Darklings","floor":35.0,"turns":5.0},{"damage":1.0,"enemies":"3 Shapes","floor":37.0,"turns":6.0},{"damage":0.0,"enemies":"Reptomancer","floor":40.0,"turns":6.0},{"damage":9.0,"enemies":"2 Orb Walkers","floor":44.0,"turns":6.0},{"damage":0.0,"enemies":"Nemesis","floor":45.0,"turns":1.0},{"damage":24.0,"enemies":"Giant Head","floor":47.0,"turns":8.0},{"damage":25,"enemies":"Awakened One","floor":50,"turns":26}],"seed_played":"-8322218425282352207","potions_obtained":[{"floor":1.0,"key":"PowerPotion"},{"floor":5.0,"key":"Swift Potion"},{"floor":7.0,"key":"Explosive Potion"},{"floor":12.0,"key":"SpeedPotion"},{"floor":22.0,"key":"Explosive Potion"},{"floor":25.0,"key":"SmokeBomb"},{"floor":25.0,"key":"Ancient Potion"},{"floor":25.0,"key":"Swift Potion"},{"floor":28.0,"key":"AttackPotion"},{"floor":44.0,"key":"BlessingOfTheForge"},{"floor":47.0,"key":"ColorlessPotion"}],"is_trial":true,"path_per_floor":["M","?","?","M","M","R","E","R","T","E","?","E","?","M","R","B",null,"M","?","?","?","?","E","?","?","T","?","E","E","R","T","R","B",null,"M","$","M","?","?","E","?","R","T","?","E","?","E","?","R","B",null],"character_chosen":"DEFECT","items_purchased":["OrangePellets","Capacitor","Coolheaded"],"campfire_rested":1,"item_purchase_floors":[36,36,36],"current_hp_per_floor":[75,75,75,75,75,75,75,75,75,59,64,64,53,53,53,50,80,80,40,40,40,40,40,40,40,40,35,35,35,35,35,35,45,45,43,43,42,42,42,42,42,42,42,33,38,38,14,14,26,11],"gold":1122,"neow_bonus":"","is_daily":false,"chose_seed":false,"campfire_upgraded":6,"win_rate":0.0,"timestamp":1614429226,"path_taken":["M","?","?","?","?","R","E","R","T","E","?","E","?","M","R","BOSS","M","?","?","?","?","E","?","?","T","?","E","E","R","?","R","BOSS","M","$","M","?","?","E","?","R","T","?","E","?","E","?","R","BOSS"],"items_purchased_type":["Relic","Card","Card"],"build_version":"2020-12-22","purchased_purges":1,"victory":true,"max_hp_per_floor":[75,75,75,75,75,75,75,75,75,75,80,80,80,80,80,80,80,80,40,40,40,40,40,40,40,40,45,45,45,45,45,45,45,45,45,45,45,45,45,45,43,43,43,43,43,43,43,43,43,43],"relic_stats":{"Gremlin Horn":[28,28],"counters":[21,124],"Pen Nib":[13],"PreservedInsect":268,"Juzu Bracelet":4,"Bag of Preparation":[16],"Ginger":[2],"Cursed Key":3,"Boot":[0],"OrangePellets":[5],"Nunchaku":[6],"obtain_stats":[{"Potion Belt":10,"Gremlin Horn":9,"SacredBark":34,"Oddly Smooth Stone":7,"Pen Nib":26,"PreservedInsect":28,"Juzu Bracelet":12,"Bag of Preparation":29,"Ginger":44,"Cursed Key":17,"Boot":40,"OrangePellets":36,"CaptainsWheel":43,"Nunchaku":45,"DataDisk":47,"MutagenicStrength":24,"Red Mask":22,"Cracked Core":0,"Symbiotic Virus":48,"Toy Ornithopter":23,"InkBottle":31},{"Potion Belt":5,"Gremlin Horn":4,"SacredBark":14,"Oddly Smooth Stone":4,"Pen Nib":11,"PreservedInsect":12,"Juzu Bracelet":6,"Bag of Preparation":13,"Ginger":18,"Cursed Key":8,"Boot":17,"OrangePellets":15,"CaptainsWheel":17,"Nunchaku":19,"DataDisk":20,"MutagenicStrength":11,"Red Mask":10,"Cracked Core":0,"Symbiotic Virus":20,"Toy Ornithopter":11,"InkBottle":13},{"Potion Belt":15,"Gremlin Horn":11,"SacredBark":66,"Oddly Smooth Stone":11,"Pen Nib":47,"PreservedInsect":52,"Juzu Bracelet":18,"Bag of Preparation":56,"Ginger":89,"Cursed Key":32,"Boot":83,"OrangePellets":71,"CaptainsWheel":83,"Nunchaku":90,"DataDisk":98,"MutagenicStrength":47,"Red Mask":40,"Cracked Core":0,"Symbiotic Virus":98,"Toy Ornithopter":47,"InkBottle":56}],"Toy Ornithopter":20,"InkBottle":[26]},"card_choices":[{"not_picked":["Storm","Stack"],"picked":"Chill","floor":0.0},{"not_picked":["Conserve Battery","BootSequence"],"picked":"Doom and Gloom","floor":0.0},{"not_picked":["Hologram","Reinforced Body"],"picked":"Melter","floor":0.0},{"not_picked":["Tempest","Melter"],"picked":"BootSequence","floor":0.0},{"not_picked":["Double Energy","Storm"],"picked":"Consume","floor":0.0},{"not_picked":["Redo","Beam Cell"],"picked":"Sweeping Beam","floor":0.0},{"not_picked":["Go for the Eyes","Gash"],"picked":"Genetic Algorithm","floor":0.0},{"not_picked":["Compile Driver","Double Energy"],"picked":"Cold Snap","floor":0.0},{"not_picked":["Melter","Storm"],"picked":"Cold Snap","floor":0.0},{"not_picked":["Recycle","Barrage"],"picked":"Sunder","floor":0.0},{"not_picked":["Compile Driver","Coolheaded"],"picked":"Turbo","floor":0.0},{"not_picked":["Hologram","Gash"],"picked":"Undo","floor":0.0},{"not_picked":["Steam","Stack"],"picked":"Go for the Eyes","floor":0.0},{"not_picked":["Streamline","Redo"],"picked":"Leap","floor":0.0},{"not_picked":["Stack","Go for the Eyes"],"picked":"Turbo","floor":0.0},{"not_picked":["Fusion","Darkness"],"picked":"White Noise","floor":1.0},{"not_picked":["Coolheaded","Go for the Eyes"],"picked":"Chaos","floor":4.0},{"not_picked":["Chaos","Coolheaded"],"picked":"Conserve Battery","floor":5.0},{"not_picked":["Steam","Conserve Battery"],"picked":"Ball Lightning","floor":7.0},{"not_picked":["Coolheaded","Steam"],"picked":"FTL","floor":10.0},{"not_picked":["Streamline","Ball Lightning"],"picked":"Creative AI","floor":12.0},{"not_picked":["Streamline","Reboot"],"picked":"Hologram","floor":14.0},{"not_picked":["Cold Snap","Static Discharge+1","Skim"],"picked":"SKIP","floor":18.0},{"not_picked":["Sunder","Consume+1","Melter"],"picked":"SKIP","floor":23.0},{"not_picked":["Consume","Auto Shields+1"],"picked":"Force Field","floor":28.0},{"not_picked":["Sunder+1","Coolheaded"],"picked":"Force Field+1","floor":29.0},{"not_picked":["Gash","Streamline+1"],"picked":"Compile Driver+1","floor":35.0},{"not_picked":["Leap","Barrage"],"picked":"Hologram+1","floor":37.0},{"not_picked":["Beam Cell","Blizzard","Streamline+1"],"picked":"SKIP","floor":40.0},{"not_picked":["Hello World+1","Hologram"],"picked":"Turbo+1","floor":44.0},{"not_picked":["Steam","Rebound","Thunder Strike"],"picked":"SKIP","floor":45.0},{"not_picked":["Ball Lightning+1","Storm"],"picked":"Compile Driver+1","floor":47.0}],"player_experience":1589808,"relics_obtained":[{"floor":7.0,"key":"Oddly Smooth Stone"},{"floor":9.0,"key":"Gremlin Horn"},{"floor":10.0,"key":"Potion Belt"},{"floor":12.0,"key":"Juzu Bracelet"},{"floor":22.0,"key":"Red Mask"},{"floor":23.0,"key":"Toy Ornithopter"},{"floor":26.0,"key":"Pen Nib"},{"floor":28.0,"key":"PreservedInsect"},{"floor":29.0,"key":"Bag of Preparation"},{"floor":31.0,"key":"InkBottle"},{"floor":40.0,"key":"Boot"},{"floor":43.0,"key":"CaptainsWheel"},{"floor":44.0,"key":"Ginger"},{"floor":45.0,"key":"Nunchaku"},{"floor":47.0,"key":"DataDisk"}],"event_choices":[{"damage_healed":0.0,"max_hp_gain":0.0,"max_hp_loss":0.0,"gold_gain":0.0,"event_name":"The Cleric","player_choice":"Leave","floor":2.0,"gold_loss":0.0,"damage_taken":0.0},{"damage_healed":0.0,"max_hp_gain":0.0,"max_hp_loss":0.0,"gold_gain":0.0,"event_name":"Wheel of Change","player_choice":"Cursed","floor":3.0,"gold_loss":0.0,"damage_taken":0.0,"cards_obtained":["Decay"]},{"damage_healed":0.0,"max_hp_gain":5.0,"max_hp_loss":0.0,"gold_gain":0.0,"event_name":"Big Fish","player_choice":"Donut","floor":11.0,"gold_loss":0.0,"damage_taken":0.0},{"damage_healed":0.0,"max_hp_gain":0.0,"max_hp_loss":0.0,"gold_gain":75.0,"event_name":"World of Goop","player_choice":"Gather Gold","floor":13.0,"gold_loss":0.0,"damage_taken":11.0},{"damage_healed":0.0,"max_hp_gain":0.0,"max_hp_loss":40.0,"gold_gain":0.0,"event_name":"Ghosts","player_choice":"Became a Ghost","floor":19.0,"gold_loss":0.0,"damage_taken":0.0,"cards_obtained":["Ghostly","Ghostly","Ghostly","Ghostly","Ghostly"]},{"damage_healed":0.0,"max_hp_gain":0.0,"max_hp_loss":0.0,"gold_gain":99.0,"event_name":"Nest","player_choice":"Stole From Cult","floor":20.0,"gold_loss":0.0,"damage_taken":0.0},{"damage_healed":0.0,"max_hp_gain":0.0,"max_hp_loss":0.0,"gold_gain":0.0,"event_name":"Vampires","player_choice":"Ignored","floor":21.0,"gold_loss":0.0,"damage_taken":0.0},{"damage_healed":0.0,"max_hp_gain":0.0,"max_hp_loss":0.0,"gold_gain":0.0,"event_name":"Masked Bandits","player_choice":"Fought Bandits","floor":22.0,"gold_loss":0.0,"damage_taken":0.0},{"damage_healed":0.0,"max_hp_gain":0.0,"max_hp_loss":0.0,"gold_gain":0.0,"event_name":"Drug Dealer","player_choice":"Inject Mutagens","floor":24.0,"gold_loss":0.0,"damage_taken":0.0,"relics_obtained":["MutagenicStrength"]},{"damage_healed":0.0,"max_hp_gain":0.0,"max_hp_loss":0.0,"gold_gain":0.0,"event_name":"Lab","player_choice":"Got Potions","floor":25.0,"gold_loss":0.0,"damage_taken":0.0},{"damage_healed":0.0,"max_hp_gain":5.0,"max_hp_loss":0.0,"gold_gain":0.0,"event_name":"Forgotten Altar","player_choice":"Shed Blood","floor":27.0,"gold_loss":0.0,"damage_taken":10.0},{"damage_healed":0.0,"max_hp_gain":0.0,"max_hp_loss":0.0,"gold_gain":0.0,"event_name":"Transmorgrifier","player_choice":"Ignored","floor":38.0,"gold_loss":0.0,"damage_taken":0.0},{"damage_healed":0.0,"max_hp_gain":0.0,"max_hp_loss":0.0,"gold_gain":300.0,"event_name":"Wheel of Change","player_choice":"Gold","floor":39.0,"gold_loss":0.0,"damage_taken":0.0},{"damage_healed":0.0,"max_hp_gain":0.0,"max_hp_loss":2.0,"gold_gain":0.0,"event_name":"Winding Halls","player_choice":"Max HP","floor":41.0,"gold_loss":0.0,"damage_taken":0.0},{"damage_healed":0.0,"max_hp_gain":0.0,"max_hp_loss":0.0,"gold_gain":0.0,"event_name":"Mysterious Sphere","player_choice":"Fight","floor":44.0,"gold_loss":0.0,"damage_taken":0.0},{"damage_healed":0.0,"max_hp_gain":0.0,"max_hp_loss":0.0,"gold_gain":222.0,"event_name":"Tomb of Lord Red Mask","player_choice":"Wore Mask","floor":46.0,"gold_loss":0.0,"damage_taken":0.0},{"damage_healed":0,"gold_gain":0,"player_choice":"Paid Gold","damage_taken":0,"relics_obtained":["Symbiotic Virus"],"max_hp_gain":0,"max_hp_loss":0,"event_name":"WeMeetAgain","floor":48,"gold_loss":90}],"is_beta":false,"boss_relics":[{"not_picked":["Sozu","FrozenCore"],"picked":"Cursed Key"},{"not_picked":["Calling Bell","Fusion Hammer"],"picked":"SacredBark"}],"items_purged_floors":[36],"is_endless":false,"potions_floor_spawned":[1,5,7,12,22,28,29,44,47],"ascension_level":0}}