{"host":"q9qwbotttpvtd6fn","time":1614445895,"event":{"mods":["BaseMod","Colored Map","Colored Powertips","Highlight Path","Minty Spire (QoL Compilation)","Relic Stats","StSLib"],"gold_per_floor":[111,129,149,149,167,201,201,218,242,254,254],"floor_reached":10,"language":"ENG","playtime":393,"items_purged":[],"score":109,"play_id":"57f25ff8-f571-4b8f-9393-530c7eb60104","local_time":"20210227121135","is_ascension_mode":true,"campfire_choices":[{"floor":7,"key":"REST"}],"circlet_count":0,"master_deck":["AscendersBane","Strike_B","Strike_B","Strike_B","Strike_B","Defend_B","Defend_B","Defend_B","Defend_B","Zap+1","Dualcast","Rip and Tear","Loop","Consume","Skim","Defragment","Go for the Eyes"],"relics":["Cracked Core","Thread and Needle","MawBank"],"acts_visited":["Exordium"],"potions_floor_usage":[6,6,6],"damage_taken":[{"damage":10,"enemies":"Small Slimes","floor":1,"turns":3},{"damage":1,"enemies":"Cultist","floor":2,"turns":3},{"damage":3,"enemies":"2 Louse","floor":3,"turns":3},{"damage":16,"enemies":"Blue Slaver","floor":5,"turns":3},{"damage":20,"enemies":"3 Sentries","floor":6,"turns":5},{"damage":23,"enemies":"Lots of Slimes","floor":8,"turns":4},{"damage":23,"enemies":"Lagavulin","floor":10,"turns":4}],"seed_played":"-1100267314845910965","potions_obtained":[{"floor":3,"key":"EntropicBrew"}],"is_trial":false,"path_per_floor":["M","M","M","?","M","E","R","M","T","E"],"character_chosen":"DEFECT","items_purchased":[],"campfire_rested":1,"item_purchase_floors":[],"current_hp_per_floor":[58,57,54,54,38,18,40,17,17,0,0],"gold":254,"neow_bonus":"UPGRADE_CARD","is_daily":false,"chose_seed":false,"campfire_upgraded":0,"win_rate":0.0,"timestamp":1614445895,"path_taken":["M","M","M","?","?","E","R","M","T","E"],"items_purchased_type":[],"build_version":"2020-12-22","purchased_purges":0,"victory":false,"max_hp_per_floor":[75,75,75,75,75,75,75,75,75,75,75],"relic_stats":{"counters":[7,23],"MawBank":12,"obtain_stats":[{"Thread and Needle":6,"Cracked Core":0,"MawBank":9},{"Thread and Needle":5,"Cracked Core":0,"MawBank":6},{"Thread and Needle":15,"Cracked Core":0,"MawBank":19}]},"card_choices":[{"not_picked":["Turbo","Recycle"],"picked":"Rip and Tear","floor":1},{"not_picked":["Blizzard","FTL"],"picked":"Loop","floor":2},{"not_picked":["Rebound","Redo"],"picked":"Consume","floor":3},{"not_picked":["Steam","Force Field"],"picked":"Skim","floor":5},{"not_picked":["Thunder Strike","FTL"],"picked":"Defragment","floor":6},{"not_picked":["Consume","Streamline"],"picked":"Go for the Eyes","floor":8}],"player_experience":515018,"relics_obtained":[{"floor":6,"key":"Thread and Needle"},{"floor":9,"key":"MawBank"}],"event_choices":[{"damage_healed":0,"gold_gain":0,"player_choice":"Bought 0 Potions","damage_taken":0,"max_hp_gain":0,"max_hp_loss":0,"event_name":"The Woman in Blue","floor":4,"gold_loss":0}],"is_beta":false,"boss_relics":[],"items_purged_floors":[],"is_endless":false,"potions_floor_spawned":[3],"killed_by":"Lagavulin","ascension_level":11}}