{"host":"jfbo3eu2ui08ej1u","time":1614412530,"event":{"mods":["2.2 Compatiblity","AchievementEnabler","Act Like it!","Aspiration","BaseMod","Better Altar","Better Match","Better Note","Better Sensory Stone","Better Skull","Better Third Choice","Block Reminder","Colored Map","Colored Powertips","Conspire","DeckTracker","Displayed Cursed Tome","Energized Spire","Fox Events","GifTheSpireLib","Hermit","Hubris","Infinite Spire","Marked Mod","Minty Spire (QoL Compilation)","Monster B Gone","Pale of the Ancients","Poor People Problems","Quick Restart","Relic Filter","Reliquary","Reorder Act Four","Replay The Spire","Shop Mod","Spicy Shops","Spire Arcade","StSLib","Stuff the Spire","The Blue Laboratory","The Disciple","The Forsaken","The Hierophant","The Marked","Uncapped","Unceasing Turn Reminder","Wandering Minibosses"],"gold_per_floor":[112,125,145,165,181,181,212,212,261,261,273,284,284,311,311,311,311],"floor_reached":16,"language":"ENG","playtime":698,"items_purged":[],"score":228,"play_id":"b274e822-9588-475f-9cc2-9f3a2e2ed38a","local_time":"20210227025530","is_ascension_mode":true,"campfire_choices":[{"floor":6,"key":"REST"},{"floor":8,"key":"REST"},{"floor":10,"key":"REST"},{"data":"Hologram","floor":15,"key":"SMITH"}],"circlet_count":0,"master_deck":["AscendersBane","Strike_B","Strike_B","Strike_B","Strike_B","Defend_B","Defend_B","Defend_B","Defend_B","Zap","Dualcast+1","Coolheaded","Gash","Hologram+1","Conserve Battery","FTL+1","StuffTheSpire:LaunchingStrike","Melter","StuffTheSpire:Synthwave","Decay","Sweeping Beam"],"relics":["Cracked Core","reliquary:Buckler","Blood Vial","theForsaken:Lifeblossom"],"acts_visited":["Exordium"],"potions_floor_usage":[14,14],"damage_taken":[{"damage":1.0,"enemies":"Cultist","floor":1.0,"turns":4.0},{"damage":20.0,"enemies":"Small Slimes","floor":2.0,"turns":5.0},{"damage":0.0,"enemies":"2 Louse","floor":3.0,"turns":2.0},{"damage":20,"enemies":"Exordium Thugs","floor":4,"turns":7},{"damage":29,"enemies":"Large Slime","floor":5,"turns":11},{"damage":22,"enemies":"3 Sentries","floor":7,"turns":10},{"damage":2,"enemies":"Blue Slaver","floor":11,"turns":4},{"damage":5,"enemies":"Exordium Wildlife","floor":12,"turns":3},{"damage":41,"enemies":"Lagavulin","floor":14,"turns":8},{"damage":89,"enemies":"Fading Forest","floor":16,"turns":12}],"seed_played":"284013589856000317","potions_obtained":[{"floor":3.0,"key":"blueLaboratory:ExaltedPotion"},{"floor":4,"key":"Venom Potion"},{"floor":7,"key":"infinitespire:BlackPotion"},{"floor":12,"key":"blueLaboratory:ForbiddenFruitJuice"}],"is_trial":false,"path_per_floor":["M","M","M","M","M","R","E","R","T","R","M","M","?","E","R","B"],"character_chosen":"DEFECT","items_purchased":[],"campfire_rested":3,"item_purchase_floors":[],"current_hp_per_floor":[70,50,50,30,1,24,2,25,25,48,48,45,45,59,59,0,0],"gold":311,"neow_bonus":"TEN_PERCENT_HP_BONUS","is_daily":false,"chose_seed":false,"campfire_upgraded":1,"win_rate":0.0,"timestamp":1614412530,"path_taken":["M","M","M","M","M","R","E","R","T","R","M","?","?","E","R","BOSS"],"items_purchased_type":[],"build_version":"2020-12-22","purchased_purges":0,"victory":false,"max_hp_per_floor":[78,78,78,78,78,78,78,78,78,78,78,78,78,68,68,68,68],"card_choices":[{"not_picked":["Beam Cell","Steam"],"picked":"Coolheaded","floor":1.0},{"not_picked":["Hologram","Turbo"],"picked":"Gash","floor":2.0},{"not_picked":["ReplayTheSpireMod:System Scan","Barrage"],"picked":"Hologram","floor":3.0},{"not_picked":["StuffTheSpire:LoadUp","Rip and Tear"],"picked":"Conserve Battery","floor":4},{"not_picked":["Leap","StuffTheSpire:SnapShoot"],"picked":"FTL","floor":5},{"not_picked":["Conserve Battery","Loop"],"picked":"StuffTheSpire:LaunchingStrike","floor":7},{"not_picked":["Turbo","Barrage"],"picked":"Melter","floor":11},{"not_picked":["BootSequence","hubris:PowerSurge"],"picked":"StuffTheSpire:Synthwave","floor":12},{"not_picked":["StuffTheSpire:LoadUp","Conserve Battery"],"picked":"Sweeping Beam","floor":14}],"player_experience":1392094,"relics_obtained":[{"floor":7,"key":"reliquary:Buckler"},{"floor":9,"key":"Blood Vial"},{"floor":14,"key":"theForsaken:Lifeblossom"}],"event_choices":[{"damage_healed":0,"gold_gain":0,"player_choice":"Cursed","damage_taken":0,"max_hp_gain":0,"max_hp_loss":0,"event_name":"Wheel of Change","floor":13,"gold_loss":0,"cards_obtained":["Decay"]}],"is_beta":false,"boss_relics":[],"items_purged_floors":[],"is_endless":false,"potions_floor_spawned":[3,4,5,7,12],"killed_by":"Fading Forest","ascension_level":20}}