{"host":"Doisman","time":1614458824,"event":{"mods":["AchievementEnabler","BaseMod","Better Note","Curses Come First","Minty Spire (QoL Compilation)","Permanent Neow","Quick Restart","Relic Stats","Replay The Spire","StSLib","slay the spire mod where everything is the same but ironclad has a cowboy hat"],"gold_per_floor":[113,132,132,59,74,74,99,99,99,115,115,148,172,190,190,315,315,333,333,316,335,78,117,17,37,117,117,117,117,42,65,65,196,196,210,210,231,43,43,43,64,64,87,116,190,190,243,259,259,259],"floor_reached":51,"language":"ENG","playtime":2924,"items_purged":["ReplayTheSpireMod:Splinters","Clumsy"],"score":715,"play_id":"f6bf5d21-7a62-4943-b39d-bceb7a3bdad3","local_time":"20210227144704","is_ascension_mode":true,"campfire_choices":[{"data":"Neutralize","floor":6,"key":"SMITH"},{"data":"Toxin Wave","floor":8,"key":"SMITH"},{"data":"Deadly Poison","floor":15,"key":"SMITH"},{"data":"Adrenaline","floor":27,"key":"SMITH"},{"data":"Adrenaline","floor":29,"key":"SMITH"},{"data":"Replay:Bag of Tricks","floor":32,"key":"SMITH"},{"data":"Noxious Fumes","floor":40,"key":"SMITH"},{"data":"Well Laid Plans","floor":46,"key":"SMITH"},{"data":"Defend_G+1","floor":49,"key":"SMITH"}],"circlet_count":0,"master_deck":["Defend_G+2","Defend_G+1","Defend_G+2","Defend_G+2","Defend_G+1","Survivor","Neutralize+1","Cloak And Dagger","Toxin Wave+1","Deadly Poison+1","Deadly Poison","Adrenaline+1","Sneak Up","Adrenaline+1","Backflip","Replay:Bag of Tricks+1","Noxious Fumes+1","Toxin Wave+1","Backflip+1","Leg Sweep+1","Well Laid Plans+1","Madness","Madness","Footwork+1","ReplayTheSpireMod:Speed Training+1","ReplayTheSpireMod:Speed Training+1","PiercingWail"],"relics":["Runic Dome","HornCleat","Pet Ghost","Golden Idol","Ornamental Fan","Kintsugi","DollysMirror","Simple Rune","Eternal Feather","TwistedFunnel","CeramicFish","Mango","Happy Flower"],"acts_visited":["Exordium","TheCity","TheBeyond"],"potions_floor_usage":[23,33,45,45,47,50],"damage_taken":[{"damage":0,"enemies":"2 Louse","floor":1,"turns":4},{"damage":7,"enemies":"Jaw Worm","floor":2,"turns":3},{"damage":0,"enemies":"Cultist","floor":5,"turns":3},{"damage":3,"enemies":"Replay:BlueRogue","floor":7,"turns":5},{"damage":0,"enemies":"2 Fungi Beasts","floor":10,"turns":3},{"damage":4,"enemies":"Lagavulin","floor":12,"turns":5},{"damage":0,"enemies":"Large Slime","floor":13,"turns":5},{"damage":0,"enemies":"Blue Slaver","floor":14,"turns":3},{"damage":9,"enemies":"Hexaghost","floor":16,"turns":8},{"damage":0,"enemies":"Shell Parasite","floor":18,"turns":4},{"damage":2,"enemies":"2 Thieves","floor":20,"turns":4},{"damage":9,"enemies":"Shelled Parasite and Fungi","floor":21,"turns":4},{"damage":11,"enemies":"Gremlin Leader","floor":23,"turns":5},{"damage":10,"enemies":"Snake Plant","floor":25,"turns":4},{"damage":0,"enemies":"Centurion and Healer","floor":31,"turns":5},{"damage":43,"enemies":"Champ","floor":33,"turns":12},{"damage":0,"enemies":"3 Darklings","floor":35,"turns":5},{"damage":0,"enemies":"3 Shapes","floor":37,"turns":4},{"damage":0,"enemies":"Jaw Worm Horde","floor":41,"turns":3},{"damage":0,"enemies":"4 Shapes","floor":44,"turns":2},{"damage":6,"enemies":"2 Orb Walkers","floor":45,"turns":5},{"damage":9,"enemies":"Reptomancer","floor":47,"turns":6},{"damage":0,"enemies":"Spire Growth","floor":48,"turns":5},{"damage":47,"enemies":"Time Eater","floor":50,"turns":16}],"seed_played":"-8848471822852328369","potions_obtained":[{"floor":5,"key":"Dexterity Potion"},{"floor":7,"key":"Elixir"},{"floor":12,"key":"FearPotion"},{"floor":13,"key":"Swift Potion"},{"floor":21,"key":"SkillPotion"},{"floor":25,"key":"Energy Potion"},{"floor":35,"key":"FearPotion"},{"floor":37,"key":"Fire Potion"},{"floor":47,"key":"Milkshake"}],"is_trial":false,"path_per_floor":["M","M","?","$","M","R","E","R","T","M","?","E","M","M","R","B",null,"M","?","M","M","$","E","$","M","T","R","?","R","?","M","R","B",null,"M","?","M","$","?","R","M","$","T","M","?","R","E","M","R","B",null],"character_chosen":"THE_SILENT","items_purchased":["Toxin Wave","Noxious Fumes","DollysMirror","TwistedFunnel","Well Laid Plans"],"campfire_rested":0,"item_purchase_floors":[4,22,22,38,38],"current_hp_per_floor":[70,63,68,68,68,68,65,65,65,65,65,61,61,61,61,52,69,69,69,67,58,58,47,47,37,37,49,49,61,61,61,69,26,69,69,69,69,69,60,69,69,69,69,69,77,83,74,74,83,36],"gold":259,"neow_bonus":"BOSS_RELIC","is_daily":false,"chose_seed":false,"campfire_upgraded":9,"win_rate":0.0,"timestamp":1614458824,"path_taken":["M","M","?","$","M","R","E","R","T","M","?","E","?","M","R","BOSS","M","?","M","M","$","E","$","M","T","R","?","R","?","M","R","BOSS","M","?","M","$","?","R","M","$","T","M","?","R","E","M","R","BOSS"],"items_purchased_type":["Card","Card","Relic","Relic","Card"],"build_version":"2020-12-18","purchased_purges":2,"victory":true,"max_hp_per_floor":[70,70,75,75,75,75,75,75,75,75,69,69,69,69,69,69,69,69,69,69,69,69,69,69,69,69,69,69,69,69,69,69,69,69,69,69,69,69,69,69,69,69,69,69,83,83,83,83,83,83],"relic_stats":{"Happy Flower":[7],"counters":[24,123],"Golden Idol":161,"Ornamental Fan":[76],"CeramicFish":27,"Eternal Feather":56,"obtain_stats":[{"TwistedFunnel":38,"Happy Flower":47,"Golden Idol":11,"CeramicFish":43,"Eternal Feather":26,"Mango":45,"Pet Ghost":9,"Runic Dome":0,"HornCleat":7,"Ornamental Fan":12,"DollysMirror":22,"Simple Rune":23,"Kintsugi":17,"Ring of the Snake":0},{"TwistedFunnel":18,"Happy Flower":22,"Golden Idol":5,"CeramicFish":19,"Eternal Feather":14,"Mango":21,"Pet Ghost":4,"Runic Dome":0,"HornCleat":4,"Ornamental Fan":6,"DollysMirror":12,"Simple Rune":13,"Kintsugi":9,"Ring of the Snake":0},{"TwistedFunnel":86,"Happy Flower":102,"Golden Idol":18,"CeramicFish":89,"Eternal Feather":60,"Mango":96,"Pet Ghost":15,"Runic Dome":0,"HornCleat":15,"Ornamental Fan":23,"DollysMirror":51,"Simple Rune":56,"Kintsugi":39,"Ring of the Snake":0}]},"card_choices":[{"not_picked":["Dagger Throw","Choke"],"picked":"Quick Slash","floor":1},{"not_picked":["ReplayTheSpireMod:Scrap Shanks","All Out Attack"],"picked":"Cloak And Dagger","floor":2},{"not_picked":["Prepared","Dagger Spray"],"picked":"Deadly Poison","floor":5},{"not_picked":["Underhanded Strike","ReplayTheSpireMod:Shiv Toss"],"picked":"Deadly Poison","floor":7},{"not_picked":["Dodge and Roll","Deadly Poison"],"picked":"Adrenaline","floor":10},{"not_picked":["Flechettes","Fluid Movement","Blur"],"picked":"SKIP","floor":12},{"not_picked":["Catalyst","Acrobatics"],"picked":"Sneak Up","floor":13},{"not_picked":["Flying Knee","Dagger Spray"],"picked":"Sneak Up","floor":14},{"not_picked":["Grand Finale","Bullet Time"],"picked":"Adrenaline","floor":16},{"not_picked":["Quick Slash","Cloak And Dagger","Bane"],"picked":"SKIP","floor":18},{"not_picked":["Expertise+1","Cloak And Dagger"],"picked":"Backflip","floor":20},{"not_picked":["Outmaneuver","Underhanded Strike"],"picked":"Replay:Bag of Tricks","floor":21},{"not_picked":["Dagger Throw+1","PiercingWail"],"picked":"Backflip+1","floor":23},{"not_picked":["Dagger Throw+1","Flying Knee","Slice"],"picked":"SKIP","floor":25},{"not_picked":["Replay:Bag of Tricks","Dodge and Roll+1"],"picked":"Leg Sweep+1","floor":31},{"not_picked":["Skewer+1","Dagger Throw+1","Flying Knee+1"],"picked":"SKIP","floor":35},{"not_picked":["Dodge and Roll","ReplayTheSpireMod:The Works","Calculated Gamble"],"picked":"SKIP","floor":37},{"not_picked":["Sucker Punch","Backstab"],"picked":"Footwork+1","floor":41},{"not_picked":["Acrobatics+1","Deadly Poison+1"],"picked":"ReplayTheSpireMod:Speed Training+1","floor":44},{"not_picked":["Venomology","Flying Knee"],"picked":"ReplayTheSpireMod:Speed Training+1","floor":45},{"not_picked":["Dagger Throw+1","Finisher"],"picked":"PiercingWail","floor":47},{"not_picked":["PiercingWail","Setup","Riddle With Holes+1"],"picked":"SKIP","floor":48}],"player_experience":813613,"relics_obtained":[{"floor":7,"key":"HornCleat"},{"floor":9,"key":"Pet Ghost"},{"floor":12,"key":"Ornamental Fan"},{"floor":23,"key":"Simple Rune"},{"floor":26,"key":"Eternal Feather"},{"floor":43,"key":"CeramicFish"},{"floor":45,"key":"Mango"},{"floor":47,"key":"Happy Flower"}],"event_choices":[{"damage_healed":0,"gold_gain":0,"player_choice":"Donut","damage_taken":0,"max_hp_gain":5,"max_hp_loss":0,"event_name":"Big Fish","floor":3,"gold_loss":0},{"damage_healed":0,"gold_gain":0,"player_choice":"Lose Max HP","damage_taken":0,"relics_obtained":["Golden Idol"],"max_hp_gain":0,"max_hp_loss":6,"event_name":"Golden Idol","floor":11,"gold_loss":0},{"cards_removed":["ReplayTheSpireMod:Splinters"],"damage_healed":0,"gold_gain":0,"player_choice":"Give","damage_taken":0,"max_hp_gain":0,"max_hp_loss":0,"event_name":"betterNote:BetterNote","floor":19,"gold_loss":0,"cards_obtained":["Die Die Die"]},{"damage_healed":0,"gold_gain":0,"player_choice":"Simplicity","damage_taken":0,"max_hp_gain":0,"max_hp_loss":0,"event_name":"Back to Basics","floor":28,"gold_loss":0,"cards_upgraded":["Defend_G","Defend_G","Defend_G","Defend_G","Defend_G"]},{"cards_removed":["Quick Slash"],"damage_healed":0,"gold_gain":0,"player_choice":"Gave Gold","damage_taken":0,"max_hp_gain":0,"max_hp_loss":0,"event_name":"Beggar","floor":30,"gold_loss":75},{"cards_removed":["Sneak Up"],"damage_healed":0,"gold_gain":0,"player_choice":"Removed Skill","damage_taken":0,"max_hp_gain":0,"max_hp_loss":0,"event_name":"Falling","floor":36,"gold_loss":0},{"damage_healed":0,"gold_gain":0,"player_choice":"Embrace Madness","damage_taken":9,"max_hp_gain":0,"max_hp_loss":0,"event_name":"Winding Halls","floor":39,"gold_loss":0,"cards_obtained":["Madness","Madness"]},{"damage_healed":0,"gold_gain":0,"player_choice":"Fight","damage_taken":0,"max_hp_gain":0,"max_hp_loss":0,"event_name":"Mysterious Sphere","floor":45,"gold_loss":0}],"is_beta":true,"boss_relics":[{"not_picked":["SlaversCollar","Cursed Key"],"picked":"Kintsugi"},{"not_picked":["Snecko Heart","Snecko Scales","ChewingGum"]}],"items_purged_floors":[22,24],"is_endless":false,"potions_floor_spawned":[5,7,12,13,21,25,31,35,37,47],"ascension_level":1}}