{"host":"8is2j71l4wmybkoi","time":1614441462,"event":{"mods":["AchievementEnabler","BaseMod","Colored Map","DeckTracker","Minty Spire (QoL Compilation)","Rare Cards Sparkle","Relic Stats","StSLib","SuperFastMode"],"gold_per_floor":[114,125,145,160,171,205,205,231,286,20,30,30,58,77,77,151,151,161,161,174,174,174,207,226,226,299,327,327,327,337,353,353,427,427,445,445,42,53,78,78,103,115,115,143,143,154,164,164,164,164,164,164,16,46,46],"floor_reached":56,"language":"KOR","playtime":3054,"items_purged":["Strike_B"],"score":2040,"play_id":"bb83d11a-4926-4254-8895-49ced5bf5bd6","local_time":"20210228005742","is_ascension_mode":true,"campfire_choices":[{"data":"Defragment","floor":7.0,"key":"SMITH"},{"floor":12.0,"key":"REST"},{"data":"Heatsinks","floor":15.0,"key":"SMITH"},{"data":"Creative AI","floor":25,"key":"SMITH"},{"data":"Capacitor","floor":32,"key":"SMITH"},{"data":"Coolheaded","floor":40,"key":"SMITH"},{"data":"Seek","floor":45,"key":"SMITH"},{"floor":49,"key":"RECALL"},{"floor":52,"key":"REST"}],"circlet_count":0,"master_deck":["AscendersBane","Strike_B","Strike_B","Strike_B","Defend_B","Defend_B","Defend_B","Defend_B","Zap","Dualcast","Cold Snap","Barrage","Cold Snap","Genetic Algorithm","Capacitor+1","Defragment+1","Fission","Melter","Conserve Battery","Glacier","Self Repair","Heatsinks+1","Core Surge","Hologram","Coolheaded+1","Creative AI+1","Chaos+1","Turbo","Flash of Steel","Compile Driver","Biased Cognition","Stack+1","Seek+1","BootSequence","Chill","Compile Driver+1"],"relics":["Cracked Core","NeowsBlessing","Centennial Puzzle","Gremlin Horn","Ancient Tea Set","Ornamental Fan","Sundial","Nloth\u0027s Gift","Regal Pillow","Pantograph","Anchor","SlaversCollar","Lee\u0027s Waffle","Mummified Hand","Emotion Chip","Darkstone Periapt","Gambling Chip","Molten Egg 2","OrangePellets","Bottled Tornado"],"acts_visited":["Exordium","TheCity","TheBeyond","TheEnding"],"potions_floor_usage":[33,41,41,42,42,42,50,50],"damage_taken":[{"damage":0.0,"enemies":"Cultist","floor":1.0,"turns":1.0},{"damage":0.0,"enemies":"Jaw Worm","floor":2.0,"turns":1.0},{"damage":0.0,"enemies":"Small Slimes","floor":3.0,"turns":1.0},{"damage":4.0,"enemies":"Exordium Thugs","floor":4.0,"turns":4.0},{"damage":0.0,"enemies":"Large Slime","floor":5.0,"turns":4.0},{"damage":21.0,"enemies":"3 Sentries","floor":6.0,"turns":5.0},{"damage":10.0,"enemies":"Lagavulin","floor":8.0,"turns":6.0},{"damage":2.0,"enemies":"Looter","floor":11.0,"turns":4.0},{"damage":15.0,"enemies":"3 Sentries","floor":13.0,"turns":6.0},{"damage":1.0,"enemies":"Lots of Slimes","floor":14.0,"turns":3.0},{"damage":8.0,"enemies":"The Guardian","floor":16.0,"turns":15.0},{"damage":6.0,"enemies":"Shell Parasite","floor":18.0,"turns":5.0},{"damage":3.0,"enemies":"2 Thieves","floor":20.0,"turns":4.0},{"damage":37.0,"enemies":"Slavers","floor":23.0,"turns":11.0},{"damage":7.0,"enemies":"Sentry and Sphere","floor":24.0,"turns":6.0},{"damage":29,"enemies":"Book of Stabbing","floor":27,"turns":9},{"damage":13,"enemies":"Snecko","floor":30,"turns":9},{"damage":7,"enemies":"Centurion and Healer","floor":31,"turns":13},{"damage":57,"enemies":"Collector","floor":33,"turns":12},{"damage":29,"enemies":"3 Darklings","floor":35,"turns":9},{"damage":0,"enemies":"3 Shapes","floor":38,"turns":6},{"damage":0,"enemies":"Mind Bloom Boss Battle","floor":39,"turns":7},{"damage":4,"enemies":"Nemesis","floor":41,"turns":9},{"damage":19,"enemies":"Jaw Worm Horde","floor":42,"turns":4},{"damage":9,"enemies":"Giant Head","floor":44,"turns":13},{"damage":4,"enemies":"Spire Growth","floor":46,"turns":5},{"damage":8,"enemies":"Maw","floor":47,"turns":9},{"damage":70,"enemies":"Awakened One","floor":50,"turns":14},{"damage":0,"enemies":"Shield and Spear","floor":54,"turns":9},{"damage":13,"enemies":"The Heart","floor":55,"turns":7}],"seed_played":"-6669448412667810606","potions_obtained":[{"floor":1.0,"key":"Weak Potion"},{"floor":4.0,"key":"Explosive Potion"},{"floor":5.0,"key":"FocusPotion"},{"floor":13.0,"key":"FearPotion"},{"floor":14.0,"key":"Energy Potion"},{"floor":16.0,"key":"FocusPotion"},{"floor":23.0,"key":"Swift Potion"},{"floor":29,"key":"FairyPotion"},{"floor":29,"key":"Explosive Potion"},{"floor":33,"key":"GamblersBrew"},{"floor":38,"key":"EntropicBrew"},{"floor":39,"key":"EntropicBrew"},{"floor":41,"key":"Energy Potion"},{"floor":47,"key":"Dexterity Potion"}],"is_trial":false,"path_per_floor":["M","M","M","M","M","E","R","E","T","$","M","R","E","M","R","B",null,"M","T","M","?","?","E","M","R","T","E","?","?","M","M","R","B",null,"M","?","$","M","?","R","E","M","T","E","R","M","M","T","R","B",null,"R","$","E","B",null],"character_chosen":"DEFECT","items_purchased":["Melter","Conserve Battery","DistilledChaos","Lee\u0027s Waffle","Mummified Hand","OrangePellets"],"campfire_rested":2,"item_purchase_floors":[10,10,10,37,37,53],"current_hp_per_floor":[64,64,64,60,60,39,39,29,29,29,27,48,33,39,39,38,63,64,64,68,68,68,38,38,38,38,16,30,30,24,24,24,28,60,38,38,78,78,78,78,78,66,66,64,64,67,66,66,66,15,62,78,78,78,72],"gold":46,"neow_bonus":"THREE_ENEMY_KILL","is_daily":false,"chose_seed":false,"campfire_upgraded":6,"win_rate":0.0,"timestamp":1614441462,"path_taken":["M","M","?","M","M","E","R","E","T","$","M","R","E","M","R","BOSS","M","?","M","?","?","E","?","R","T","E","?","?","M","?","R","BOSS","M","?","$","M","?","R","E","M","T","E","R","M","M","?","R","BOSS","R","$","E","BOSS"],"items_purchased_type":["Card","Card","Potion","Relic","Relic","Relic"],"build_version":"2020-12-22","purchased_purges":1,"victory":true,"max_hp_per_floor":[71,71,71,71,71,71,71,71,71,71,71,71,71,71,71,71,71,71,71,71,71,71,71,71,71,71,71,71,71,71,71,71,71,71,71,71,78,78,78,78,78,78,78,78,78,78,78,78,78,78,78,78,78,78,78],"relic_stats":{"Darkstone Periapt":0,"Regal Pillow":0,"Lee\u0027s Waffle":40,"Gremlin Horn":[26,26],"counters":[30,211],"OrangePellets":[10],"Centennial Puzzle":[63],"Emotion Chip":[71,27,34,7,3],"Ornamental Fan":[232],"Sundial":[32],"Mummified Hand":[171],"Pantograph":37,"Gambling Chip":[17],"Nloth\u0027s Gift":4,"obtain_stats":[{"Darkstone Periapt":41,"Regal Pillow":23,"Lee\u0027s Waffle":37,"NeowsBlessing":0,"Gremlin Horn":8,"Bottled Tornado":54,"Ancient Tea Set":9,"Sozu":17,"SlaversCollar":34,"OrangePellets":53,"Centennial Puzzle":6,"Anchor":27,"Emotion Chip":39,"Ornamental Fan":13,"Sundial":19,"Mummified Hand":37,"Pantograph":26,"Gambling Chip":44,"Molten Egg 2":48,"Nloth\u0027s Gift":22,"Cracked Core":0},{"Darkstone Periapt":23,"Regal Pillow":14,"Lee\u0027s Waffle":20,"NeowsBlessing":0,"Gremlin Horn":7,"Bottled Tornado":29,"Ancient Tea Set":7,"Sozu":11,"SlaversCollar":19,"OrangePellets":28,"Centennial Puzzle":6,"Anchor":16,"Emotion Chip":22,"Ornamental Fan":9,"Sundial":12,"Mummified Hand":20,"Pantograph":15,"Gambling Chip":25,"Molten Egg 2":27,"Nloth\u0027s Gift":13,"Cracked Core":0},{"Darkstone Periapt":150,"Regal Pillow":70,"Lee\u0027s Waffle":128,"NeowsBlessing":0,"Gremlin Horn":22,"Bottled Tornado":204,"Ancient Tea Set":22,"Sozu":50,"SlaversCollar":119,"OrangePellets":195,"Centennial Puzzle":16,"Anchor":85,"Emotion Chip":141,"Ornamental Fan":32,"Sundial":55,"Mummified Hand":128,"Pantograph":76,"Gambling Chip":167,"Molten Egg 2":181,"Nloth\u0027s Gift":59,"Cracked Core":0}]},"card_choices":[{"not_picked":["Stack","Consume"],"picked":"Cold Snap","floor":1.0},{"not_picked":["Go for the Eyes","Steam"],"picked":"Barrage","floor":2.0},{"not_picked":["Rebound","Force Field"],"picked":"Cold Snap","floor":3.0},{"not_picked":["Steam","Coolheaded"],"picked":"Genetic Algorithm","floor":4.0},{"not_picked":["Stack","Double Energy"],"picked":"Capacitor","floor":5.0},{"not_picked":["Redo","Hologram"],"picked":"Defragment","floor":6.0},{"not_picked":["Rebound","Gash"],"picked":"Fission","floor":8.0},{"not_picked":["Cold Snap","Loop"],"picked":"Glacier","floor":11.0},{"not_picked":["Beam Cell","Force Field"],"picked":"Self Repair","floor":13.0},{"not_picked":["Static Discharge","Lockon"],"picked":"Heatsinks","floor":14.0},{"not_picked":["Rainbow","Biased Cognition"],"picked":"Core Surge","floor":16.0},{"not_picked":["Heatsinks","Streamline","Barrage"],"picked":"SKIP","floor":18.0},{"not_picked":["Redo","Go for the Eyes"],"picked":"Hologram","floor":20.0},{"not_picked":["Beam Cell","Sunder"],"picked":"Coolheaded","floor":23.0},{"not_picked":["Beam Cell+1","Stack"],"picked":"Creative AI","floor":24.0},{"not_picked":["Leap","Hologram","Rebound"],"picked":"SKIP","floor":27},{"not_picked":["Steam","Leap","Hyperbeam"],"picked":"SKIP","floor":30},{"not_picked":["Sweeping Beam","Hyperbeam"],"picked":"Chaos+1","floor":31},{"not_picked":["Compile Driver","Sweeping Beam"],"picked":"Turbo","floor":35},{"not_picked":["Trip","Dramatic Entrance"],"picked":"Flash of Steel","floor":36},{"not_picked":["Streamline","Sweeping Beam"],"picked":"Compile Driver","floor":38},{"not_picked":["Sunder","Go for the Eyes+1"],"picked":"Biased Cognition","floor":41},{"not_picked":["Sunder","Leap"],"picked":"Stack+1","floor":42},{"not_picked":["BootSequence","All For One"],"picked":"Seek","floor":44},{"not_picked":["Cold Snap","Hologram"],"picked":"BootSequence","floor":46},{"not_picked":["Go for the Eyes","Darkness"],"picked":"Chill","floor":47},{"not_picked":["Force Field","Core Surge+1"],"picked":"Compile Driver+1","floor":54}],"player_experience":1366944,"relics_obtained":[{"floor":6.0,"key":"Centennial Puzzle"},{"floor":8.0,"key":"Gremlin Horn"},{"floor":9.0,"key":"Ancient Tea Set"},{"floor":13.0,"key":"Ornamental Fan"},{"floor":19.0,"key":"Sundial"},{"floor":23.0,"key":"Regal Pillow"},{"floor":26,"key":"Pantograph"},{"floor":27,"key":"Anchor"},{"floor":39,"key":"Emotion Chip"},{"floor":41,"key":"Darkstone Periapt"},{"floor":44,"key":"Gambling Chip"},{"floor":48,"key":"Molten Egg 2"},{"floor":54,"key":"Bottled Tornado"}],"event_choices":[{"damage_healed":0.0,"max_hp_gain":0.0,"max_hp_loss":0.0,"gold_gain":0.0,"event_name":"Ghosts","player_choice":"Ignored","floor":21.0,"gold_loss":0.0,"damage_taken":0.0},{"damage_healed":0.0,"max_hp_gain":0.0,"max_hp_loss":0.0,"gold_gain":0.0,"event_name":"N\u0027loth","player_choice":"Traded Relic","floor":22.0,"relics_lost":["Sozu"],"gold_loss":0.0,"damage_taken":0.0,"relics_obtained":["Nloth\u0027s Gift"]},{"damage_healed":14,"gold_gain":0,"player_choice":"Heal","damage_taken":0,"max_hp_gain":0,"max_hp_loss":0,"event_name":"The Library","floor":28,"gold_loss":0},{"damage_healed":0,"gold_gain":0,"player_choice":"Got Potions","damage_taken":0,"max_hp_gain":0,"max_hp_loss":0,"event_name":"Lab","floor":29,"gold_loss":0},{"damage_healed":0,"gold_gain":0,"player_choice":"Memory 1","damage_taken":0,"max_hp_gain":0,"max_hp_loss":0,"event_name":"SensoryStone","floor":36,"gold_loss":0},{"damage_healed":0,"gold_gain":0,"player_choice":"Fight","damage_taken":0,"max_hp_gain":0,"max_hp_loss":0,"event_name":"MindBloom","floor":39,"gold_loss":0}],"is_beta":false,"boss_relics":[{"not_picked":["Velvet Choker","SacredBark"],"picked":"Sozu"},{"not_picked":["Black Star","Inserter"],"picked":"SlaversCollar"}],"items_purged_floors":[10],"is_endless":false,"potions_floor_spawned":[1,4,5,13,14,16,23,31,33,38,39,41,47],"ascension_level":15}}