{"host":"bakf0s4odzu8z5xt","time":1614460074,"event":{"mods":["2.2 Compatiblity","BaseMod","Downfall","Friendly Minions","Minty Spire (QoL Compilation)","StSLib"],"gold_per_floor":[99,112,262,279,289,317,317,317,329,339,339,249,149,34,53,151,151,151,167,181,196,196,196,196,230,245,245,262,62,92,92,109,204,204,204,217,229,243,243,263,263,42,42,60,70,89,89,121,137,137,137,137],"floor_reached":50,"language":"ENG","playtime":3943,"items_purged":["downfall:Malfunctioning","downfall:Icky","hexamod:Strike"],"score":759,"play_id":"3836fc26-8277-446d-9c19-67c3bdb2988e","local_time":"20210227130754","is_ascension_mode":true,"campfire_choices":[{"data":"hexamod:Sear","floor":1,"key":"SMITH"},{"data":"hexamod:HeatShield","floor":13,"key":"SMITH"},{"data":"hexamod:ForkedFlame","floor":18,"key":"SMITH"},{"floor":27,"key":"RECALL"},{"floor":29,"key":"DIG"},{"floor":35,"key":"DIG"},{"floor":43,"key":"DIG"},{"floor":47,"key":"REST"}],"circlet_count":0,"master_deck":["hexamod:Strike+1","hexamod:Strike+1","hexamod:Strike+1","hexamod:Defend","hexamod:Defend+1","hexamod:Defend","hexamod:Defend+1","hexamod:Sear+1","hexamod:Float+1","hexamod:HeatMetal+1","hexamod:HeatShield+1","hexamod:ChargedBarrage+1","hexamod:SoulSteal+1","hexamod:PhantomCloak","hexamod:Firestarter+1","hexamod:GhostflameBarrier+1","hexamod:ForkedFlame+1","hexamod:AdvancingGuard+1","hexamod:FastForward","hexamod:Hexaguard+1","hexamod:TimeOfNeed","hexamod:SpectralAdrenaline+1","hexamod:InspiringFlames+1","hexamod:SixthSeal","Blind","hexamod:RadiantFlame+1","hexamod:HeatShield+1","hexamod:VolcanoVisage"],"relics":["hexamod:SpiritBrand","StrikeDummy","Art of War","GremlinMask","downfall:HeartBlessingGreen","hexamod:IceCube","Shovel","downfall:HeartBlessingRed","downfall:HeartBlessingBlue","War Paint","Pear","sneckomod:SneckoTalon","Toy Ornithopter","hexamod:TheBrokenSeal","hexamod:InflammatoryLetter","Darkstone Periapt","Bag of Marbles"],"acts_visited":["Exordium","TheCity","TheBeyond"],"potions_floor_usage":[10,14,16,20,26,26,30,30,30,33,38,44,46,46,49,49,50],"damage_taken":[{"damage":5,"enemies":"2 Louse","floor":2,"turns":3},{"damage":0,"enemies":"Cultist","floor":4,"turns":3},{"damage":8,"enemies":"Small Slimes","floor":5,"turns":3},{"damage":35,"enemies":"3 Sentries","floor":6,"turns":10},{"damage":0,"enemies":"Exordium Wildlife","floor":9,"turns":3},{"damage":4,"enemies":"3 Louse","floor":10,"turns":3},{"damage":5,"enemies":"downfall:FleeingMerchant","floor":12,"turns":4},{"damage":2,"enemies":"downfall:FleeingMerchant","floor":14,"turns":4},{"damage":0,"enemies":"Large Slime","floor":15,"turns":4},{"damage":44,"enemies":"DF_ARCHETYPE_STREAMLINE","floor":16,"turns":8},{"damage":0,"enemies":"Chosen","floor":19,"turns":4},{"damage":0,"enemies":"Spheric Guardian","floor":20,"turns":5},{"damage":0,"enemies":"Centurion and Healer","floor":21,"turns":5},{"damage":43,"enemies":"Gremlin Leader","floor":25,"turns":6},{"damage":7,"enemies":"Cultist and Chosen","floor":26,"turns":5},{"damage":0,"enemies":"Snecko","floor":28,"turns":4},{"damage":23,"enemies":"Slavers","floor":30,"turns":5},{"damage":10,"enemies":"Centurion and Healer","floor":32,"turns":4},{"damage":40,"enemies":"IC_MUSHROOM_ARCHETYPE","floor":33,"turns":10},{"damage":6,"enemies":"3 Shapes","floor":36,"turns":6},{"damage":20,"enemies":"3 Darklings","floor":37,"turns":7},{"damage":21,"enemies":"Jaw Worm Horde","floor":38,"turns":7},{"damage":36,"enemies":"Spire Growth","floor":40,"turns":7},{"damage":0,"enemies":"downfall:FleeingMerchant","floor":42,"turns":4},{"damage":28,"enemies":"4 Shapes","floor":44,"turns":7},{"damage":0,"enemies":"3 Darklings","floor":45,"turns":5},{"damage":29,"enemies":"Transient","floor":46,"turns":5},{"damage":45,"enemies":"Reptomancer","floor":48,"turns":8},{"damage":18,"enemies":"Jaw Worm Horde","floor":49,"turns":7},{"damage":22,"enemies":"WA_ARCHETYPE_DIVINITY","floor":50,"turns":11}],"seed_played":"8429949983407319697","potions_obtained":[{"floor":2,"key":"hexamod:InfernoChargePotion"},{"floor":9,"key":"Ancient Potion"},{"floor":10,"key":"hexamod:DoubleChargePotion"},{"floor":15,"key":"hexamod:DoubleChargePotion"},{"floor":16,"key":"BlessingOfTheForge"},{"floor":25,"key":"AttackPotion"},{"floor":26,"key":"BlessingOfTheForge"},{"floor":28,"key":"EntropicBrew"},{"floor":31,"key":"CultistPotion"},{"floor":32,"key":"bronze:BurnAndBuffPotion"},{"floor":37,"key":"FearPotion"},{"floor":37,"key":"hexamod:SoulburnPotion"},{"floor":40,"key":"SpeedPotion"},{"floor":44,"key":"Block Potion"},{"floor":46,"key":"Strength Potion"},{"floor":48,"key":"BlessingOfTheForge"}],"is_trial":false,"path_per_floor":["R","M","?","M","M","E","T","?","M","M","?","$","R","$","M","B",null,"R","M","M","M","?","?","T","E","M","R","M","R","E","?","M","B",null,"R","M","M","M","?","M","T","$","R","M","M","M","R","E","M","B"],"character_chosen":"THE_SPIRIT","items_purchased":["Blind"],"campfire_rested":1,"item_purchase_floors":[42],"current_hp_per_floor":[70,65,65,65,57,22,22,22,29,32,32,34,34,39,46,9,60,60,67,74,74,74,74,74,38,38,38,45,55,49,49,46,13,76,76,77,57,48,48,80,80,80,80,57,57,38,70,25,17,0,0,0],"gold":137,"neow_bonus":"TEN_PERCENT_HP_BONUS","is_daily":false,"chose_seed":false,"campfire_upgraded":3,"win_rate":0.0,"timestamp":1614460074,"path_taken":["R","M","?","M","M","E","T","?","M","?","?","$","R","$","M","BOSS","R","M","M","M","?","?","T","E","M","R","M","R","E","?","M","BOSS","R","M","M","M","?","M","T","$","R","M","M","M","R","E","M","BOSS"],"items_purchased_type":["Card"],"build_version":"2020-12-22","purchased_purges":3,"victory":false,"max_hp_per_floor":[77,77,77,77,77,77,77,77,77,77,77,77,77,77,77,77,77,77,77,77,77,77,77,77,77,77,77,77,87,97,97,97,97,97,97,97,97,97,97,107,107,107,107,107,107,107,107,107,107,107,107,107],"card_choices":[{"not_picked":["hexamod:Again","hexamod:ThermalTransfer"],"picked":"hexamod:HeatMetal","floor":2},{"not_picked":["hexamod:HeatMetal","hexamod:SwordOfDarkness"],"picked":"hexamod:FirstSeal","floor":4},{"not_picked":["hexamod:NightmareGuise","hexamod:SwordOfDarkness"],"picked":"hexamod:HeatShield","floor":5},{"not_picked":["hexamod:GhostLash","hexamod:EtherealExpedition","hexamod:Again"],"picked":"SKIP","floor":6},{"not_picked":["hexamod:GhostOfSpireFuture","hexamod:PowerFromBeyond"],"picked":"hexamod:ChargedBarrage","floor":9},{"not_picked":["hexamod:GhostOfSpirePast","hexamod:FlamesFromBeyond"],"picked":"hexamod:SoulSteal","floor":10},{"not_picked":["hexamod:RainOfEmbers","hexamod:NightmareGuise"],"picked":"hexamod:PhantomCloak","floor":12},{"not_picked":["hexamod:GhostOfSpirePresent","hexamod:HeatShield"],"picked":"hexamod:Firestarter","floor":14},{"not_picked":["hexamod:HauntingEcho","hexamod:AdvancingGuard"],"picked":"hexamod:GhostflameBarrier","floor":15},{"not_picked":["hexamod:TimeWarp","hexamod:GhostOfSpirePresent"],"picked":"hexamod:ForkedFlame","floor":16},{"not_picked":["hexamod:NightmareStrike","hexamod:Again"],"picked":"hexamod:AdvancingGuard+1","floor":19},{"not_picked":["hexamod:Rewind+1","hexamod:GhostOfSpireFuture","hexamod:SuperheatedStrike"],"picked":"SKIP","floor":20},{"not_picked":["hexamod:BacktrackSmack+1","hexamod:NecessarySacrifice"],"picked":"hexamod:FastForward","floor":21},{"not_picked":["hexamod:GhostLash","hexamod:ThirdSeal","hexamod:ApocalypseNow"],"picked":"SKIP","floor":25},{"not_picked":["hexamod:SuperheatedStrike","hexamod:ShieldOfDarkness"],"picked":"hexamod:Hexaguard","floor":26},{"not_picked":["hexamod:BacktrackSmack","hexamod:HauntingEcho","hexamod:Rewind+1"],"picked":"SKIP","floor":28},{"not_picked":["hexamod:Firestarter","hexamod:SuperheatedStrike"],"picked":"hexamod:TimeOfNeed","floor":30},{"not_picked":["hexamod:GhostOfSpireFuture","hexamod:NightmareGuise","hexamod:ThermalTransfer"],"picked":"SKIP","floor":32},{"not_picked":["hexamod:SearingWound","hexamod:ApocalypseNow"],"picked":"hexamod:FifthSeal","floor":33},{"not_picked":["hexamod:ThirdSeal","hexamod:FirstSeal"],"picked":"hexamod:SixthSeal","floor":36},{"not_picked":["hexamod:SuperheatedStrike+1","hexamod:InspiringFlames+1"],"picked":"hexamod:FourthSeal","floor":36},{"not_picked":["hexamod:FirstSeal","hexamod:SixthSeal"],"picked":"hexamod:ThirdSeal","floor":37},{"not_picked":["hexamod:StepThrough+1","hexamod:SpectersWail"],"picked":"hexamod:SpectralAdrenaline+1","floor":37},{"not_picked":["hexamod:FourthSeal","hexamod:FirstSeal"],"picked":"hexamod:SecondSeal","floor":38},{"not_picked":["hexamod:HauntingEcho","hexamod:ShieldOfDarkness+1"],"picked":"hexamod:InspiringFlames+1","floor":38},{"not_picked":["hexamod:ShieldOfDarkness","hexamod:ChargedBarrage+1","hexamod:HeatMetal"],"picked":"SKIP","floor":38},{"not_picked":["hexamod:FourthSeal","hexamod:SecondSeal"],"picked":"hexamod:SixthSeal","floor":40},{"not_picked":["hexamod:ShieldOfDarkness+1","hexamod:Firestarter","hexamod:ThirdSeal"],"picked":"SKIP","floor":40},{"not_picked":["hexamod:InspiringFlames","hexamod:FlamesFromBeyond+1","hexamod:GhostShield+1"],"picked":"SKIP","floor":42},{"not_picked":["hexamod:InspiringFlames","hexamod:NightmareGuise+1"],"picked":"hexamod:RadiantFlame","floor":44},{"not_picked":["hexamod:HauntingEcho+1","hexamod:SwordOfDarkness+1","hexamod:FastForward"],"picked":"SKIP","floor":45},{"not_picked":["hexamod:ShieldOfDarkness","hexamod:ThirdSeal"],"picked":"hexamod:HeatShield+1","floor":46},{"not_picked":["hexamod:SwordOfDarkness","hexamod:AdvancingGuard+1"],"picked":"hexamod:VolcanoVisage","floor":48},{"not_picked":["hexamod:SwordOfDarkness+1","hexamod:HauntingEcho+1","hexamod:SpectersWail"],"picked":"SKIP","floor":49}],"player_experience":2295304,"relics_obtained":[{"floor":6,"key":"StrikeDummy"},{"floor":7,"key":"Art of War"},{"floor":25,"key":"Shovel"},{"floor":29,"key":"War Paint"},{"floor":30,"key":"Pear"},{"floor":35,"key":"Toy Ornithopter"},{"floor":41,"key":"hexamod:InflammatoryLetter"},{"floor":43,"key":"Darkstone Periapt"},{"floor":48,"key":"Bag of Marbles"}],"event_choices":[{"damage_healed":0,"gold_gain":0,"player_choice":"Trade","damage_taken":0,"relics_obtained":["GremlinMask"],"max_hp_gain":0,"max_hp_loss":0,"event_name":"FaceTrader","floor":8,"gold_loss":0},{"damage_healed":0,"gold_gain":0,"player_choice":"Ignored","damage_taken":0,"max_hp_gain":0,"max_hp_loss":0,"event_name":"Vampires","floor":23,"gold_loss":0},{"damage_healed":0,"gold_gain":0,"player_choice":"Ignored","damage_taken":0,"max_hp_gain":0,"max_hp_loss":0,"event_name":"Mysterious Sphere","floor":39,"gold_loss":0}],"is_beta":false,"boss_relics":[{"not_picked":["Black Star","Tiny House"],"picked":"hexamod:IceCube"},{"not_picked":["Philosopher\u0027s Stone","expansioncontent:StudyCardRelic"],"picked":"sneckomod:SneckoTalon"}],"items_purged_floors":[12,14,42],"is_endless":false,"potions_floor_spawned":[2,9,10,15,16,25,26,28,32,37,40,44,45,46,48],"killed_by":"WA_ARCHETYPE_DIVINITY","ascension_level":6}}