{"host":"zxd2l8an9de7z7b9","time":1614410909,"event":{"mods":["100% Spire Juice","2.2 Compatiblity","AchievementEnabler","BaseMod","CapriCore","Colored Map","Colored Powertips","Marisa£¨Ùöéë¡¡Øª×âÞÞ£©","Minty Spire (QoL Compilation)","Rare Cards Sparkle","StSLib","SuperFastMode","Td1madao Mod","everything is the same but u backflip on backflip"],"gold_per_floor":[216,141,159,159,159,159,175,175,175,175,202,211,211,235,235,368,377,406,430,453,453,378,378,477,209,209,209,250,250,271,32,32,32,32],"floor_reached":33,"language":"KOR","playtime":711,"items_purged":["Strike_R","Decay"],"score":233,"play_id":"ecc1d504-11f0-413e-8685-42a379d280bf","local_time":"20210227162829","is_ascension_mode":false,"campfire_choices":[{"data":"Bash","floor":6.0,"key":"SMITH"},{"data":"Clash","floor":8.0,"key":"SMITH"},{"data":"Second Wind","floor":10.0,"key":"SMITH"},{"data":"Carnage","floor":13.0,"key":"SMITH"},{"data":"Fire Breathing","floor":15.0,"key":"SMITH"},{"data":"Strike_R","floor":23,"key":"PURGE"},{"data":"Strike_R","floor":27,"key":"PURGE"},{"data":"Strike_R","floor":29,"key":"PURGE"},{"data":"Fiend Fire","floor":32,"key":"SMITH"}],"circlet_count":0,"master_deck":["Defend_R","Defend_R","Defend_R","Bash+1","Clash+1","Second Wind+1","Carnage+1","Fire Breathing+1","Fiend Fire+1","CurseOfTheBell","Evolve+1","Wild Strike","Wild Strike"],"relics":["Burning Blood","Golden Idol","CeramicFish","Calling Bell","Juzu Bracelet","HornCleat","Peace Pipe","Dream Catcher","Eternal Feather","Red Mask","Pantograph"],"acts_visited":["Exordium","TheCity"],"potions_floor_usage":[16,16,20,28,30],"damage_taken":[{"damage":17.0,"enemies":"Small Slimes","floor":1.0,"turns":4.0},{"damage":0.0,"enemies":"2 Louse","floor":3.0,"turns":3.0},{"damage":0.0,"enemies":"Cultist","floor":7.0,"turns":3.0},{"damage":9.0,"enemies":"2 Fungi Beasts","floor":11.0,"turns":3.0},{"damage":5.0,"enemies":"Looter","floor":14.0,"turns":2.0},{"damage":16,"enemies":"The Guardian","floor":16,"turns":9},{"damage":17,"enemies":"Spheric Guardian","floor":18,"turns":4},{"damage":37,"enemies":"Shell Parasite","floor":19,"turns":6},{"damage":12,"enemies":"Snecko","floor":20,"turns":4},{"damage":1,"enemies":"Masked Bandits","floor":28,"turns":2},{"damage":24,"enemies":"Shelled Parasite and Fungi","floor":30,"turns":5},{"damage":49,"enemies":"Collector","floor":33,"turns":8}],"seed_played":"1371093234524563818","potions_obtained":[{"floor":1.0,"key":"PowerPotion"},{"floor":3.0,"key":"HeartOfIron"},{"floor":11.0,"key":"SpeedPotion"},{"floor":18,"key":"DuplicationPotion"},{"floor":19,"key":"Swift Potion"},{"floor":20,"key":"Weak Potion"}],"is_trial":false,"path_per_floor":["M","$","M","?","?","R","M","R","T","R","M","?","R","M","R","B",null,"M","M","M","?","?","R","?","$","T","R","?","R","M","$","R","B"],"character_chosen":"IRONCLAD","items_purchased":["Wild Strike","Dream Catcher","Pantograph"],"campfire_rested":0,"item_purchase_floors":[25,25,31],"current_hp_per_floor":[69,69,75,55,55,55,61,61,61,61,58,58,58,59,59,49,80,69,38,32,32,32,32,32,32,32,41,46,52,34,34,40,16,16],"gold":32,"neow_bonus":"HUNDRED_GOLD","is_daily":false,"chose_seed":false,"campfire_upgraded":6,"win_rate":0.0,"timestamp":1614410909,"path_taken":["M","$","M","?","?","R","M","R","T","R","M","?","R","M","R","BOSS","M","M","M","?","?","R","?","$","T","R","?","R","M","$","R","BOSS"],"items_purchased_type":["Card","Relic","Relic"],"build_version":"2020-12-22","purchased_purges":2,"victory":false,"max_hp_per_floor":[80,80,80,80,80,80,80,80,80,80,80,80,80,80,80,80,80,80,80,80,80,80,80,80,80,80,80,80,80,80,80,80,80,80],"card_choices":[{"not_picked":["Evolve","True Grit"],"picked":"Clash","floor":1.0},{"not_picked":["Armaments","Sentinel","Bloodletting"],"picked":"SKIP","floor":3.0},{"not_picked":["Feel No Pain","Evolve"],"picked":"Second Wind","floor":7.0},{"not_picked":["Rampage","Clothesline"],"picked":"Carnage","floor":11.0},{"not_picked":["Combust","Havoc"],"picked":"Fire Breathing","floor":14.0},{"not_picked":["Demon Form","Reaper"],"picked":"Fiend Fire","floor":16},{"not_picked":["Perfected Strike","Rampage+1"],"picked":"Evolve+1","floor":18},{"not_picked":["Metallicize","Flex","Pommel Strike+1"],"picked":"SKIP","floor":19},{"not_picked":["True Grit+1","Cleave"],"picked":"Wild Strike","floor":20},{"not_picked":["Blood for Blood+1","Evolve","Infernal Blade"],"picked":"SKIP","floor":30}],"player_experience":485402,"relics_obtained":[{"floor":9.0,"key":"CeramicFish"},{"floor":17,"key":"Juzu Bracelet"},{"floor":17,"key":"HornCleat"},{"floor":17,"key":"Peace Pipe"},{"floor":26,"key":"Eternal Feather"},{"floor":28,"key":"Red Mask"}],"event_choices":[{"damage_healed":0.0,"max_hp_gain":0.0,"max_hp_loss":0.0,"gold_gain":0.0,"event_name":"Golden Idol","player_choice":"Take Damage","floor":4.0,"gold_loss":0.0,"damage_taken":20.0,"relics_obtained":["Golden Idol"]},{"cards_removed":["Defend_R"],"damage_healed":0.0,"max_hp_gain":0.0,"max_hp_loss":0.0,"gold_gain":0.0,"event_name":"Living Wall","player_choice":"Forget","floor":5.0,"gold_loss":0.0,"damage_taken":0.0},{"damage_healed":0.0,"max_hp_gain":0.0,"max_hp_loss":0.0,"gold_gain":0.0,"event_name":"Wheel of Change","player_choice":"Cursed","floor":12.0,"gold_loss":0.0,"damage_taken":0.0,"cards_obtained":["Decay"]},{"damage_healed":0,"gold_gain":0,"player_choice":"Ignored","damage_taken":0,"max_hp_gain":0,"max_hp_loss":0,"event_name":"Ghosts","floor":21,"gold_loss":0},{"cards_removed":["Strike_R"],"damage_healed":0,"gold_gain":0,"player_choice":"Gave Gold","damage_taken":0,"max_hp_gain":0,"max_hp_loss":0,"event_name":"Beggar","floor":22,"gold_loss":75},{"damage_healed":0,"gold_gain":99,"player_choice":"Stole From Cult","damage_taken":0,"max_hp_gain":0,"max_hp_loss":0,"event_name":"Nest","floor":24,"gold_loss":0},{"damage_healed":0,"gold_gain":0,"player_choice":"Fought Bandits","damage_taken":0,"max_hp_gain":0,"max_hp_loss":0,"event_name":"Masked Bandits","floor":28,"gold_loss":0}],"is_beta":false,"boss_relics":[{"not_picked":["SacredBark","Snecko Eye"],"picked":"Calling Bell"}],"items_purged_floors":[2,25],"is_endless":false,"potions_floor_spawned":[1,3,11,18,19,20],"killed_by":"Collector","ascension_level":0}}