{"host":"raaimkojny05jekw","time":1614431479,"event":{"mods":["AchievementEnabler","BaseMod","Colored Map","Colored Powertips","DeckTracker","Minty Spire (QoL Compilation)","Quick Restart","Rare Cards Sparkle","everything is the same but u backflip on backflip"],"gold_per_floor":[218,230,230,244,6,6,19,19,19,37,37,53,83,101,101,179,179,197,211,211,211,211],"floor_reached":21,"language":"KOR","playtime":702,"items_purged":[],"score":302,"play_id":"87fd65b1-bbe6-43cd-ab69-20884af0370a","local_time":"20210227221119","is_ascension_mode":true,"campfire_choices":[{"data":"Apotheosis","floor":6,"key":"SMITH"},{"data":"Bash","floor":8,"key":"SMITH"},{"data":"Metallicize","floor":15,"key":"SMITH"}],"circlet_count":0,"master_deck":["AscendersBane","Strike_R","Strike_R","Strike_R","Strike_R","Strike_R","Defend_R","Defend_R","Defend_R","Defend_R","Bash+1","Armaments","Fire Breathing","Thunderclap","Apotheosis+1","Pommel Strike","Metallicize+1","Twin Strike","Seeing Red","True Grit","Juggernaut","Flame Barrier"],"relics":["Burning Blood","Membership Card","Darkstone Periapt","Matryoshka","Mark of Pain"],"acts_visited":["Exordium","TheCity"],"potions_floor_usage":[13,13,16,16],"damage_taken":[{"damage":2,"enemies":"2 Louse","floor":1,"turns":3},{"damage":9,"enemies":"Jaw Worm","floor":2,"turns":4},{"damage":0,"enemies":"Small Slimes","floor":4,"turns":3},{"damage":21,"enemies":"Blue Slaver","floor":7,"turns":4},{"damage":12,"enemies":"3 Louse","floor":10,"turns":3},{"damage":5,"enemies":"Exordium Wildlife","floor":12,"turns":4},{"damage":22,"enemies":"3 Sentries","floor":13,"turns":5},{"damage":7,"enemies":"Exordium Thugs","floor":14,"turns":3},{"damage":41,"enemies":"Hexaghost","floor":16,"turns":10},{"damage":35,"enemies":"2 Thieves","floor":18,"turns":4},{"damage":15,"enemies":"Spheric Guardian","floor":19,"turns":4},{"damage":16,"enemies":"Masked Bandits","floor":21,"turns":2}],"seed_played":"4615037823754141236","potions_obtained":[{"floor":2,"key":"EntropicBrew"},{"floor":7,"key":"GamblersBrew"},{"floor":12,"key":"ColorlessPotion"}],"is_trial":false,"path_per_floor":["M","M","?","M","$","R","M","R","T","M","?","M","E","M","R","B",null,"M","M","?","?"],"character_chosen":"IRONCLAD","items_purchased":["Membership Card","Apotheosis"],"campfire_rested":0,"item_purchase_floors":[5,5],"current_hp_per_floor":[76,73,73,79,79,79,64,64,64,58,58,59,43,42,42,7,62,33,24,9,0,0],"gold":211,"neow_bonus":"HUNDRED_GOLD","is_daily":false,"chose_seed":false,"campfire_upgraded":3,"win_rate":0.0,"timestamp":1614431479,"path_taken":["M","M","?","M","$","R","M","R","T","M","?","M","E","M","R","BOSS","M","M","?","?"],"items_purchased_type":["Relic","Card"],"build_version":"2020-12-22","purchased_purges":0,"victory":false,"max_hp_per_floor":[80,80,80,80,80,80,80,80,80,80,80,80,80,80,80,80,80,80,80,85,85,85],"card_choices":[{"not_picked":["Iron Wave","Body Slam"],"picked":"Armaments","floor":1},{"not_picked":["Anger","Clash"],"picked":"Fire Breathing","floor":2},{"not_picked":["Cleave","Twin Strike"],"picked":"Thunderclap","floor":4},{"not_picked":["Twin Strike","True Grit"],"picked":"Pommel Strike","floor":7},{"not_picked":["Iron Wave","Thunderclap"],"picked":"Metallicize","floor":10},{"not_picked":["Disarm","Entrench"],"picked":"Twin Strike","floor":12},{"not_picked":["Iron Wave","Entrench"],"picked":"Seeing Red","floor":13},{"not_picked":["Shrug It Off","Dual Wield"],"picked":"True Grit","floor":14},{"not_picked":["Corruption","Bludgeon"],"picked":"Juggernaut","floor":16},{"not_picked":["Perfected Strike","Pommel Strike"],"picked":"Flame Barrier","floor":18},{"not_picked":["Pommel Strike","Sever Soul","Clothesline"],"picked":"SKIP","floor":19}],"player_experience":795786,"relics_obtained":[{"floor":9,"key":"Darkstone Periapt"},{"floor":13,"key":"Matryoshka"}],"event_choices":[{"damage_healed":0,"gold_gain":0,"player_choice":"Leave","damage_taken":0,"max_hp_gain":0,"max_hp_loss":0,"event_name":"The Cleric","floor":3,"gold_loss":0},{"damage_healed":0,"gold_gain":0,"player_choice":"Ignored","damage_taken":0,"max_hp_gain":0,"max_hp_loss":0,"event_name":"Liars Game","floor":11,"gold_loss":0},{"damage_healed":0,"gold_gain":0,"player_choice":"Shed Blood","damage_taken":20,"max_hp_gain":5,"max_hp_loss":0,"event_name":"Forgotten Altar","floor":20,"gold_loss":0},{"damage_healed":0,"gold_gain":0,"player_choice":"Fought Bandits","damage_taken":0,"max_hp_gain":0,"max_hp_loss":0,"event_name":"Masked Bandits","floor":21,"gold_loss":0}],"is_beta":false,"boss_relics":[{"not_picked":["Philosopher\u0027s Stone","Busted Crown"],"picked":"Mark of Pain"}],"items_purged_floors":[],"is_endless":false,"potions_floor_spawned":[2,7,12],"killed_by":"Masked Bandits","ascension_level":13}}