{"host":"33hygxkqsm5kb9ql","time":1614451803,"event":{"mods":["BaseMod","Block Reminder","Colored Map","Colored Powertips","DeckTracker","Highlight Path","Minty Spire (QoL Compilation)","Permanent Neow","Quick Restart","Random Character Button","Relic Sorter","Relic Stats"],"gold_per_floor":[118,134,153,153,153,153,183,183,257,0,175,175,175,200,200,200,200],"floor_reached":16,"language":"ENG","playtime":888,"items_purged":[],"score":108,"play_id":"82b9b4f5-095c-44bb-8235-5bae875d0477","local_time":"20210227125003","is_ascension_mode":true,"campfire_choices":[{"floor":6,"key":"RECALL"},{"floor":12,"key":"REST"},{"floor":15,"key":"REST"}],"circlet_count":0,"master_deck":["Strike_R","Strike_R","Strike_R","Strike_R","Strike_R","Defend_R","Defend_R","Defend_R","Defend_R","Bash","Body Slam","Cleave","Infernal Blade","Doubt","Heavy Blade"],"relics":["Mark of Pain","Juzu Bracelet","Centennial Puzzle","Matryoshka","Frozen Egg 2","Golden Idol"],"acts_visited":["Exordium"],"potions_floor_usage":[7,7,14,16],"damage_taken":[{"damage":7,"enemies":"2 Louse","floor":1,"turns":2},{"damage":1,"enemies":"Cultist","floor":2,"turns":3},{"damage":7,"enemies":"Small Slimes","floor":3,"turns":3},{"damage":44,"enemies":"Lagavulin","floor":7,"turns":7},{"damage":8,"enemies":"3 Louse","floor":14,"turns":2},{"damage":37,"enemies":"Slime Boss","floor":16,"turns":7}],"seed_played":"-4414896756530832456","potions_obtained":[{"floor":3,"key":"LiquidBronze"},{"floor":5,"key":"Fruit Juice"},{"floor":5,"key":"Strength Potion"},{"floor":5,"key":"SmokeBomb"},{"floor":7,"key":"Energy Potion"},{"floor":14,"key":"ColorlessPotion"}],"is_trial":false,"path_per_floor":["M","M","M","?","?","R","E","?","T","$","?","R","?","M","R","B"],"character_chosen":"IRONCLAD","items_purchased":["Frozen Egg 2"],"campfire_rested":2,"item_purchase_floors":[10],"current_hp_per_floor":[73,72,65,40,40,40,1,1,1,1,1,26,26,18,41,4,4],"gold":200,"neow_bonus":"BOSS_RELIC","is_daily":false,"chose_seed":false,"campfire_upgraded":0,"win_rate":0.0,"timestamp":1614451803,"path_taken":["M","M","M","?","?","R","E","?","T","$","?","R","?","M","R","BOSS"],"items_purchased_type":["Relic"],"build_version":"2020-12-22","purchased_purges":0,"victory":false,"max_hp_per_floor":[80,80,80,80,80,80,85,85,85,85,85,85,79,79,79,79,79],"relic_stats":{"Centennial Puzzle":[6],"counters":[6,24],"Golden Idol":5,"Juzu Bracelet":1,"obtain_stats":[{"Centennial Puzzle":7,"Matryoshka":9,"Golden Idol":13,"Mark of Pain":0,"Juzu Bracelet":4,"Frozen Egg 2":10,"Burning Blood":0},{"Centennial Puzzle":4,"Matryoshka":4,"Golden Idol":4,"Mark of Pain":0,"Juzu Bracelet":3,"Frozen Egg 2":4,"Burning Blood":0},{"Centennial Puzzle":15,"Matryoshka":15,"Golden Idol":15,"Mark of Pain":0,"Juzu Bracelet":8,"Frozen Egg 2":15,"Burning Blood":0}]},"card_choices":[{"not_picked":["Havoc","Ghostly Armor"],"picked":"Body Slam","floor":1},{"not_picked":["Iron Wave","Intimidate","Seeing Red"],"picked":"SKIP","floor":2},{"not_picked":["Dual Wield","Pommel Strike"],"picked":"Cleave","floor":3},{"not_picked":["Hemokinesis","Warcry"],"picked":"Infernal Blade","floor":7},{"not_picked":["Second Wind","Bloodletting"],"picked":"Heavy Blade","floor":14}],"player_experience":184133,"relics_obtained":[{"floor":7,"key":"Centennial Puzzle"},{"floor":9,"key":"Matryoshka"}],"event_choices":[{"damage_healed":0,"gold_gain":0,"player_choice":"Success","damage_taken":25,"relics_obtained":["Juzu Bracelet"],"max_hp_gain":0,"max_hp_loss":0,"event_name":"Scrap Ooze","floor":4,"gold_loss":0},{"damage_healed":0,"gold_gain":0,"player_choice":"Got Potions","damage_taken":0,"max_hp_gain":0,"max_hp_loss":0,"event_name":"Lab","floor":5,"gold_loss":0},{"damage_healed":0,"gold_gain":0,"player_choice":"Ignored","damage_taken":0,"max_hp_gain":0,"max_hp_loss":0,"event_name":"Shining Light","floor":8,"gold_loss":0},{"damage_healed":0,"gold_gain":175,"player_choice":"AGREE","damage_taken":0,"max_hp_gain":0,"max_hp_loss":0,"event_name":"Liars Game","floor":11,"gold_loss":0,"cards_obtained":["Doubt"]},{"damage_healed":0,"gold_gain":0,"player_choice":"Lose Max HP","damage_taken":0,"relics_obtained":["Golden Idol"],"max_hp_gain":0,"max_hp_loss":6,"event_name":"Golden Idol","floor":13,"gold_loss":0}],"is_beta":false,"boss_relics":[],"items_purged_floors":[],"is_endless":false,"potions_floor_spawned":[3,7,14],"killed_by":"Slime Boss","ascension_level":2}}