{"host":"q57ekfojy3i00x9o","time":1614415226,"event":{"mods":["Act Like it!","Arknights","Aspiration","BaseMod","Colored Map","Energized Spire","Hermit","Minty Spire (QoL Compilation)","Quick Restart","Ruina","Spicy Shops","Spikes Relics","StSLib","slay the spire mod where everything is the same but ironclad has a cowboy hat"],"gold_per_floor":[118,118,24,37,47,82,82,92,173,204,204,204,221,50,50,124,124,134,134,66,81,81,116,22,37,64,64,64,64],"floor_reached":28,"language":"RUS","playtime":485,"items_purged":[],"score":467,"play_id":"9ba1e44d-dfaf-430d-b5a4-653d4ad5f262","local_time":"20210227134026","is_ascension_mode":true,"campfire_choices":[{"data":"Flex","floor":7.0,"key":"SMITH"},{"floor":12.0,"key":"REST"},{"data":"Perfected Strike","floor":15.0,"key":"SMITH"}],"circlet_count":0,"master_deck":["AscendersBane","Strike_R","Strike_R","Strike_R","Strike_R+1","Strike_R","Defend_R","Defend_R","Defend_R","Defend_R","Bash","Perfected Strike","Inflame+1","Perfected Strike+1","Cleave","Flex+1","Sword Boomerang+1","Heavy Blade","Iron Wave","Inflame","Offering","Heavy Blade","Writhe","Perfected Strike","Clash","Flex","Writhe","Clash"],"relics":["Burning Blood","BicycleWheel","Blue Candle","InkBottle","Bottled Flame","Red Skull","aspiration:HummingbirdHeart","Toolbox","aspiration:Stabinomicon","Whetstone","Juzu Bracelet"],"acts_visited":["Exordium","TheCity"],"potions_floor_usage":[16,21,23,25],"damage_taken":[{"damage":11.0,"enemies":"Cultist","floor":1.0,"turns":4.0},{"damage":0.0,"enemies":"2 Louse","floor":4.0,"turns":2.0},{"damage":14.0,"enemies":"Jaw Worm","floor":5.0,"turns":3.0},{"damage":34.0,"enemies":"Lagavulin","floor":6.0,"turns":4.0},{"damage":0.0,"enemies":"3 Louse","floor":8.0,"turns":1.0},{"damage":32.0,"enemies":"Gremlin Nob","floor":10.0,"turns":4.0},{"damage":8.0,"enemies":"Red Slaver","floor":13.0,"turns":2.0},{"damage":26,"enemies":"The Guardian","floor":16,"turns":7},{"damage":35,"enemies":"Shell Parasite","floor":18,"turns":3},{"damage":5,"enemies":"2 Thieves","floor":21,"turns":3},{"damage":18,"enemies":"Book of Stabbing","floor":23,"turns":4},{"damage":13,"enemies":"3 Cultists","floor":25,"turns":4},{"damage":9,"enemies":"Chosen and Byrds","floor":28,"turns":3}],"seed_played":"7081245846218979182","potions_obtained":[{"floor":4.0,"key":"Explosive Potion"},{"floor":13.0,"key":"SteroidPotion"},{"floor":16,"key":"SpeedPotion"},{"floor":18,"key":"CultistPotion"},{"floor":21,"key":"HeartOfIron"}],"is_trial":false,"path_per_floor":["M","?","$","M","M","E","R","M","T","E","?","R","M","$","R","B",null,"M","?","$","M","?","E","$","M","T","?","M"],"character_chosen":"IRONCLAD","items_purchased":["Inflame","Perfected Strike","Red Skull","Toolbox","Flex","Whetstone"],"campfire_rested":1,"item_purchase_floors":[3,3,14,20,24,24],"current_hp_per_floor":[63,63,63,68,60,32,32,38,38,12,12,32,30,30,30,10,54,25,25,25,26,26,14,14,7,7,7,0,0],"gold":64,"neow_bonus":"ONE_RARE_RELIC","is_daily":false,"chose_seed":false,"campfire_upgraded":2,"win_rate":0.0,"timestamp":1614415226,"path_taken":["M","?","$","?","M","E","R","M","T","E","?","R","M","$","R","BOSS","M","?","$","M","?","E","$","?","T","?","M"],"items_purchased_type":["Card","Card","Relic","Relic","Card","Relic"],"build_version":"2020-12-22","purchased_purges":0,"victory":false,"max_hp_per_floor":[68,68,68,68,68,68,68,68,68,68,68,68,68,68,68,68,68,68,68,68,68,68,68,68,68,68,68,68,68],"card_choices":[{"not_picked":["Pommel Strike","Headbutt"],"picked":"Perfected Strike","floor":1.0},{"not_picked":["Shockwave","Havoc"],"picked":"Cleave","floor":4.0},{"not_picked":["Fire Breathing","Disarm"],"picked":"Flex","floor":5.0},{"not_picked":["Anger","Disarm"],"picked":"Sword Boomerang","floor":6.0},{"not_picked":["Armaments","Sever Soul"],"picked":"Heavy Blade","floor":8.0},{"not_picked":["Wild Strike","Corruption"],"picked":"Iron Wave","floor":10.0},{"not_picked":["Thunderclap","Flex"],"picked":"Inflame","floor":13.0},{"not_picked":["Demon Form","Berserk"],"picked":"Offering","floor":16},{"not_picked":["Hemokinesis","Second Wind+1"],"picked":"Heavy Blade","floor":18},{"not_picked":["Metallicize","Thunderclap"],"picked":"Perfected Strike","floor":21},{"not_picked":["Body Slam","Evolve"],"picked":"Clash","floor":23},{"not_picked":["Iron Wave+1","Offering"],"picked":"Clash","floor":25}],"player_experience":799079,"relics_obtained":[{"floor":6.0,"key":"Blue Candle"},{"floor":9.0,"key":"InkBottle"},{"floor":10.0,"key":"Bottled Flame"},{"floor":23,"key":"aspiration:Stabinomicon"},{"floor":26,"key":"Juzu Bracelet"}],"event_choices":[{"damage_healed":0.0,"max_hp_gain":0.0,"max_hp_loss":0.0,"gold_gain":0.0,"event_name":"WeMeetAgain","player_choice":"Ignored","floor":2.0,"gold_loss":0.0,"damage_taken":0.0},{"damage_healed":0.0,"max_hp_gain":0.0,"max_hp_loss":0.0,"gold_gain":0.0,"event_name":"Living Wall","player_choice":"Grow","floor":11.0,"gold_loss":0.0,"damage_taken":0.0,"cards_upgraded":["Inflame"]},{"damage_healed":0,"gold_gain":0,"player_choice":"Opened","damage_taken":0,"relics_obtained":["aspiration:HummingbirdHeart"],"max_hp_gain":0,"max_hp_loss":0,"event_name":"The Mausoleum","floor":19,"gold_loss":0,"cards_obtained":["Writhe"]},{"cards_removed":["Injury"],"damage_healed":0,"gold_gain":0,"player_choice":"Purged","damage_taken":0,"max_hp_gain":0,"max_hp_loss":0,"event_name":"Purifier","floor":22,"gold_loss":0},{"damage_healed":0,"gold_gain":0,"player_choice":"Ignored","damage_taken":0,"max_hp_gain":0,"max_hp_loss":0,"event_name":"Ghosts","floor":27,"gold_loss":0}],"is_beta":false,"boss_relics":[{"not_picked":["aspiration:SilentSkillbook","energizedSpire:SpiderWeb","Empty Cage"]}],"items_purged_floors":[],"is_endless":false,"potions_floor_spawned":[4,13,16,18,21],"killed_by":"Chosen and Byrds","ascension_level":18}}