{"host":"3fq4qkq16k5wd7va","time":1614440380,"event":{"mods":["BaseMod","Better Match","Googly Eyes","Minty Spire (QoL Compilation)","StSLib"],"gold_per_floor":[112,128,146,146,163,163,180,180,204,204,204,236,186,205,205,307,307,317,267,287,307,507,507,524,524,524,534,534,552,552,552],"floor_reached":30,"language":"ENG","playtime":1397,"items_purged":["Strike_R","Regret"],"score":257,"play_id":"7b4e52d0-64c1-4286-a351-a90f7600fed3","local_time":"20210228023940","is_ascension_mode":true,"campfire_choices":[{"data":"True Grit","floor":6,"key":"SMITH"},{"data":"Body Slam","floor":8,"key":"SMITH"},{"floor":15,"key":"REST"},{"data":"Barricade","floor":23,"key":"SMITH"},{"floor":25,"key":"REST"},{"data":"Shrug It Off","floor":28,"key":"SMITH"}],"circlet_count":0,"master_deck":["Strike_R","Strike_R","Strike_R","Defend_R","Defend_R","Defend_R","Defend_R","Bash","The Bomb","True Grit+1","Shockwave","Body Slam+1","Whirlwind","Shrug It Off","Barricade+1","Shrug It Off+1","Battle Trance","True Grit+1"],"relics":["Burning Blood","Orichalcum","Smiling Mask","Sozu"],"acts_visited":["Exordium","TheCity"],"potions_floor_usage":[14,16,16],"damage_taken":[{"damage":2,"enemies":"Cultist","floor":1,"turns":3},{"damage":12,"enemies":"Jaw Worm","floor":2,"turns":3},{"damage":10,"enemies":"2 Louse","floor":3,"turns":4},{"damage":7,"enemies":"Looter","floor":5,"turns":4},{"damage":36,"enemies":"Gremlin Gang","floor":7,"turns":3},{"damage":16,"enemies":"Lagavulin","floor":12,"turns":6},{"damage":17,"enemies":"Exordium Wildlife","floor":14,"turns":5},{"damage":35,"enemies":"Hexaghost","floor":16,"turns":11},{"damage":17,"enemies":"Shell Parasite","floor":18,"turns":5},{"damage":17,"enemies":"Chosen","floor":20,"turns":7},{"damage":35,"enemies":"Snake Plant","floor":21,"turns":7},{"damage":24,"enemies":"Cultist and Chosen","floor":24,"turns":10},{"damage":0,"enemies":"Centurion and Healer","floor":27,"turns":7},{"damage":29,"enemies":"Snake Plant","floor":29,"turns":4},{"damage":53,"enemies":"Cultist and Chosen","floor":30,"turns":12}],"seed_played":"8428633481915491855","potions_obtained":[{"floor":2,"key":"BlessingOfTheForge"},{"floor":3,"key":"SkillPotion"},{"floor":7,"key":"FearPotion"},{"floor":16,"key":"FairyPotion"}],"is_trial":false,"path_per_floor":["M","M","M","?","M","R","M","R","T","?","?","E","$","M","R","B",null,"M","$","M","M","?","R","M","R","T","M","R","M","M"],"character_chosen":"IRONCLAD","items_purchased":[],"campfire_rested":2,"item_purchase_floors":[],"current_hp_per_floor":[80,74,70,63,62,62,32,32,32,37,37,27,27,16,41,12,85,74,74,63,34,34,34,16,41,41,47,47,24,0,0],"gold":552,"neow_bonus":"RANDOM_COLORLESS_2","is_daily":false,"chose_seed":false,"campfire_upgraded":4,"win_rate":0.0,"timestamp":1614440380,"path_taken":["M","M","?","?","M","R","M","R","T","?","?","E","$","M","R","BOSS","M","$","M","M","?","R","M","R","T","?","R","M","M"],"items_purchased_type":[],"build_version":"2020-12-22","purchased_purges":2,"victory":false,"max_hp_per_floor":[80,80,80,80,80,80,80,80,80,85,85,85,85,85,85,85,85,85,85,85,85,85,85,85,85,85,85,85,85,85,85],"card_choices":[{"not_picked":["HandOfGreed","Transmutation"],"picked":"The Bomb","floor":0},{"not_picked":["Power Through","Hemokinesis","Pommel Strike"],"picked":"SKIP","floor":1},{"not_picked":["Flex","Headbutt"],"picked":"True Grit","floor":2},{"not_picked":["Anger","Pommel Strike","Sword Boomerang"],"picked":"SKIP","floor":3},{"not_picked":["Combust","Anger"],"picked":"Shockwave","floor":5},{"not_picked":["Warcry","Dual Wield"],"picked":"Body Slam","floor":7},{"not_picked":["Spot Weakness","Armaments"],"picked":"Whirlwind","floor":12},{"not_picked":["Armaments","Ghostly Armor"],"picked":"Shrug It Off","floor":14},{"not_picked":["Bludgeon","Demon Form"],"picked":"Barricade","floor":16},{"not_picked":["Wild Strike","Perfected Strike+1","Sword Boomerang"],"picked":"SKIP","floor":18},{"not_picked":["Blood for Blood","Heavy Blade","Warcry"],"picked":"SKIP","floor":20},{"not_picked":["Hemokinesis","Twin Strike+1"],"picked":"Shrug It Off","floor":21},{"not_picked":["True Grit","Body Slam","Hemokinesis+1"],"picked":"SKIP","floor":24},{"not_picked":["Body Slam+1","Warcry+1"],"picked":"Battle Trance","floor":27},{"not_picked":["Wild Strike","Pommel Strike"],"picked":"True Grit+1","floor":29}],"player_experience":161149,"relics_obtained":[{"floor":9,"key":"Orichalcum"},{"floor":12,"key":"Smiling Mask"}],"event_choices":[{"cards_removed":["Strike_R"],"damage_healed":0,"gold_gain":0,"player_choice":"Card Removal","damage_taken":7,"max_hp_gain":0,"max_hp_loss":0,"event_name":"Golden Wing","floor":4,"gold_loss":0},{"damage_healed":0,"gold_gain":0,"player_choice":"Donut","damage_taken":0,"max_hp_gain":5,"max_hp_loss":0,"event_name":"Big Fish","floor":10,"gold_loss":0},{"damage_healed":0,"gold_gain":0,"player_choice":"Ignored","damage_taken":0,"max_hp_gain":0,"max_hp_loss":0,"event_name":"Golden Idol","floor":11,"gold_loss":0},{"damage_healed":0,"gold_gain":200,"player_choice":"Gold","damage_taken":0,"max_hp_gain":0,"max_hp_loss":0,"event_name":"Wheel of Change","floor":22,"gold_loss":0}],"is_beta":false,"boss_relics":[{"not_picked":["Astrolabe","Coffee Dripper"],"picked":"Sozu"}],"items_purged_floors":[13,19],"is_endless":false,"potions_floor_spawned":[2,3,7,16,20,21],"killed_by":"Cultist and Chosen","ascension_level":2}}