{"host":"xw709scqdmsx7obr","time":1614445713,"event":{"mods":["BaseMod","Colored Map","Downfall","Minty Spire (QoL Compilation)","Replay The Spire","StSLib"],"gold_per_floor":[113,35,51,67,67,67,67,79,79,3,32,32,52,63,63,159,159,172,172,191,37,55,86,86,97,97,97,97],"floor_reached":27,"language":"ENG","playtime":2818,"items_purged":[],"score":260,"play_id":"4f85a402-fe70-47db-8fbc-79f28aca9d44","local_time":"20210227120833","is_ascension_mode":false,"campfire_choices":[{"data":"1","floor":6,"key":"LIFT"},{"data":"2","floor":12,"key":"LIFT"},{"floor":15,"key":"REST"},{"data":"Establishment","floor":24,"key":"SMITH"}],"circlet_count":0,"master_deck":["Defend_P","Defend_P","Defend_P","Defend_P","Eruption+1","Vigilance","Crescendo","Pray","Fasting2","Replay:DivineShield","Adaptation","Prostrate","Establishment+1","FlyingSleeves+1","Bite","Bite","Bite","Bite","Bite","WheelKick+1","Brilliance","BowlingBash","Conclude"],"relics":["PureWater","Girya","FossilizedHelix","Anchor","Coffee Dripper","Orichalcum","Darkstone Periapt"],"acts_visited":["Exordium","TheCity"],"potions_floor_usage":[16,16,18,23,23,25],"damage_taken":[{"damage":4,"enemies":"Jaw Worm","floor":1,"turns":4},{"damage":8,"enemies":"2 Louse","floor":3,"turns":2},{"damage":0,"enemies":"Small Slimes","floor":4,"turns":2},{"damage":9,"enemies":"3 Louse","floor":8,"turns":5},{"damage":24,"enemies":"Replay:BlueRogue","floor":11,"turns":7},{"damage":0,"enemies":"Large Slime","floor":13,"turns":4},{"damage":0,"enemies":"Looter","floor":14,"turns":3},{"damage":37,"enemies":"The Guardian","floor":16,"turns":14},{"damage":17,"enemies":"3 Byrds","floor":18,"turns":6},{"damage":0,"enemies":"Chosen","floor":20,"turns":4},{"damage":0,"enemies":"Snake Plant","floor":22,"turns":2},{"damage":31,"enemies":"Book of Stabbing","floor":23,"turns":5},{"damage":0,"enemies":"Chosen and Byrds","floor":25,"turns":4},{"damage":36,"enemies":"Gremlin Leader","floor":27,"turns":2}],"seed_played":"3728655542899144693","potions_obtained":[{"floor":4,"key":"SpeedPotion"},{"floor":11,"key":"GamblersBrew"},{"floor":14,"key":"LifebloodPotion"},{"floor":16,"key":"Reflective Coating"},{"floor":22,"key":"Dexterity Potion"},{"floor":23,"key":"SkillPotion"}],"is_trial":false,"path_per_floor":["M","$","M","M","?","R","?","M","T","$","E","R","M","M","R","B",null,"M","?","M","$","M","E","R","M","T","E"],"character_chosen":"WATCHER","items_purchased":["Pray","Adaptation","Brilliance"],"campfire_rested":1,"item_purchase_floors":[2,10,21],"current_hp_per_floor":[75,75,67,67,60,60,60,51,51,51,27,27,27,27,50,13,79,62,55,55,55,55,30,30,30,30,0,0],"gold":97,"neow_bonus":"TEN_PERCENT_HP_BONUS","is_daily":false,"chose_seed":false,"campfire_upgraded":1,"win_rate":0.0,"timestamp":1614445713,"path_taken":["M","$","M","M","?","R","?","M","T","$","E","R","M","M","R","BOSS","M","?","M","$","M","E","R","M","T","E"],"items_purchased_type":["Card","Card","Card"],"build_version":"2020-12-22","purchased_purges":0,"victory":false,"max_hp_per_floor":[79,79,79,79,79,79,79,79,79,79,79,79,79,79,79,79,79,79,55,55,55,55,55,55,55,55,55,55],"card_choices":[{"not_picked":["SashWhip","Evaluate"],"picked":"Crescendo","floor":1},{"not_picked":["BowlingBash","Consecrate"],"picked":"Fasting2","floor":3},{"not_picked":["Replay:AllIn","FearNoEvil"],"picked":"Replay:DivineShield","floor":4},{"not_picked":["BowlingBash","JustLucky","CutThroughFate"],"picked":"SKIP","floor":8},{"not_picked":["CutThroughFate","CrushJoints"],"picked":"Prostrate","floor":11},{"not_picked":["Evaluate","Consecrate","Weave"],"picked":"SKIP","floor":13},{"not_picked":["Adaptation","FlyingSleeves","Fasting2"],"picked":"SKIP","floor":14},{"not_picked":["Omniscience","Vault"],"picked":"Establishment","floor":16},{"not_picked":["EmptyMind+1","Vengeance"],"picked":"FlyingSleeves+1","floor":18},{"not_picked":["Nirvana+1","ThirdEye"],"picked":"WheelKick+1","floor":20},{"not_picked":["Fasting2","CrushJoints"],"picked":"BowlingBash","floor":22},{"not_picked":["Crescendo","Replay:ManipulateFuture"],"picked":"Conclude","floor":23},{"not_picked":["SashWhip","SignatureMove","CrushJoints"],"picked":"SKIP","floor":25}],"player_experience":126073,"relics_obtained":[{"floor":9,"key":"FossilizedHelix"},{"floor":11,"key":"Anchor"},{"floor":23,"key":"Orichalcum"},{"floor":26,"key":"Darkstone Periapt"}],"event_choices":[{"damage_healed":0,"gold_gain":0,"player_choice":"Success","damage_taken":7,"relics_obtained":["Girya"],"max_hp_gain":0,"max_hp_loss":0,"event_name":"Scrap Ooze","floor":5,"gold_loss":0},{"damage_healed":0,"gold_gain":0,"player_choice":"Became a vampire","damage_taken":0,"max_hp_gain":0,"max_hp_loss":24,"event_name":"Vampires","floor":19,"gold_loss":0,"cards_obtained":["Bite","Bite","Bite","Bite","Bite"]}],"is_beta":false,"boss_relics":[{"not_picked":["ReplayTheSpireMod:DimensionalGlitch","Replay:Bronze Core"],"picked":"Coffee Dripper"}],"items_purged_floors":[],"is_endless":false,"potions_floor_spawned":[4,11,14,16,22,23],"killed_by":"Gremlin Leader","ascension_level":0}}