{"host":"u4549dtccbuidbqx","time":1614428637,"event":{"mods":["2.2 Compatiblity","Act Like it!","BaseMod","Better Note","BetterRewards","Colored Map","Colored Powertips","DeckTracker","Downfall","Gremlin Mod","Hermit","Highlight Path","Jorbs\u0027s Wanderer Trilogy","Library of Ruina","Lobotomy","Mad Scientist","Marisa????????","Minty Spire (QoL Compilation)","Quick Restart","Rare Cards Sparkle","Robot Space Explorer","Shade Mod","StSLib","The Administrix","The Bladedancer","The Cursed","The Disciple","The Druid","The Elementalist","The Hierophant","The IronCluck","The Judge","The Necromancer","The Poker Player","The Runesmith","The Servant 0.9.4","The Valiant","TheBandit"],"gold_per_floor":[364,439,124,124,136,165,165,182,230,255,272,290,290,117,117,214,214,226,240,38,57,72,72,72],"floor_reached":23,"language":"ENG","playtime":2071,"items_purged":["TheCursedMod:Defend_TheCursed","TheCursedMod:Strike_TheCursed","TheCursedMod:Defend_TheCursed"],"score":203,"play_id":"9aa63ee6-3e72-4b20-9976-93bb6f2c5fd7","local_time":"20210227132357","is_ascension_mode":false,"campfire_choices":[{"floor":7,"key":"REST"},{"floor":13,"key":"REST"},{"data":"TheCursedMod:HellfireBreathing","floor":15,"key":"SMITH"}],"circlet_count":0,"master_deck":["TheCursedMod:Strike_TheCursed","TheCursedMod:Strike_TheCursed+1","TheCursedMod:Defend_TheCursed","TheCursedMod:Defend_TheCursed","TheCursedMod:CursedWand+1","TheCursedMod:CleanUpWorkshop","TheCursedMod:Dregs","TheCursedMod:Dregs","TheCursedMod:ManaBullet","TheCursedMod:SpitefulPlan","Master of Strategy","TheCursedMod:Wield","TheCursedMod:PrepareRite","TheCursedMod:Obscuration","TheCursedMod:LuckyCharm","TheCursedMod:FleshFromBone","TheCursedMod:HellfireBreathing+1","TheCursedMod:ShockAndAwe","TheCursedMod:CursedMace+1","TheCursedMod:VoidForm","TheCursedMod:TroublousMinions"],"relics":["TheCursedMod:BlackMagic101","Nunchaku","Whetstone","Runesmith:AutoHammer","Cursed Key"],"acts_visited":["Exordium","TheCity"],"potions_floor_usage":[11,16,21,23],"damage_taken":[{"damage":0,"enemies":"2 Louse","floor":1,"turns":5},{"damage":1,"enemies":"Jaw Worm","floor":5,"turns":3},{"damage":29,"enemies":"Lagavulin","floor":6,"turns":6},{"damage":3,"enemies":"Cultist","floor":8,"turns":3},{"damage":10,"enemies":"3 Sentries","floor":10,"turns":9},{"damage":2,"enemies":"Gremlin Gang","floor":11,"turns":5},{"damage":1,"enemies":"Large Slime","floor":12,"turns":5},{"damage":20,"enemies":"Hexaghost","floor":16,"turns":13},{"damage":17,"enemies":"Spheric Guardian","floor":18,"turns":4},{"damage":0,"enemies":"Shell Parasite","floor":19,"turns":6},{"damage":23,"enemies":"Snake Plant","floor":21,"turns":3},{"damage":7,"enemies":"Centurion and Healer","floor":22,"turns":5},{"damage":29,"enemies":"Slavers","floor":23,"turns":3}],"seed_played":"-316137985659401109","potions_obtained":[{"floor":6,"key":"hexamod:SoulburnPotion"},{"floor":10,"key":"hexamod:SoulburnPotion"},{"floor":19,"key":"champ:CounterPotion"},{"floor":21,"key":"CultistPotion"}],"is_trial":false,"path_per_floor":["M","?","$","?","M","E","R","M","T","E","M","M","R","$","R","B",null,"M","M","$","M","M","E"],"character_chosen":"THE_CURSED","items_purchased":["TheCursedMod:SpitefulPlan","Master of Strategy","TheCursedMod:HellfireBreathing","TheCursedMod:VoidForm"],"campfire_rested":2,"item_purchase_floors":[3,3,14,20],"current_hp_per_floor":[75,64,64,57,56,27,49,46,46,36,34,33,55,55,55,35,75,58,58,58,35,28,0,0],"gold":72,"neow_bonus":"TWO_FIFTY_GOLD","is_daily":false,"chose_seed":false,"campfire_upgraded":1,"win_rate":0.0,"timestamp":1614428637,"path_taken":["M","?","$","?","M","E","R","?","T","E","M","M","R","?","R","BOSS","M","?","$","M","M","E"],"items_purchased_type":["Card","Card","Card","Card"],"build_version":"2020-12-22","purchased_purges":3,"victory":false,"max_hp_per_floor":[75,75,75,75,75,75,75,75,75,75,75,75,75,75,75,75,75,75,75,75,75,75,75,75],"card_choices":[{"not_picked":["TheCursedMod:SmokeScreen","TheCursedMod:RapidMovement"],"picked":"TheCursedMod:ManaBullet","floor":1},{"not_picked":["TheCursedMod:SmokeScreen","TheCursedMod:SpreadPlague"],"picked":"TheCursedMod:Wield","floor":5},{"not_picked":["TheCursedMod:Stigma","TheCursedMod:SoulCrush"],"picked":"TheCursedMod:PrepareRite","floor":6},{"not_picked":["TheCursedMod:CursedShiv","TheCursedMod:CursedBlade"],"picked":"TheCursedMod:Obscuration","floor":8},{"not_picked":["TheCursedMod:Stigma","TheCursedMod:CursedArmor"],"picked":"TheCursedMod:LuckyCharm","floor":10},{"not_picked":["TheCursedMod:VitalStrike","TheCursedMod:SaltUponWound","TheCursedMod:SmokeScreen"],"picked":"SKIP","floor":11},{"not_picked":["TheCursedMod:SpreadPlague","TheCursedMod:ForbiddenAlchemy"],"picked":"TheCursedMod:FleshFromBone","floor":12},{"not_picked":["TheCursedMod:ManaCirculation","TheCursedMod:DarkBarrier"],"picked":"TheCursedMod:ShockAndAwe","floor":16},{"not_picked":["TheCursedMod:CircleOfFlame","TheCursedMod:RavingStaff","TheCursedMod:SpitefulStrike"],"picked":"SKIP","floor":18},{"not_picked":["TheCursedMod:RavingStaff","TheCursedMod:CircleOfCorruption"],"picked":"TheCursedMod:CursedMace+1","floor":19},{"not_picked":["TheCursedMod:SpitefulStrike","TheCursedMod:SpreadPlague"],"picked":"TheCursedMod:TroublousMinions","floor":21},{"not_picked":["TheCursedMod:SoulCrush","TheCursedMod:SpitefulStrike","TheCursedMod:RavingStaff"],"picked":"SKIP","floor":22}],"player_experience":69567,"relics_obtained":[{"floor":6,"key":"Nunchaku"},{"floor":9,"key":"Whetstone"},{"floor":10,"key":"Runesmith:AutoHammer"}],"event_choices":[{"damage_healed":0,"gold_gain":75,"player_choice":"Gather Gold","damage_taken":11,"max_hp_gain":0,"max_hp_loss":0,"event_name":"World of Goop","floor":2,"gold_loss":0},{"cards_removed":["TheCursedMod:Strike_TheCursed"],"damage_healed":0,"gold_gain":0,"player_choice":"Card Removal","damage_taken":7,"max_hp_gain":0,"max_hp_loss":0,"event_name":"Golden Wing","floor":4,"gold_loss":0}],"is_beta":false,"boss_relics":[{"not_picked":["Sozu","Tiny House"],"picked":"Cursed Key"}],"items_purged_floors":[3,14,20],"is_endless":false,"potions_floor_spawned":[6,10,19,21],"killed_by":"Slavers","ascension_level":0}}