{"host":"vgpo801u53seft82","time":1614416866,"event":{"mods":["BaseMod","Better Match","Better Skull","Better Third Choice","Colored Powertips","Curses Come First","Downfall","Jorbs\u0027s Wanderer Trilogy","Minty Spire (QoL Compilation)","Quick Restart","StSLib","The Cursed","everything is the same but u backflip on backflip"],"gold_per_floor":[99,116,216,9,109,121,121,456,467,528,546,557,557,557,575,682,682,682,708,708,736,736,844,870,870,895,895,895,149,149,170,185,294,344,344,372,398,398,420,420,420,434,434,74,89,89,89,20,42,42,42,42],"floor_reached":50,"language":"ENG","playtime":3947,"items_purged":["downfall:Bewildered"],"score":544,"play_id":"35721c90-6973-4868-b7db-3647732185d6","local_time":"20210227040746","is_ascension_mode":false,"campfire_choices":[{"data":"hexamod:Sear","floor":1.0,"key":"SMITH"},{"data":"hexamod:NecessarySacrifice","floor":13.0,"key":"SMITH"},{"data":"hexamod:TimeOfNeed","floor":18.0,"key":"SMITH"},{"floor":25.0,"key":"REST"},{"floor":28.0,"key":"REST"},{"floor":30.0,"key":"REST"},{"data":"hexamod:HexaLevel","floor":35.0,"key":"SMITH"},{"floor":43.0,"key":"REST"},{"floor":47.0,"key":"REST"}],"circlet_count":0,"master_deck":["hexamod:Strike","hexamod:Strike","hexamod:Strike","hexamod:Defend","hexamod:Defend","hexamod:Defend","hexamod:Defend+1","hexamod:Sear+1","hexamod:Float","hexamod:InspiringFlames","hexamod:HeatMetal","expansioncontent:StudyTheSpire+1","hexamod:FirstSeal","hexamod:NecessarySacrifice+1","hexamod:EmpoweredFlame","hexamod:HauntingEcho","hexamod:RecurringNightmare","hexamod:HeatCrush","hexamod:SecondSeal","hexamod:TimeOfNeed+1","hexamod:PhantomFireball+1","hexamod:RadiantFlame+1","hexamod:EtherealExpedition","Slimebound:CheckThePlaybook","hexamod:BurningTouch+1","hexamod:ForkedFlame","hexamod:SpectersWail","hexamod:SkipABeat","hexamod:ThirdSeal","hexamod:GhostOfSpirePresent","hexamod:HexaLevel+1","hexamod:TurnItUp","hexamod:Rewind","hexamod:GhostOfSpirePast+1","hexamod:EmpoweredFlame+1","hexamod:Again","hexamod:RadiantFlame+1","Dramatic Entrance","hexamod:HeatShield","hexamod:NecessarySacrifice+1","hexamod:Hexaguard+1","hexamod:TimeWarp","hexamod:GhostflameBarrier","hexamod:GhostOfSpirePast","hexamod:BacktrackSmack","hexamod:GhostShield","hexamod:Incineration+1","hexamod:NightmareGuise+1","Mind Blast","Apotheosis"],"relics":["hexamod:SpiritBrand","Mummified Hand","Old Coin","Boot","SlaversCollar","sneckomod:BabySnecko","TungstenRod","Singing Bowl","Toy Ornithopter","Kunai","Omamori","Tiny House","Vajra","Centennial Puzzle","Orichalcum"],"acts_visited":["Exordium","TheCity","TheBeyond"],"potions_floor_usage":[50,50,50],"damage_taken":[{"damage":0.0,"enemies":"2 Louse","floor":2.0,"turns":2.0},{"damage":0.0,"enemies":"downfall:FleeingMerchant","floor":4.0,"turns":4.0},{"damage":1.0,"enemies":"Jaw Worm","floor":6.0,"turns":5.0},{"damage":26.0,"enemies":"3 Sentries","floor":8.0,"turns":7.0},{"damage":4.0,"enemies":"Cultist","floor":9.0,"turns":4.0},{"damage":7.0,"enemies":"Lagavulin Event","floor":10.0,"turns":4.0},{"damage":7.0,"enemies":"3 Louse","floor":11.0,"turns":3.0},{"damage":0.0,"enemies":"2 Fungi Beasts","floor":12.0,"turns":3.0},{"damage":0.0,"enemies":"Blue Slaver","floor":15.0,"turns":3.0},{"damage":3.0,"enemies":"SI_SHIV_ARCHETYPE","floor":16.0,"turns":4.0},{"damage":23.0,"enemies":"Spheric Guardian","floor":19.0,"turns":6.0},{"damage":20.0,"enemies":"downfall:LooterAlt2","floor":21.0,"turns":4.0},{"damage":10.0,"enemies":"IC_STATUS_ARCHETYPE","floor":23.0,"turns":4.0},{"damage":53.0,"enemies":"3 Cultists","floor":26.0,"turns":8.0},{"damage":4.0,"enemies":"downfall:FleeingMerchant","floor":29.0,"turns":4.0},{"damage":7.0,"enemies":"Centurion and Healer","floor":31.0,"turns":6.0},{"damage":43.0,"enemies":"Shelled Parasite and Fungi","floor":32.0,"turns":6.0},{"damage":24.0,"enemies":"WA_ARCHETYPE_CALM","floor":33.0,"turns":8.0},{"damage":17.0,"enemies":"3 Shapes","floor":36.0,"turns":5.0},{"damage":4.0,"enemies":"Orb Walker","floor":37.0,"turns":3.0},{"damage":47.0,"enemies":"Transient","floor":39.0,"turns":5.0},{"damage":22.0,"enemies":"Writhing Mass","floor":42.0,"turns":4.0},{"damage":0.0,"enemies":"downfall:FleeingMerchant","floor":44.0,"turns":4.0},{"damage":34.0,"enemies":"Spire Growth","floor":45.0,"turns":4.0},{"damage":16.0,"enemies":"downfall:FleeingMerchant","floor":48.0,"turns":3.0},{"damage":0.0,"enemies":"Jaw Worm Horde","floor":49.0,"turns":5.0},{"damage":54,"enemies":"DF_ARCHETYPE_ORBS","floor":50,"turns":8}],"seed_played":"5942740768487126201","potions_obtained":[{"floor":9.0,"key":"SkillPotion"},{"floor":10.0,"key":"Energy Potion"},{"floor":11.0,"key":"champ:CounterPotion"},{"floor":15.0,"key":"Fire Potion"},{"floor":16.0,"key":"Strength Potion"},{"floor":23.0,"key":"GamblersBrew"},{"floor":26.0,"key":"LiquidMemories"},{"floor":42.0,"key":"hexamod:EctoCoolerPotion"},{"floor":45.0,"key":"AttackPotion"},{"floor":49.0,"key":"Ancient Potion"}],"is_trial":false,"path_per_floor":["R","M","?","$","?","M","T","E","M","?","M","M","R","?","M","B",null,"R","M","?","M","?","?","T","R","M","?","R","$","R","M","M","B",null,"R","M","M","?","M","?","T","M","R","$","M","?","R","$","M","B"],"character_chosen":"THE_SPIRIT","items_purchased":["expansioncontent:StudyTheSpire+1","Kunai","hexamod:ForkedFlame","hexamod:SpectersWail","Omamori","hexamod:SkipABeat","hexamod:GhostflameBarrier","hexamod:GhostOfSpirePast","Centennial Puzzle","hexamod:BacktrackSmack","hexamod:GhostShield","Mind Blast","Apotheosis","Orichalcum"],"campfire_rested":5,"item_purchase_floors":[4,29,29,29,29,29,44,44,44,44,44,48,48,48],"current_hp_per_floor":[77,77,77,77,77,76,76,57,60,53,53,60,60,60,67,71,77,77,61,61,48,48,38,38,61,17,17,38,41,62,62,28,11,79,79,71,67,71,36,36,36,26,50,50,23,23,47,36,38,0,0,0],"gold":42,"neow_bonus":"TEN_PERCENT_HP_BONUS","is_daily":false,"chose_seed":false,"campfire_upgraded":4,"win_rate":0.0,"timestamp":1614416866,"path_taken":["R","M","?","$","?","?","T","E","M","?","M","M","R","?","M","BOSS","R","M","?","M","?","?","T","R","M","?","R","$","R","M","M","BOSS","R","M","M","?","?","?","T","M","R","$","?","?","R","?","M","BOSS"],"items_purchased_type":["Card","Relic","Card","Card","Relic","Card","Card","Card","Relic","Card","Card","Card","Card","Relic"],"build_version":"2020-12-22","purchased_purges":1,"victory":false,"max_hp_per_floor":[77,77,77,77,77,77,77,77,77,77,77,77,77,77,77,77,77,77,77,77,77,77,77,77,77,79,72,72,72,72,72,74,74,79,79,81,81,81,81,81,81,81,81,81,81,81,81,81,83,83,83,83],"card_choices":[{"not_picked":["hexamod:Incineration","hexamod:SpectersWail"],"picked":"hexamod:InspiringFlames","floor":2.0},{"not_picked":["hexamod:Hexaguard","hexamod:PhantomFireball"],"picked":"hexamod:HeatMetal","floor":4.0},{"not_picked":["hexamod:Hexaguard","hexamod:SwordOfDarkness"],"picked":"hexamod:FirstSeal","floor":6.0},{"not_picked":["hexamod:NightmareGuise","hexamod:SecondSeal"],"picked":"hexamod:NecessarySacrifice","floor":8.0},{"not_picked":["hexamod:FastForward","hexamod:UnleashSpirits"],"picked":"hexamod:EmpoweredFlame","floor":9.0},{"not_picked":["hexamod:HeatCrush","hexamod:HeatMetal"],"picked":"hexamod:HauntingEcho","floor":10.0},{"not_picked":["hexamod:HauntingEcho","hexamod:NightmareGuise"],"picked":"hexamod:RecurringNightmare","floor":11.0},{"not_picked":["hexamod:UnleashSpirits","hexamod:BurningTouch"],"picked":"hexamod:HeatCrush","floor":12.0},{"not_picked":["hexamod:BurningTouch","hexamod:ChargedBarrage"],"picked":"hexamod:SecondSeal","floor":15.0},{"not_picked":["hexamod:GhostOfSpirePresent","hexamod:UnlimitedPower"],"picked":"hexamod:TimeOfNeed","floor":16.0},{"not_picked":["hexamod:FirstSeal","hexamod:NecessarySacrifice"],"picked":"hexamod:PhantomFireball+1","floor":19.0},{"not_picked":["hexamod:SpectersWail","hexamod:ThermalTransfer"],"picked":"hexamod:RadiantFlame+1","floor":21.0},{"not_picked":["hexamod:HauntingEcho","hexamod:StepThrough"],"picked":"hexamod:EtherealExpedition","floor":23.0},{"not_picked":["hexamod:BurningTouch","hexamod:ThermalTransfer","hexamod:EmpoweredFlame"],"picked":"Singing Bowl","floor":26.0},{"not_picked":["hexamod:AdvancingGuard","hexamod:InspiringFlames+1"],"picked":"hexamod:BurningTouch+1","floor":29.0},{"not_picked":["hexamod:RecurringNightmare","hexamod:ChargedBarrage"],"picked":"hexamod:ThirdSeal","floor":31.0},{"not_picked":["hexamod:SecondSeal","hexamod:SoulSteal","hexamod:NightmareStrike"],"picked":"Singing Bowl","floor":32.0},{"not_picked":["hexamod:NightmareStrike+1","hexamod:SwordOfDarkness"],"picked":"hexamod:GhostOfSpirePresent","floor":32.0},{"not_picked":["hexamod:TimeOfNeed","hexamod:GhostOfSpirePresent"],"picked":"hexamod:HexaLevel","floor":33.0},{"not_picked":["hexamod:FifthSeal","hexamod:HexaLevel"],"picked":"hexamod:TurnItUp","floor":33.0},{"not_picked":["hexamod:SecondSeal","hexamod:HeatShield"],"picked":"hexamod:Rewind","floor":34.0},{"not_picked":["hexamod:GhostLash+1","hexamod:NightmareStrike+1"],"picked":"hexamod:GhostOfSpirePast+1","floor":36.0},{"not_picked":["hexamod:NecessarySacrifice","hexamod:Incineration+1","hexamod:ThirdSeal"],"picked":"Singing Bowl","floor":36.0},{"not_picked":["hexamod:InspiringFlames","hexamod:ExtraCrispy"],"picked":"hexamod:EmpoweredFlame+1","floor":37.0},{"not_picked":["hexamod:NightmareStrike","hexamod:BurningTouch"],"picked":"hexamod:Again","floor":39.0},{"not_picked":["hexamod:Incineration","hexamod:Rewind"],"picked":"hexamod:RadiantFlame+1","floor":39.0},{"not_picked":["hexamod:FastForward","hexamod:SpectersWail"],"picked":"hexamod:NecessarySacrifice+1","floor":42.0},{"not_picked":["hexamod:HeatMetal+1","hexamod:Firestarter+1"],"picked":"hexamod:Hexaguard+1","floor":42.0},{"not_picked":["hexamod:ExtraCrispy+1","hexamod:SoulSteal"],"picked":"hexamod:TimeWarp","floor":44.0},{"not_picked":["hexamod:FourthSeal","hexamod:SpectersWail+1"],"picked":"hexamod:Incineration+1","floor":45.0},{"not_picked":["hexamod:SwordOfDarkness+1","hexamod:BacktrackSmack+1"],"picked":"hexamod:NightmareGuise+1","floor":48.0},{"not_picked":["hexamod:HauntingEcho+1","hexamod:NecessarySacrifice","hexamod:StepThrough"],"picked":"Singing Bowl","floor":49.0}],"player_experience":175450,"relics_obtained":[{"floor":7.0,"key":"Mummified Hand"},{"floor":8.0,"key":"Old Coin"},{"floor":10.0,"key":"Boot"},{"floor":23.0,"key":"TungstenRod"},{"floor":23.0,"key":"Singing Bowl"},{"floor":24.0,"key":"Toy Ornithopter"},{"floor":41.0,"key":"Vajra"}],"event_choices":[{"damage_healed":4.0,"max_hp_gain":0.0,"max_hp_loss":0.0,"gold_gain":0.0,"event_name":"betterSkull:BetterSkull","player_choice":"LEAVE ","floor":38.0,"gold_loss":0.0,"damage_taken":0.0,"cards_upgraded":[],"relics_obtained":[]},{"damage_healed":0.0,"max_hp_gain":0.0,"max_hp_loss":0.0,"gold_gain":0.0,"event_name":"Mysterious Sphere","player_choice":"Ignored","floor":46.0,"gold_loss":0.0,"damage_taken":0.0}],"is_beta":false,"boss_relics":[{"not_picked":["Philosopher\u0027s Stone","Velvet Choker"],"picked":"SlaversCollar"},{"not_picked":["bronze:MakeshiftBattery","SacredBark"],"picked":"Tiny House"}],"items_purged_floors":[29],"is_endless":false,"potions_floor_spawned":[9,10,11,15,16,23,26,31,33,37,42,45,49],"killed_by":"DF_ARCHETYPE_ORBS","ascension_level":0}}