{"host":"z3m7ofiwbo1p8b5b","time":1614459260,"event":{"mods":["BaseMod","BetterRewards","Downfall","Minty Spire (QoL Compilation)","Replay The Spire","StSLib"],"gold_per_floor":[116,176,192,192,192,192,210,210,235,37,62,62,4,23,23,45,45,148,148,179,529,227,262,262,327,327,77,77,77,122,122,165,165,165,277,277,279,279],"floor_reached":37,"language":"ENG","playtime":2282,"items_purged":["downfall:Malfunctioning","Sickly"],"score":406,"play_id":"565c0037-ca08-40af-863b-add65f7c9f9f","local_time":"20210227155420","is_ascension_mode":false,"campfire_choices":[{"data":"Dualcast","floor":8,"key":"SMITH"},{"data":"Sunder","floor":12,"key":"SMITH"},{"floor":15,"key":"REST"},{"data":"Jack Of All Trades","floor":17,"key":"SMITH"},{"floor":29,"key":"REST"},{"floor":31,"key":"REST"},{"floor":34,"key":"REST"}],"circlet_count":0,"master_deck":["Strike_B","Strike_B","Strike_B","Strike_B","Defend_B","Defend_B","Defend_B","Defend_B","Zap","Dualcast+1","Sweeping Beam","Stack","Coolheaded","Lockon","Sunder+1","HandOfGreed","Jack Of All Trades","Jack Of All Trades+1","Beam Cell","Go for the Eyes","Coolheaded+1","Clumsy","Loop","Hello World","Injury","Double Energy+1","Core Surge","Conserve Battery+1","Doubt"],"relics":["Cracked Core","MealTicket","Pen Nib","Juzu Bracelet","ReplayTheSpireMod:ShopPack","Happy Flower","Mirror","Odd Mushroom","Fusion Hammer","ReplayTheSpireMod:Ring of Collecting","Ring of Greed","Old Coin","Replay:Bandana","Membership Card","Geode","White Beast Statue","Toxic Egg 2","ReplayTheSpireMod:Ring of Challenge","Incense Burner","Prayer Wheel","Replay:Bronze Core"],"acts_visited":["Exordium","TheCity","TheBeyond"],"potions_floor_usage":[9,9,16,18,25,35,37],"damage_taken":[{"damage":0,"enemies":"2 Louse","floor":1,"turns":2},{"damage":0,"enemies":"Small Slimes","floor":3,"turns":2},{"damage":1,"enemies":"Cultist","floor":7,"turns":3},{"damage":15,"enemies":"3 Sentries","floor":9,"turns":6},{"damage":17,"enemies":"Large Slime","floor":14,"turns":3},{"damage":7,"enemies":"The Mushroom Lair","floor":16,"turns":2},{"damage":27,"enemies":"The Guardian","floor":18,"turns":11},{"damage":15,"enemies":"3 Byrds","floor":20,"turns":4},{"damage":16,"enemies":"2 Thieves","floor":23,"turns":3},{"damage":31,"enemies":"Book of Stabbing","floor":25,"turns":5},{"damage":8,"enemies":"Cultist and Chosen","floor":30,"turns":7},{"damage":7,"enemies":"Snecko","floor":32,"turns":4},{"damage":38,"enemies":"Champ","floor":35,"turns":13},{"damage":0,"enemies":"3 Darklings","floor":37,"turns":1}],"seed_played":"118423172045112558","potions_obtained":[{"floor":2,"key":"Flashbang"},{"floor":2,"key":"ColorlessPotion"},{"floor":9,"key":"LiquidBronze"},{"floor":14,"key":"ColorlessPotion"},{"floor":23,"key":"PowerPotion"},{"floor":30,"key":"SteroidPotion"},{"floor":32,"key":"FocusPotion"},{"floor":35,"key":"PowerPotion"}],"is_trial":false,"path_per_floor":["M","?","M","$","PTL","PTL","M","R","E","$","T","R","?","M","R","?","R","B",null,"M","?","$","M","?","E","?","$","T","R","M","R","M","?","R","B",null,"M"],"character_chosen":"DEFECT","items_purchased":["Sunder","ReplayTheSpireMod:ShopPack","Membership Card","Geode","Loop","ReplayTheSpireMod:Fabricate Wheel","Toxic Egg 2"],"campfire_rested":4,"item_purchase_floors":[10,10,22,22,22,27,27],"current_hp_per_floor":[75,57,57,72,72,72,71,71,56,71,71,71,71,54,75,68,68,41,75,60,60,75,59,59,28,28,43,43,65,57,75,68,54,78,40,80,80,80],"gold":279,"neow_bonus":"RANDOM_COMMON_RELIC","is_daily":false,"chose_seed":false,"campfire_upgraded":3,"win_rate":0.0,"timestamp":1614459260,"path_taken":["M","?","M","$","PTL","PTL","M","R","E","$","T","R","?","M","R","?","R","BOSS","M","?","$","M","?","E","?","$","T","R","M","R","M","?","R","BOSS","M"],"items_purchased_type":["Card","Relic","Relic","Relic","Card","Card","Relic"],"build_version":"2020-12-22","purchased_purges":2,"victory":false,"max_hp_per_floor":[75,75,75,75,75,75,75,75,75,75,75,75,75,75,75,75,75,75,75,75,75,75,75,75,75,75,75,75,75,75,75,75,80,80,80,80,80,80],"card_choices":[{"not_picked":["Steam","Streamline"],"picked":"Sweeping Beam","floor":1},{"not_picked":["Barrage","Steam"],"picked":"Stack","floor":2},{"not_picked":["Barrage","ReplayGash","Panic Button"],"picked":"SKIP","floor":3},{"not_picked":["Gash","Storm"],"picked":"Coolheaded","floor":7},{"not_picked":["Undo","Blizzard"],"picked":"Lockon","floor":9},{"not_picked":["ReplayTheSpireMod:Necrogeddon","Secret Weapon"],"picked":"HandOfGreed","floor":10},{"not_picked":["ReplayUltimateDefense","Swift Strike"],"picked":"Jack Of All Trades","floor":10},{"not_picked":["Purity","Replay:Sssssssssshield"],"picked":"Jack Of All Trades","floor":10},{"not_picked":["Lockon","Barrage"],"picked":"Beam Cell","floor":14},{"not_picked":["Sweeping Beam","Lockon"],"picked":"Go for the Eyes","floor":16},{"not_picked":["Panic Button","Cold Snap"],"picked":"Coolheaded+1","floor":20},{"not_picked":["Cold Snap","Lockon","Go for the Eyes"],"picked":"SKIP","floor":23},{"not_picked":["Streamline","Aggregate"],"picked":"Hello World","floor":25},{"not_picked":["Turbo+1","Coolheaded+1"],"picked":"Double Energy+1","floor":30},{"not_picked":["ReplaySort+1","Cold Snap"],"picked":"Core Surge","floor":30},{"not_picked":["Rebound","Reprogram+1"],"picked":"Conserve Battery+1","floor":32},{"not_picked":["Time Bomb+1","Barrage+1","Go for the Eyes"],"picked":"SKIP","floor":32}],"player_experience":242596,"relics_obtained":[{"floor":2,"key":"Pen Nib"},{"floor":9,"key":"Juzu Bracelet"},{"floor":11,"key":"Happy Flower"},{"floor":16,"key":"Odd Mushroom"},{"floor":21,"key":"ReplayTheSpireMod:Ring of Collecting"},{"floor":21,"key":"Ring of Greed"},{"floor":21,"key":"Old Coin"},{"floor":21,"key":"Replay:Bandana"},{"floor":25,"key":"White Beast Statue"},{"floor":28,"key":"ReplayTheSpireMod:Ring of Challenge"},{"floor":28,"key":"Incense Burner"}],"event_choices":[{"damage_healed":0,"gold_gain":0,"player_choice":"Paid Gold","damage_taken":0,"relics_obtained":["Mirror"],"max_hp_gain":0,"max_hp_loss":0,"event_name":"WeMeetAgain","floor":13,"gold_loss":58},{"damage_healed":0,"gold_gain":0,"player_choice":"Fought Mushrooms","damage_taken":0,"max_hp_gain":0,"max_hp_loss":0,"event_name":"Mushrooms","floor":16,"gold_loss":0},{"damage_healed":0,"gold_gain":0,"player_choice":"Ignored","damage_taken":0,"max_hp_gain":0,"max_hp_loss":0,"event_name":"Ghosts","floor":24,"gold_loss":0},{"cards_removed":["Languid"],"damage_healed":0,"gold_gain":0,"player_choice":"Took Card","damage_taken":0,"max_hp_gain":0,"max_hp_loss":0,"event_name":"NoteForYourself","floor":26,"gold_loss":0,"cards_obtained":["Injury"]},{"damage_healed":0,"gold_gain":0,"player_choice":"Shed Blood","damage_taken":19,"max_hp_gain":5,"max_hp_loss":0,"event_name":"Forgotten Altar","floor":33,"gold_loss":0}],"is_beta":false,"boss_relics":[{"not_picked":["Replay:Drink Me","FrozenCore"],"picked":"Fusion Hammer"},{"not_picked":["Snecko Eye","bronze:MakeshiftBattery"],"picked":"Replay:Bronze Core"}],"items_purged_floors":[22,27],"is_endless":false,"potions_floor_spawned":[9,14,23,30,32,35],"killed_by":"3 Darklings","ascension_level":0}}