{"host":"ebeqek106y9nustn","time":1614435202,"event":{"mods":["BaseMod","Downfall","Hermit","Hubris","Infinite Spire","Marisa????????","Minty Spire (QoL Compilation)","Replay The Spire","StSLib","The Cursed","The Necromancer","The Servant 0.9.4"],"gold_per_floor":[115,128,128,128,139,139,65,76,76,89,99,113,113,146,146,246,246,266,266,281,206,206,206,305,339,339,339,350,362,362],"floor_reached":29,"language":"ENG","playtime":1059,"items_purged":["Writhe"],"score":247,"play_id":"1b2ab0b6-7a0f-45a4-aa0a-6504500e3d17","local_time":"20210227141322","daily_mods":["Heirloom","Time Dilation"],"is_ascension_mode":false,"campfire_choices":[{"data":"hermit:Headshot","floor":6,"key":"SMITH"},{"data":"hermit:Deadeye","floor":13,"key":"SMITH"},{"floor":15,"key":"REST"},{"data":"hermit:Deadeye","floor":23,"key":"SMITH"}],"circlet_count":0,"master_deck":["hermit:Strike_Hermit","hermit:Strike_Hermit","hermit:Defend_Hermit","hermit:Snapshot","hermit:Covet","hermit:Spite+1","hermit:Headshot+1","hermit:Desperado","hermit:ShadowCloak","hermit:Ricochet","hermit:Headshot","hermit:Deadeye+1","hermit:RoundhouseKick+1","Pain","hermit:Deadeye+1","hermit:Deadeye+1","hermit:Ricochet"],"relics":["hermit:Momento","hubris:MedicalManual","ReplayTheSpireMod:Ring of Exchange","ReplayTheSpireMod:Ring of Collecting","hubris:Towel","Ring of Fury","Slimebound:StickyStick","Pantograph","Kintsugi","ReplayTheSpireMod:Shallot","Ring of Misfortune","Replay:Bottled Eggs","Guide Book","Honey Jar"],"acts_visited":["Exordium","TheCity"],"potions_floor_usage":[16],"damage_taken":[{"damage":1,"enemies":"Cultist","floor":1,"turns":4},{"damage":5,"enemies":"Small Slimes","floor":2,"turns":3},{"damage":1,"enemies":"Jaw Worm","floor":5,"turns":2},{"damage":9,"enemies":"Exordium Wildlife","floor":8,"turns":3},{"damage":3,"enemies":"Lots of Slimes","floor":10,"turns":2},{"damage":6,"enemies":"Looter","floor":11,"turns":2},{"damage":0,"enemies":"2 Fungi Beasts","floor":12,"turns":1},{"damage":9,"enemies":"Replay:BlueRogue","floor":14,"turns":3},{"damage":36,"enemies":"The Guardian","floor":16,"turns":6},{"damage":12,"enemies":"Shell Parasite","floor":18,"turns":2},{"damage":10,"enemies":"Chosen","floor":20,"turns":3},{"damage":35,"enemies":"Slavers","floor":25,"turns":3},{"damage":2,"enemies":"Sentry and Sphere","floor":28,"turns":3},{"damage":12,"enemies":"Snake Plant","floor":29,"turns":2}],"seed_played":"7089376668847580615","potions_obtained":[{"floor":2,"key":"Energy Potion"},{"floor":11,"key":"Strength Potion"},{"floor":14,"key":"EssenceOfSteel"},{"floor":20,"key":"Strength Potion"},{"floor":28,"key":"Cursed Concoction"}],"is_trial":true,"path_per_floor":["M","M","?","?","M","R","$","M","T","M","M","M","R","E","R","B",null,"M","?","M","$","?","R","?","E","T","AVR","M","M"],"character_chosen":"HERMIT","items_purchased":["hermit:ShadowCloak"],"campfire_rested":1,"item_purchase_floors":[7],"current_hp_per_floor":[74,69,69,69,68,68,68,59,59,56,50,50,50,41,63,39,75,63,63,53,53,53,53,53,18,18,18,16,4,4],"gold":362,"neow_bonus":"","is_daily":false,"chose_seed":false,"campfire_upgraded":3,"win_rate":0.0,"timestamp":1614435202,"path_taken":["M","?","?","?","M","R","?","M","T","M","M","?","R","E","R","BOSS","M","?","M","$","?","R","?","E","T","AVR","M","M"],"items_purchased_type":["Card"],"build_version":"2020-12-22","purchased_purges":1,"victory":false,"max_hp_per_floor":[75,75,75,75,75,75,75,75,75,75,75,75,75,75,75,75,75,75,75,75,75,75,75,75,75,75,75,75,75,75],"card_choices":[{"not_picked":["hermit:Coalescence","hermit:Manifest"],"picked":"hermit:Spite","floor":1},{"not_picked":["hermit:Feint","hermit:WideOpen"],"picked":"hermit:Headshot","floor":2},{"not_picked":["hermit:BodyArmor","hermit:Scavenge"],"picked":"hermit:Desperado","floor":5},{"not_picked":["hermit:LowProfile","hermit:NoHoldsBarred","hermit:FlashPowder"],"picked":"SKIP","floor":8},{"not_picked":["hermit:LowProfile","hermit:CalledShot"],"picked":"hermit:Ricochet","floor":10},{"not_picked":["hermit:FatalDesire","hermit:Vantage"],"picked":"hermit:Headshot","floor":11},{"not_picked":["hermit:LowProfile","hermit:Coalescence"],"picked":"hermit:Deadeye","floor":12},{"not_picked":["hermit:Cheat","hermit:LoneWolf","hermit:ItchyTrigger"],"picked":"SKIP","floor":14},{"not_picked":["hermit:Roughhouse","hermit:Purgatory"],"picked":"hermit:RoundhouseKick","floor":16},{"not_picked":["hermit:BodyArmor","hermit:Misfire"],"picked":"hermit:Deadeye","floor":18},{"not_picked":["hermit:TakeAim","hermit:HoleUp+1","hermit:Feint"],"picked":"SKIP","floor":20},{"not_picked":["hermit:ItchyTrigger","hermit:Shortfuse","hermit:LowProfile+1"],"picked":"SKIP","floor":25},{"not_picked":["hermit:Malice","hermit:Feint","hermit:LowProfile"],"picked":"hermit:Ricochet","floor":28}],"player_experience":32319,"relics_obtained":[{"floor":3,"key":"ReplayTheSpireMod:Ring of Exchange"},{"floor":3,"key":"ReplayTheSpireMod:Ring of Collecting"},{"floor":9,"key":"Ring of Fury"},{"floor":9,"key":"Slimebound:StickyStick"},{"floor":14,"key":"Pantograph"},{"floor":25,"key":"ReplayTheSpireMod:Shallot"},{"floor":26,"key":"Ring of Misfortune"},{"floor":26,"key":"Replay:Bottled Eggs"}],"event_choices":[{"damage_healed":0,"gold_gain":0,"player_choice":"Read","damage_taken":0,"max_hp_gain":0,"max_hp_loss":0,"event_name":"The Library","floor":19,"gold_loss":0,"cards_obtained":["hermit:Deadeye"]},{"damage_healed":0,"gold_gain":99,"player_choice":"Stole From Cult","damage_taken":0,"max_hp_gain":0,"max_hp_loss":0,"event_name":"Nest","floor":24,"gold_loss":0}],"is_beta":false,"boss_relics":[{"not_picked":["Replay:Lucky Slots","Orrery"],"picked":"Kintsugi"}],"items_purged_floors":[21],"is_endless":false,"potions_floor_spawned":[2,11,14,20,28],"killed_by":"Snake Plant","ascension_level":0}}