{"host":"6jrnojxwearbrjzo","time":1614443900,"event":{"mods":["BaseMod","Conspire","Minty Spire (QoL Compilation)","MostiFishMod","Quick Restart","Random Character Button","Remilia（蕾米莉亚）","Shop Mod","Spicy Shops","StSLib","SuperFastMode","Td1madao Mod","TestMod","The Servant 0.9.4","Yuyuko","[功能]功能增强和修复MOD","篝火指南"],"gold_per_floor":[110,124,137,137,147,181,181,212,212,222,222,222,255,273,273,368,368,388,108,1098,1116,1132,1158,1158,1158,1184,1184,1214,1214,1194,1204,1204,1303,1303,1320,1332,1128,1161,1206,1240,1240,1640,1665,1436,1485,1507,1507,1533,1533,1533],"floor_reached":51,"language":"ZHS","playtime":2139,"items_purged":["Strike_C","Defend_C","Defend_C","Strike_C"],"score":1234,"play_id":"c418a371-8edc-4783-aa2f-d820fe98eb23","local_time":"20210228003820","is_ascension_mode":false,"campfire_choices":[{"data":"Machining","floor":12,"key":"SMITH"},{"data":"Black Execution","floor":15,"key":"SMITH"},{"floor":24,"key":"REST"},{"data":"Bursts","floor":27,"key":"SMITH"},{"data":"Lunge","floor":29,"key":"SMITH"},{"floor":32,"key":"REST"},{"data":"Chip","floor":47,"key":"SMITH"},{"data":"Moon Tear","floor":49,"key":"SMITH"}],"circlet_count":0,"master_deck":["Strike_C","Strike_C","Defend_C+1","Defend_C+1","Knight Kick+1","Chip+1","Rupture+1","Provocative","Energy Supply+1","Machining+1","Black Execution+1","Overclocking+1","Bursts+1","Lunge+1","Revenge+1","Lust_TH","Sub Weapons+1","Moon Tear+1"],"relics":["Apod","testmod-TestBox","testmod-RealStoneCalender","CombinedTypeHook","Bag of Marbles","SynthV:TestCard","Pen Nib","Regal Pillow","testmod-InjuryResistance","Sundial","War Paint","ChiXiaoBlade","Mb Ring","Dodecahedron","Whetstone","Akabeko","Anchor","Omamori","FeatherPendant","Frozen Egg 2","ScarletDevilRocket","testmod-AssaultLearning","testmod-Nyarlathotep","Eternal Feather","Lantern","SynthV","Juzu Bracelet","testmod-Charity","conspire:GlowingRock","conspire:TopHat","Vajra"],"acts_visited":["Exordium","TheCity","TheBeyond"],"potions_floor_usage":[6,8,10,16,23,23,33,38,50],"damage_taken":[{"damage":0,"enemies":"Cultist","floor":1,"turns":2},{"damage":8,"enemies":"Jaw Worm","floor":2,"turns":2},{"damage":1,"enemies":"2 Louse","floor":3,"turns":2},{"damage":6,"enemies":"Lots of Slimes","floor":5,"turns":2},{"damage":0,"enemies":"Lagavulin","floor":6,"turns":2},{"damage":0,"enemies":"Gremlin Nob","floor":8,"turns":2},{"damage":0,"enemies":"Exordium Wildlife","floor":10,"turns":1},{"damage":14,"enemies":"Lagavulin","floor":13,"turns":3},{"damage":0,"enemies":"Exordium Thugs","floor":14,"turns":1},{"damage":0,"enemies":"Slime Boss","floor":16,"turns":4},{"damage":0,"enemies":"Spheric Guardian","floor":18,"turns":3},{"damage":10,"enemies":"Shell Parasite","floor":21,"turns":2},{"damage":0,"enemies":"Cultist and Chosen","floor":22,"turns":1},{"damage":0,"enemies":"Slavers","floor":23,"turns":2},{"damage":0,"enemies":"Book of Stabbing","floor":28,"turns":2},{"damage":0,"enemies":"Snecko","floor":31,"turns":1},{"damage":28,"enemies":"conspire:MysteriousRune","floor":33,"turns":4},{"damage":0,"enemies":"Orb Walker","floor":35,"turns":1},{"damage":0,"enemies":"3 Darklings","floor":36,"turns":1},{"damage":18,"enemies":"conspire:MimicChest","floor":38,"turns":3},{"damage":0,"enemies":"2 Orb Walkers","floor":39,"turns":1},{"damage":0,"enemies":"Giant Head","floor":40,"turns":1},{"damage":0,"enemies":"Mind Bloom Boss Battle","floor":45,"turns":2},{"damage":0,"enemies":"Nemesis","floor":48,"turns":1},{"damage":15,"enemies":"Awakened One","floor":50,"turns":4}],"seed_played":"-8737540073793571504","potions_obtained":[{"floor":4,"key":"Swift Potion"},{"floor":4,"key":"testmod-TestPotion"},{"floor":4,"key":"CultistPotion"},{"floor":8,"key":"LiquidMemories"},{"floor":8,"key":"SteroidPotion"},{"floor":10,"key":"Energy Potion"},{"floor":21,"key":"testmod-TestPotion"},{"floor":23,"key":"DistilledChaos"},{"floor":28,"key":"Energy Potion"},{"floor":33,"key":"PowerPotion"},{"floor":38,"key":"FearPotion"}],"is_trial":false,"path_per_floor":["M","M","M","?","M","E","?","E","T","M","T","R","E","M","R","B",null,"M","$","?","M","M","E","R","?","T","R","E","R","$","M","R","B",null,"M","M","$","?","?","E","?","?","T","$","?","T","R","E","R","B",null],"character_chosen":"TD1MADAO_CLASS","items_purchased":["Mb Ring","Dodecahedron","Whetstone","Lunge","Frozen Egg 2","ScarletDevilRocket","SynthV","Juzu Bracelet","testmod-Charity"],"campfire_rested":2,"item_purchase_floors":[19,19,19,19,37,37,44,44,44],"current_hp_per_floor":[70,62,61,61,55,55,55,55,55,55,55,55,41,41,41,41,70,70,70,15,5,5,5,41,41,41,41,41,41,41,41,70,42,70,70,70,70,52,52,52,52,52,52,52,53,54,63,64,73,58],"gold":1533,"neow_bonus":"RANDOM_COMMON_RELIC","is_daily":false,"chose_seed":false,"campfire_upgraded":6,"win_rate":0.0,"timestamp":1614443900,"path_taken":["M","M","?","?","?","E","?","E","T","?","?","R","E","M","R","BOSS","M","?","?","?","?","E","R","?","T","R","E","R","$","M","R","BOSS","M","M","$","?","?","E","?","?","T","$","?","?","R","E","R","BOSS"],"items_purchased_type":["Relic","Relic","Relic","Card","Relic","Relic","Relic","Relic","Relic"],"build_version":"2020-12-22","purchased_purges":4,"victory":true,"max_hp_per_floor":[70,70,70,70,70,70,70,70,70,70,70,70,70,70,70,70,70,70,70,70,70,70,70,70,70,70,70,70,70,70,70,70,70,70,70,70,70,70,70,70,70,70,70,70,71,72,72,73,73,73],"card_choices":[{"not_picked":["Cursed Blade","Three Hit"],"picked":"Rupture","floor":1},{"not_picked":["Preloading","Cursed Blade","Ruin Defend","Winding Magic"],"picked":"Provocative","floor":2},{"not_picked":["Cooling Song","Coercion","Preloading","Rupture"],"picked":"Energy Supply","floor":3},{"not_picked":["Cursed Blade","Preloading","Floating Swing Kick","De Ware Chip"],"picked":"Machining","floor":5},{"not_picked":["Resistance","White Contract","Pod Fire","Black Dance"],"picked":"Black Execution","floor":6},{"not_picked":["Rupture","New Defend Magic","Fire Up","Transfer Energy"],"picked":"Overclocking","floor":8},{"not_picked":["Machining","Rupture","Black Spear","Thunder Jump","Transfer Energy"],"picked":"SKIP","floor":10},{"not_picked":["Twin Teeth","Weapon Shift","Money Cant Rescue","Resistance","Floating Swing Kick"],"picked":"SKIP","floor":13},{"not_picked":["Perfect Defend","Revenge","Cooling Song","Twin Teeth","Black Dance"],"picked":"SKIP","floor":14},{"not_picked":["Chip Synthesis","Retrieval Recycling","Black Contract","Im Angry"],"picked":"Bursts","floor":16},{"not_picked":["Coercion","Floating Even","Preloading","Winding Magic+1","Floating Swing Kick"],"picked":"SKIP","floor":18},{"not_picked":["Preparedness","Bugfix+1","Pod Fire","Sudden Beat","Lunge"],"picked":"SKIP","floor":21},{"not_picked":["Lunge+1","Bugfix+1","Black Hand","Cursed Blade","Black Spear"],"picked":"SKIP","floor":22},{"not_picked":["Fire Blade","E MP","Trader+1","Fixing"],"picked":"Revenge+1","floor":23},{"not_picked":["Load Balancing","Black Warm Hole","Paralysis","Floating Swing Kick","Fire Up+1"],"picked":"SKIP","floor":28},{"not_picked":["Rupture+1","Provocative","Black Spear+1","Lore+1"],"picked":"Sub Weapons+1","floor":31},{"not_picked":["De Ware Chip","Resistance+1","Afterwards+1","Sudden Beat+1","White Contract+1"],"picked":"SKIP","floor":35},{"not_picked":["Resistance+1","Energy Supply+1","Recovery Mechanism","Oblique Hack","Awareness+1"],"picked":"SKIP","floor":36},{"not_picked":["Cursed Blade+1","Provocative+1","Revenge","Winding Magic+1","Backup"],"picked":"SKIP","floor":40},{"not_picked":["Floating Even+1","Awareness+1","Lunge+1","Ruin Defend+1"],"picked":"Moon Tear","floor":48}],"player_experience":162358,"relics_obtained":[{"floor":1,"key":"SynthV:TestCard"},{"floor":6,"key":"Pen Nib"},{"floor":8,"key":"Regal Pillow"},{"floor":9,"key":"testmod-InjuryResistance"},{"floor":11,"key":"Sundial"},{"floor":13,"key":"War Paint"},{"floor":23,"key":"Akabeko"},{"floor":26,"key":"Anchor"},{"floor":28,"key":"Omamori"},{"floor":38,"key":"testmod-AssaultLearning"},{"floor":39,"key":"testmod-Nyarlathotep"},{"floor":40,"key":"Eternal Feather"},{"floor":43,"key":"Lantern"},{"floor":45,"key":"conspire:GlowingRock"},{"floor":46,"key":"conspire:TopHat"},{"floor":48,"key":"Vajra"}],"event_choices":[{"damage_healed":0,"gold_gain":0,"player_choice":"Got Potions","damage_taken":0,"max_hp_gain":0,"max_hp_loss":0,"event_name":"Lab","floor":4,"gold_loss":0},{"damage_healed":0,"gold_gain":0,"player_choice":"Ignored","damage_taken":0,"max_hp_gain":0,"max_hp_loss":0,"event_name":"NoteForYourself","floor":7,"gold_loss":0},{"damage_healed":0,"gold_gain":990,"player_choice":"GOLD GOLD GOLD GOLD GOLD GOLD GOLD GOLD GOLD GOLD GOLD ","damage_taken":127,"max_hp_gain":0,"max_hp_loss":0,"event_name":"Knowing Skull","floor":20,"potions_obtained":[],"gold_loss":0,"cards_obtained":[]},{"damage_healed":0,"gold_gain":0,"player_choice":"Fight","damage_taken":0,"max_hp_gain":0,"max_hp_loss":0,"event_name":"Mysterious Sphere","floor":39,"gold_loss":0},{"damage_healed":0,"gold_gain":0,"player_choice":"Memory 1","damage_taken":0,"max_hp_gain":0,"max_hp_loss":0,"event_name":"SensoryStone","floor":41,"gold_loss":0},{"damage_healed":0,"gold_gain":400,"player_choice":"Sell","damage_taken":0,"max_hp_gain":0,"max_hp_loss":0,"event_name":"恩洛斯的盘子","floor":42,"relics_lost":["DaveBox"],"gold_loss":0},{"damage_healed":0,"gold_gain":0,"player_choice":"Fight","damage_taken":0,"max_hp_gain":0,"max_hp_loss":0,"event_name":"MindBloom","floor":45,"gold_loss":0}],"is_beta":false,"boss_relics":[{"not_picked":["RhineFirstAidKit","testmod-NegativeEmotionEnhancer"],"picked":"ChiXiaoBlade"},{"not_picked":["Sozu","Runic Pyramid"],"picked":"FeatherPendant"}],"items_purged_floors":[30,30,30,30],"is_endless":false,"potions_floor_spawned":[5,8,8,10,13,14,21,22,23,28,33,36,38,40,45],"ascension_level":0}}