{"host":"c59zqhrgluvxuu0k","time":1614446668,"event":{"mods":["Act Like it!","Arknights","Bartender","BaseMod","Beaked The Cultist","Better Altar","Better Third Choice","BetterRewards","ChefMod","Colored Map","Colored Powertips","Curses Come First","Downfall","Friendly Minions","Hermit","Highlight Path","Library of Ruina","Minty Spire (QoL Compilation)","Replay The Spire","Ruina","Shop Mod","Somnambulant","Spicy Shops","StSLib","The Blackbeard","The Cursed","The Death Knight","The Disciple","The Druid","The Jungle","The Necromancer","The Runesmith","The Wild Card"],"gold_per_floor":[99,115,115,131,147,147,147,158,190,201,201,213,213,213,213,213,226,331,331,331,331,331,347,347,347,347,347,39,372,388,415,426,442,459,556,556,556,573,583,583,380,394,394,427,444,545,555,255,272,303,318,318,318,351,28,28,28,28],"floor_reached":59,"language":"ENG","playtime":37866,"items_purged":["downfall:Icky"],"score":1466,"play_id":"23b4609c-bcdb-4fcc-ba0e-e0637c8d6850","local_time":"20210227102428","is_ascension_mode":false,"campfire_choices":[{"data":"bronze:Goto","floor":1,"key":"SMITH"},{"data":"bronze:Optimize","floor":11,"key":"SMITH"},{"data":"bronze:Replicate","floor":13,"key":"SMITH"},{"data":"bronze:GetLatest","floor":20,"key":"SMITH"},{"data":"Slimebound:CheckThePlaybook","floor":25,"key":"SMITH"},{"floor":37,"key":"RECALL"},{"data":"bronze:Assembly","floor":48,"key":"SMITH"},{"floor":56,"key":"REST"}],"circlet_count":0,"master_deck":["bronze:Strike","bronze:Strike","bronze:Defend","bronze:Defend","bronze:Defend","bronze:Replicate+1","bronze:Goto+1","bronze:Optimize+1","bronze:Branch","bronze:Fortify","bronze:DarkDash","bronze:Shell","bronze:Safeguard","bronze:GetLatest+1","bronze:Assembly+1","bronze:FineTuning+1","Slimebound:CheckThePlaybook+1","bronze:CutThrough+1","bronze:Optimize+1","bronze:Shell+1","bronze:DarkDash+1","bronze:Overheat","bronze:AlphaBuild","bronze:Separator+1","bronze:ItsAFeature","bronze:InfiniteLoop+1","bronze:Boost","bronze:Allocate+1","bronze:Deprecate+1","bronze:Branch+1","bronze:BronzeOrb","bronze:Turbo+1","bronze:AlphaBuild+1","bronze:Branch","bronze:Repulsor"],"relics":["bronze:BronzeCore","White Beast Statue","Blue Doll","expansioncontent:StudyCardRelic","PageOfSpiderBud","White_Cape","Membership Card","Guardian:PocketSentry","Old Coin","Lizard Tail","ChewingGum","ReplayTheSpireMod:Ring of Challenge","Replay:Wax Seal","Gremlin Horn","Replay:Baseball","Anchor","Sling","CaptainsWheel","Boot","downfall:HeartBlessingRed","downfall:HeartBlessingGreen","downfall:HeartBlessingBlue","Snack Pack","ReplayTheSpireMod:TigerMarble","Guide Book","PageOfNosferatu"],"acts_visited":["Exordium","TheCity","TheBeyond","TheEnding"],"potions_floor_usage":[8,9,9,9,9,9,10,10,10,10,18,18,28,28,29,31,31,31,34,35,41,41,44,44,44,45,50,51,51,52,54,57,57,57,57,57,57],"damage_taken":[{"damage":0,"enemies":"Small Slimes","floor":2,"turns":3},{"damage":1,"enemies":"Jaw Worm","floor":4,"turns":3},{"damage":0,"enemies":"ats:Genji","floor":5,"turns":2},{"damage":0,"enemies":"Blue Slaver","floor":8,"turns":2},{"damage":0,"enemies":"Lagavulin","floor":9,"turns":6},{"damage":7,"enemies":"Large Slime","floor":10,"turns":4},{"damage":2,"enemies":"2 Fungi Beasts","floor":12,"turns":3},{"damage":0,"enemies":"Blue Slaver","floor":17,"turns":4},{"damage":1,"enemies":"IC_STATUS_ARCHETYPE","floor":18,"turns":8},{"damage":0,"enemies":"3 Byrds","floor":23,"turns":3},{"damage":0,"enemies":"downfall:FleeingMerchant","floor":28,"turns":4},{"damage":0,"enemies":"Gremlin Leader","floor":29,"turns":5},{"damage":0,"enemies":"Snake Plant","floor":30,"turns":3},{"damage":8,"enemies":"Slavers","floor":31,"turns":7},{"damage":3,"enemies":"Snecko","floor":32,"turns":3},{"damage":17,"enemies":"Shelled Parasite and Fungi","floor":33,"turns":7},{"damage":1,"enemies":"Cultist and Chosen","floor":34,"turns":5},{"damage":0,"enemies":"WA_ARCHETYPE_CALM","floor":35,"turns":8},{"damage":2,"enemies":"3 Darklings","floor":38,"turns":4},{"damage":0,"enemies":"3 Shapes","floor":39,"turns":4},{"damage":3,"enemies":"downfall:FleeingMerchant","floor":41,"turns":4},{"damage":0,"enemies":"Spire Growth","floor":42,"turns":4},{"damage":0,"enemies":"beaked:SuperParasite","floor":44,"turns":6},{"damage":0,"enemies":"downfall:FleeingMerchant","floor":45,"turns":4},{"damage":0,"enemies":"Jaw Worm Horde","floor":47,"turns":3},{"damage":6,"enemies":"3 Darklings","floor":49,"turns":3},{"damage":0,"enemies":"Giant Head","floor":50,"turns":6},{"damage":20,"enemies":"Maw","floor":51,"turns":7},{"damage":33,"enemies":"SI_POISON_ARCHETYPE","floor":52,"turns":11},{"damage":81,"enemies":"downfall:CharBossMerchant","floor":54,"turns":8},{"damage":0,"enemies":"downfall:NeowBoss","floor":57,"turns":12},{"damage":79,"enemies":"downfall:NeowBossFinal","floor":58,"turns":14}],"seed_played":"1307088789269726513","potions_obtained":[{"floor":3,"key":"SpeedPotion"},{"floor":3,"key":"EntropicBrew"},{"floor":3,"key":"DeathKnight:BottledBloodEchoes"},{"floor":8,"key":"DeathKnight:RimePotion"},{"floor":9,"key":"DeathKnight:RimePotion"},{"floor":10,"key":"Explosive Potion"},{"floor":12,"key":"Weak Potion"},{"floor":17,"key":"SteroidPotion"},{"floor":18,"key":"SneckoOil"},{"floor":23,"key":"SkillPotion"},{"floor":28,"key":"bronze:CleanCodePotion"},{"floor":29,"key":"Fire Potion"},{"floor":30,"key":"BlessingOfTheForge"},{"floor":31,"key":"FearPotion"},{"floor":32,"key":"Fire Potion"},{"floor":33,"key":"hexamod:SoulburnPotion"},{"floor":34,"key":"Toxic Potion"},{"floor":35,"key":"Block Potion"},{"floor":38,"key":"champ:CounterPotion"},{"floor":41,"key":"bronze:FreeFunctionsPotion"},{"floor":42,"key":"Doom Potion"},{"floor":44,"key":"PowerPotion"},{"floor":45,"key":"Fire Potion"},{"floor":47,"key":"Guardian:BlockOnCardUsePotion"},{"floor":49,"key":"Regen Potion"},{"floor":50,"key":"bronze:FreeFunctionsPotion"},{"floor":51,"key":"PowerPotion"},{"floor":54,"key":"Dexterity Potion"}],"is_trial":false,"path_per_floor":["R","M","?","M","M","?","T","M","E","M","R","M","R","PTL","PTL","?","M","B",null,"R","?","?","M","?","R","T","T","$","E","M","E","M","M","M","B",null,"R","M","M","?","$","M","T","E","$","?","M","R","M","E","M","B",null,"E","$","R","B","B",null],"character_chosen":"THE_AUTOMATON","items_purchased":["Membership Card","Guardian:PocketSentry","bronze:Optimize+1","Replay:Wax Seal","Gremlin Horn","Replay:Baseball","bronze:InfiniteLoop","Sling","CaptainsWheel","Boot","bronze:Repulsor","Guide Book","PageOfNosferatu","EntropicBrew","Adrenaline Potion"],"campfire_rested":1,"item_purchase_floors":[28,28,28,41,41,41,41,45,45,45,55,55,55,55,55],"current_hp_per_floor":[49,49,49,48,48,48,48,48,48,41,41,39,39,39,39,44,44,43,75,75,75,75,75,75,75,75,75,75,75,75,67,64,47,46,46,75,75,73,73,73,70,70,70,70,70,52,52,62,56,71,55,32,85,6,6,31,45,28],"gold":28,"neow_bonus":"REMOVE_TWO","is_daily":false,"chose_seed":false,"campfire_upgraded":6,"win_rate":0.0,"timestamp":1614446668,"path_taken":["R","M","?","?","M","?","T","M","E","M","R","M","R","PTL","PTL","?","M","BOSS","R","?","?","M","?","R","T","?","$","E","M","E","M","M","M","BOSS","R","M","M","?","$","M","T","E","$","?","M","R","M","E","M","BOSS","E","$","R","BOSS","BOSS"],"items_purchased_type":["Relic","Relic","Card","Relic","Relic","Relic","Card","Relic","Relic","Relic","Card","Relic","Relic","Potion","Potion"],"build_version":"2020-12-22","purchased_purges":1,"victory":true,"max_hp_per_floor":[70,70,70,70,70,70,70,70,70,70,70,70,70,70,70,75,75,75,75,75,75,75,75,75,75,75,75,75,75,75,75,75,75,75,75,75,75,75,75,75,75,75,75,75,75,75,75,85,85,85,85,85,85,85,85,85,85,85],"card_choices":[{"not_picked":["bronze:FineTuning","bronze:BugBarrage"],"picked":"bronze:Optimize","floor":2},{"not_picked":["bronze:Frontload","bronze:Terminator"],"picked":"bronze:Branch","floor":4},{"not_picked":["bronze:Frontload","bronze:CutThrough","bronze:DelayedGuard"],"picked":"SKIP","floor":5},{"not_picked":["bronze:Separator","bronze:DelayedSlice"],"picked":"bronze:Fortify","floor":8},{"not_picked":["bronze:BugBarrage","bronze:GetLatest"],"picked":"bronze:DarkDash","floor":9},{"not_picked":["bronze:Shield","bronze:OilSpill"],"picked":"bronze:Shell","floor":10},{"not_picked":["bronze:ChildClass","bronze:FollowUp"],"picked":"bronze:Safeguard","floor":12},{"not_picked":["bronze:DigitalCarnage","bronze:Safeguard"],"picked":"bronze:GetLatest","floor":17},{"not_picked":["bronze:InfiniteLoop","bronze:TinkerersToolbox"],"picked":"bronze:Assembly","floor":18},{"not_picked":["bronze:Allocate","bronze:Repair"],"picked":"bronze:FineTuning+1","floor":23},{"not_picked":["bronze:BugBarrage","bronze:NullPointer"],"picked":"bronze:CutThrough+1","floor":28},{"not_picked":["bronze:WhirlingStrike","bronze:Overload"],"picked":"bronze:Shell+1","floor":29},{"not_picked":["bronze:CutThrough","bronze:DigitalCarnage+1"],"picked":"bronze:DarkDash+1","floor":30},{"not_picked":["bronze:Philosophize","bronze:ChildClass"],"picked":"bronze:Overheat","floor":31},{"not_picked":["bronze:Refactor","bronze:CutThrough","bronze:Frontload"],"picked":"SKIP","floor":32},{"not_picked":["bronze:Overheat","bronze:WhirlingStrike","bronze:CutThrough"],"picked":"SKIP","floor":33},{"not_picked":["bronze:DelayedGuard","bronze:Iterate","bronze:BitShift"],"picked":"SKIP","floor":34},{"not_picked":["bronze:Verify","bronze:TinkerersToolbox"],"picked":"bronze:AlphaBuild","floor":35},{"not_picked":["bronze:WhirlingStrike+1","bronze:Overheat"],"picked":"bronze:Separator+1","floor":38},{"not_picked":["bronze:Overheat","bronze:BuggyMess"],"picked":"bronze:ItsAFeature","floor":39},{"not_picked":["bronze:WildBeam","bronze:Turbo","bronze:CloningBeam"],"picked":"SKIP","floor":41},{"not_picked":["bronze:Shield+1","bronze:Invalidate+1"],"picked":"bronze:Boost","floor":42},{"not_picked":["bronze:Separator","bronze:CloningBeam+1"],"picked":"bronze:Allocate+1","floor":44},{"not_picked":["bronze:ForLoop+1","bronze:InfiniteLoop"],"picked":"bronze:Deprecate+1","floor":45},{"not_picked":["bronze:Return","bronze:NullPointer"],"picked":"bronze:Branch+1","floor":46},{"not_picked":["bronze:ForLoop","bronze:Shield"],"picked":"bronze:BronzeOrb","floor":46},{"not_picked":["bronze:Shield","bronze:CloningBeam+1"],"picked":"bronze:Turbo+1","floor":47},{"not_picked":["bronze:Separator","bronze:Safeguard","bronze:WhirlingStrike"],"picked":"SKIP","floor":49},{"not_picked":["bronze:Safeguard+1","bronze:OilSpill+1"],"picked":"bronze:AlphaBuild","floor":50},{"not_picked":["bronze:DelayedSlice+1","bronze:BugBarrage+1"],"picked":"bronze:Branch","floor":51},{"not_picked":["bronze:Invalidate+1","bronze:Philosophize","bronze:ChosenStrike"],"picked":"SKIP","floor":54}],"player_experience":2549467,"relics_obtained":[{"floor":7,"key":"White Beast Statue"},{"floor":9,"key":"Blue Doll"},{"floor":26,"key":"PageOfSpiderBud"},{"floor":27,"key":"White_Cape"},{"floor":29,"key":"Old Coin"},{"floor":31,"key":"Lizard Tail"},{"floor":40,"key":"ReplayTheSpireMod:Ring of Challenge"},{"floor":44,"key":"Anchor"},{"floor":50,"key":"Snack Pack"},{"floor":54,"key":"ReplayTheSpireMod:TigerMarble"}],"event_choices":[{"damage_healed":0,"gold_gain":0,"player_choice":"Got Potions","damage_taken":0,"max_hp_gain":0,"max_hp_loss":0,"event_name":"Lab","floor":3,"gold_loss":0},{"damage_healed":0,"gold_gain":0,"player_choice":"Donut","damage_taken":0,"max_hp_gain":5,"max_hp_loss":0,"event_name":"Big Fish","floor":16,"gold_loss":0}],"is_beta":false,"boss_relics":[{"not_picked":["SlaversCollar","Tiny House"],"picked":"expansioncontent:StudyCardRelic"},{"not_picked":["Empty Cage","bronze:PlatinumCore"],"picked":"ChewingGum"}],"items_purged_floors":[28],"is_endless":false,"potions_floor_spawned":[5,8,9,10,12,17,18,23,28,29,30,31,32,33,34,35,38,39,41,42,44,45,47,49,50,51,54],"ascension_level":0}}