{"host":"yobtt7pjhlphl8u1","time":1614395000,"event":{"mods":["Act Like it!","BaseMod","DeckTracker","Downfall","Minty Spire (QoL Compilation)","MostiFishMod","StSLib"],"gold_per_floor":[99,114,126,276,276,302,302,402,417,417,427,427,442,461,474,569,569,569,583,583,595,159,159,204,204,220,243,282,301,301,301,361,462,462,362,374,106,164,164,214,214,229,229,247,315,115,165,191,250,250,250,283,112,112,112,112],"floor_reached":57,"language":"ZHS","playtime":4954,"items_purged":["hexamod:ChargedBarrage","hexamod:ThermalTransfer"],"score":1263,"play_id":"8b983ddb-18c2-4ee8-9fa4-b73041b6283d","local_time":"20210227110320","is_ascension_mode":false,"campfire_choices":[{"data":"hexamod:Float","floor":1.0,"key":"SMITH"},{"data":"hexamod:ForkedFlame","floor":18.0,"key":"SMITH"},{"data":"expansioncontent:QuickStudy","floor":25.0,"key":"SMITH"},{"data":"hexamod:ForkedFlame","floor":30.0,"key":"SMITH"},{"data":"hexamod:TimeOfNeed","floor":35.0,"key":"SMITH"},{"floor":43.0,"key":"RECALL"},{"data":"hexamod:GhostflameInferno","floor":46.0,"key":"SMITH"},{"data":"hexamod:HauntingEcho","floor":54.0,"key":"PURGE"}],"circlet_count":0,"master_deck":["hexamod:ParanormalForm","hexamod:Hexaguard","hexamod:GhostOfSpirePast+1","hexamod:TimeOfNeed+1","hexamod:ChargedBarrage","hexamod:ForkedFlame+1","hexamod:InspiringFlames","hexamod:GhostflameBarrier","hexamod:SoulSteal+1","hexamod:ForkedFlame+1","hexamod:ShieldOfDarkness+1","hexamod:EmpoweredFlame+1","hexamod:GhostShield+1","expansioncontent:QuickStudy+1","hexamod:WildfireWeapon","hexamod:RainOfEmbers","hexamod:GhostflameInferno+1","hexamod:ExtraCrispy","hexamod:SoulSteal","hexamod:RecurringNightmare+1","hexamod:GhostOfSpirePresent","expansioncontent:QuickStudy+1"],"relics":["hexamod:SpiritBrand","DaveBox","JellyFishMachine","Darkstone Periapt","Matryoshka","Lantern","FixedStarFall","downfall:RedIOU","TheAbacus","Bronze Scales","hexamod:TheBrokenSeal","ImprovedEquipment","downfall:KnowingSkull","ChiXiaoBlade","downfall:HeartBlessingBlue","ClockworkSouvenir","White Beast Statue","Bottled Tornado","Sundial","downfall:HeartBlessingGreen","downfall:HeartBlessingRed","Peace Pipe","hexamod:MatchstickCase","Bag of Preparation"],"acts_visited":["Exordium","TheCity","TheBeyond","TheEnding"],"potions_floor_usage":[55,56,56],"damage_taken":[{"damage":0.0,"enemies":"Jaw Worm","floor":2.0,"turns":3.0},{"damage":2.0,"enemies":"Small Slimes","floor":3.0,"turns":3.0},{"damage":15.0,"enemies":"Lagavulin","floor":6.0,"turns":7.0},{"damage":26.0,"enemies":"downfall:Heads","floor":8.0,"turns":7.0},{"damage":0.0,"enemies":"Cultist","floor":9.0,"turns":4.0},{"damage":5.0,"enemies":"Exordium Wildlife","floor":11.0,"turns":4.0},{"damage":7.0,"enemies":"Blue Slaver","floor":13.0,"turns":3.0},{"damage":11.0,"enemies":"Large Slime","floor":14.0,"turns":6.0},{"damage":5.0,"enemies":"Lots of Slimes","floor":15.0,"turns":3.0},{"damage":22.0,"enemies":"DF_ARCHETYPE_STREAMLINE","floor":16.0,"turns":9.0},{"damage":6.0,"enemies":"Spheric Guardian","floor":19.0,"turns":4.0},{"damage":44.0,"enemies":"Chosen","floor":21.0,"turns":8.0},{"damage":10.0,"enemies":"downfall:FleeingMerchant","floor":22.0,"turns":4.0},{"damage":33.0,"enemies":"Centurion and Healer","floor":26.0,"turns":6.0},{"damage":2.0,"enemies":"Snake Plant","floor":27.0,"turns":4.0},{"damage":21.0,"enemies":"Gremlin Leader","floor":28.0,"turns":6.0},{"damage":0.0,"enemies":"Sentry and Sphere","floor":29.0,"turns":4.0},{"damage":14.0,"enemies":"Centurion and Healer","floor":32.0,"turns":6.0},{"damage":19.0,"enemies":"SI_MIRROR_ARCHETYPE","floor":33.0,"turns":6.0},{"damage":0.0,"enemies":"3 Darklings","floor":36.0,"turns":3.0},{"damage":5.0,"enemies":"downfall:FleeingMerchant","floor":37.0,"turns":4.0},{"damage":8.0,"enemies":"3 Shapes","floor":38.0,"turns":3.0},{"damage":3.0,"enemies":"3 Darklings","floor":40.0,"turns":2.0},{"damage":8.0,"enemies":"Sphere and 2 Shapes","floor":42.0,"turns":4.0},{"damage":2.0,"enemies":"Spire Growth","floor":44.0,"turns":3.0},{"damage":15.0,"enemies":"Nemesis","floor":45.0,"turns":5.0},{"damage":14.0,"enemies":"Nemesis","floor":47.0,"turns":4.0},{"damage":4.0,"enemies":"Reptomancer","floor":48.0,"turns":5.0},{"damage":3.0,"enemies":"4 Shapes","floor":49.0,"turns":3.0},{"damage":7.0,"enemies":"IC_BLOCK_ARCHETYPE","floor":50.0,"turns":6.0},{"damage":9.0,"enemies":"downfall:CharBossMerchant","floor":52.0,"turns":6.0},{"damage":14,"enemies":"downfall:NeowBoss","floor":55,"turns":15},{"damage":22,"enemies":"downfall:NeowBossFinal","floor":56,"turns":9}],"seed_played":"-6908174438015051570","potions_obtained":[{"floor":2.0,"key":"Fruit Juice"},{"floor":13.0,"key":"hexamod:EctoCoolerPotion"},{"floor":14.0,"key":"LiquidBronze"},{"floor":16.0,"key":"Fire Potion"},{"floor":19.0,"key":"hexamod:EctoCoolerPotion"},{"floor":22.0,"key":"SkillPotion"},{"floor":28.0,"key":"champ:CounterPotion"},{"floor":28.0,"key":"FearPotion"},{"floor":32.0,"key":"Fire Potion"},{"floor":36.0,"key":"FearPotion"},{"floor":38.0,"key":"Fire Potion"},{"floor":45.0,"key":"Fruit Juice"},{"floor":47.0,"key":"Slimebound:ThreeZeroPotion"},{"floor":48.0,"key":"Weak Potion"}],"is_trial":false,"path_per_floor":["R","M","M","?","?","E","T","?","M","?","M","?","M","M","M","B",null,"R","M","?","M","$","?","T","R","M","M","E","M","R","?","M","B",null,"R","M","$","M","?","M","T","M","R","M","E","R","?","E","M","B",null,"E","$","R","B","B",null],"character_chosen":"THE_SPIRIT","items_purchased":["expansioncontent:QuickStudy","TheAbacus","ClockworkSouvenir","DistilledChaos","White Beast Statue","expansioncontent:QuickStudy+1"],"campfire_rested":0,"item_purchase_floors":[22,22,37,37,37,53],"current_hp_per_floor":[77,82,80,80,92,77,77,51,51,56,51,51,44,33,28,6,99,99,93,93,56,46,46,46,46,20,25,97,97,97,90,76,57,109,119,119,114,106,106,103,103,95,95,93,83,83,69,69,66,59,124,115,115,115,101,79],"gold":112,"neow_bonus":"TEN_PERCENT_HP_BONUS","is_daily":false,"chose_seed":false,"campfire_upgraded":6,"win_rate":0.0,"timestamp":1614395000,"path_taken":["R","M","M","?","?","E","T","?","M","?","M","?","?","M","M","BOSS","R","M","?","M","$","?","T","R","M","M","E","M","R","?","M","BOSS","R","?","$","M","?","?","T","M","R","M","E","R","?","E","M","BOSS","E","$","R","BOSS","BOSS"],"items_purchased_type":["Card","Relic","Relic","Potion","Relic","Card"],"build_version":"2020-12-22","purchased_purges":2,"victory":true,"max_hp_per_floor":[77,82,82,82,94,94,94,94,94,99,99,99,99,99,99,99,99,99,99,99,99,99,99,99,99,99,99,109,109,109,109,109,109,109,119,119,119,119,119,119,119,119,119,119,124,124,124,124,124,124,124,124,124,124,124,124],"card_choices":[{"not_picked":["hexamod:RecurringNightmare","hexamod:BurningTouch"],"picked":"hexamod:ThirdSeal","floor":2.0},{"not_picked":["hexamod:InspiringFlames","hexamod:NightmareStrike"],"picked":"hexamod:RadiantFlame","floor":3.0},{"not_picked":["hexamod:ExtraCrispy","hexamod:HeatCrush"],"picked":"hexamod:PhantomFireball","floor":3.0},{"not_picked":["hexamod:ShieldOfDarkness","hexamod:NightmareGuise"],"picked":"hexamod:GhostShield","floor":6.0},{"not_picked":["hexamod:NightmareStrike","hexamod:BurningTouch","hexamod:ExtraCrispy"],"picked":"SKIP","floor":6.0},{"not_picked":["hexamod:Firestarter","hexamod:GhostShield"],"picked":"hexamod:SpectersWail","floor":8.0},{"not_picked":["hexamod:BacktrackSmack","hexamod:GhostLash"],"picked":"hexamod:RecurringNightmare","floor":9.0},{"not_picked":["hexamod:NightmareGuise","hexamod:GhostShield","hexamod:BacktrackSmack"],"picked":"SKIP","floor":11.0},{"not_picked":["hexamod:Firestarter","hexamod:SpectersWail","hexamod:BacktrackSmack"],"picked":"SKIP","floor":11.0},{"not_picked":["hexamod:Hexaguard","hexamod:NightmareGuise"],"picked":"hexamod:HauntingEcho","floor":13.0},{"not_picked":["hexamod:InspiringFlames","hexamod:SpectersWail","hexamod:NightmareGuise"],"picked":"SKIP","floor":13.0},{"not_picked":["hexamod:InspiringFlames","hexamod:Rewind"],"picked":"hexamod:RetreatToShadows","floor":14.0},{"not_picked":["hexamod:SpectralAdrenaline","hexamod:HeatMetal"],"picked":"hexamod:EtherealExpedition","floor":14.0},{"not_picked":["hexamod:FastForward","hexamod:BurningTouch","hexamod:RainOfEmbers"],"picked":"SKIP","floor":15.0},{"not_picked":["hexamod:Hexaguard","hexamod:NecessarySacrifice","hexamod:NightmareGuise"],"picked":"SKIP","floor":15.0},{"not_picked":["hexamod:HexaLevel","hexamod:UnleashSpirits"],"picked":"hexamod:VolcanoVisage","floor":16.0},{"not_picked":["hexamod:HexaLevel","hexamod:VolcanoVisage"],"picked":"hexamod:FifthSeal","floor":16.0},{"not_picked":["hexamod:NightmareGuise","hexamod:Hexaguard","hexamod:SpectersWail"],"picked":"SKIP","floor":19.0},{"not_picked":["hexamod:ThirdSeal","hexamod:Hexaguard","hexamod:GhostOfSpireFuture"],"picked":"SKIP","floor":19.0},{"not_picked":["hexamod:FirstSeal","hexamod:ThirdSeal"],"picked":"hexamod:FourthSeal","floor":21.0},{"not_picked":["hexamod:FourthSeal","hexamod:BurningTouch+1"],"picked":"hexamod:GhostShield+1","floor":21.0},{"not_picked":["hexamod:SpectersWail","hexamod:ShieldOfDarkness","hexamod:Firestarter"],"picked":"SKIP","floor":21.0},{"not_picked":["hexamod:NightmareStrike","hexamod:SpectralAdrenaline","hexamod:FirstSeal"],"picked":"SKIP","floor":22.0},{"not_picked":["hexamod:FirstSeal","hexamod:FourthSeal"],"picked":"hexamod:SecondSeal","floor":26.0},{"not_picked":["hexamod:GhostShield","hexamod:NightmareGuise","hexamod:ThirdSeal"],"picked":"SKIP","floor":26.0},{"not_picked":["hexamod:NightmareGuise","hexamod:ShieldOfDarkness+1","hexamod:NecessarySacrifice+1"],"picked":"SKIP","floor":27.0},{"not_picked":["hexamod:AdvancingGuard","hexamod:FifthSeal","hexamod:ExtraCrispy"],"picked":"SKIP","floor":28.0},{"not_picked":["hexamod:ThirdSeal","hexamod:GhostShield","hexamod:HeatMetal"],"picked":"SKIP","floor":29.0},{"not_picked":["hexamod:ShieldOfDarkness","hexamod:Again","hexamod:SpectersWail"],"picked":"SKIP","floor":32.0},{"not_picked":["hexamod:NightmareStrike","hexamod:ShieldOfDarkness+1","hexamod:Haunt"],"picked":"SKIP","floor":36.0},{"not_picked":["hexamod:ChargedBarrage+1","hexamod:BacktrackSmack"],"picked":"hexamod:GhostflameInferno","floor":37.0},{"not_picked":["hexamod:Again","hexamod:Hexaguard","hexamod:SpectersWail+1"],"picked":"SKIP","floor":38.0},{"not_picked":["hexamod:NightmareGuise+1","hexamod:FastForward","hexamod:DynamicBlow"],"picked":"SKIP","floor":40.0},{"not_picked":["hexamod:GhostLash+1","hexamod:ShieldOfDarkness+1"],"picked":"hexamod:SoulSteal","floor":42.0},{"not_picked":["hexamod:Incineration","hexamod:AdvancingGuard+1","hexamod:SpectralAdrenaline"],"picked":"SKIP","floor":44.0},{"not_picked":["hexamod:GhostShield","hexamod:ForkedFlame"],"picked":"hexamod:RecurringNightmare+1","floor":45.0},{"not_picked":["hexamod:SpectralAdrenaline","hexamod:Haunt","hexamod:HauntingEcho+1"],"picked":"SKIP","floor":48.0},{"not_picked":["hexamod:GhostOfSpirePast+1","hexamod:Firestarter","hexamod:ThermalTransfer"],"picked":"SKIP","floor":49.0},{"not_picked":["hexamod:BurningTouch+1","hexamod:AdvancingGuard+1"],"picked":"hexamod:GhostOfSpirePresent","floor":52.0}],"player_experience":4067,"relics_obtained":[{"floor":6.0,"key":"Matryoshka"},{"floor":7.0,"key":"Orichalcum"},{"floor":7.0,"key":"Lantern"},{"floor":24.0,"key":"Bronze Scales"},{"floor":28.0,"key":"ImprovedEquipment"},{"floor":41.0,"key":"Bottled Tornado"},{"floor":45.0,"key":"Sundial"},{"floor":47.0,"key":"Peace Pipe"},{"floor":48.0,"key":"hexamod:MatchstickCase"},{"floor":52.0,"key":"Bag of Preparation"}],"event_choices":[{"damage_healed":0.0,"max_hp_gain":5.0,"max_hp_loss":0.0,"gold_gain":0.0,"event_name":"Big Fish","player_choice":"Donut","floor":10.0,"gold_loss":0.0,"damage_taken":0.0},{"damage_healed":0.0,"max_hp_gain":0.0,"max_hp_loss":0.0,"gold_gain":0.0,"cards_transformed":["hexamod:NecessarySacrifice","hexamod:Incineration"],"event_name":"Drug Dealer","player_choice":"Became Test Subject","floor":23.0,"gold_loss":0.0,"damage_taken":0.0,"cards_obtained":["hexamod:WildfireWeapon","hexamod:RainOfEmbers"]}],"is_beta":false,"boss_relics":[{"not_picked":["Empty Cage","OneHitWonderSystem"],"picked":"FixedStarFall"},{"not_picked":["EE1DDrone","Snecko Eye"],"picked":"ChiXiaoBlade"}],"items_purged_floors":[22,37],"is_endless":false,"potions_floor_spawned":[2,13,14,16,19,27,28,32,36,38,40,42,44,45,47,48,49,52],"ascension_level":0}}