{"host":"ipv7p10ufecp4hne","time":1614456568,"event":{"mods":["BaseMod","Minty Spire (QoL Compilation)"],"gold_per_floor":[110,110,175,30,105,131,131,157,157,169,181,207,207,219,219,320,320,330,330,342,33,48,48,48],"floor_reached":23,"language":"ENG","playtime":1277,"items_purged":["Strike_P"],"score":311,"play_id":"e22d1673-b5b2-499e-ac75-7cfadfcb5851","local_time":"20210227150928","is_ascension_mode":true,"campfire_choices":[{"data":"Eruption","floor":7,"key":"SMITH"},{"floor":15,"key":"REST"}],"circlet_count":0,"master_deck":["Strike_P","Strike_P","Defend_P","Defend_P","Defend_P","Defend_P","Eruption+1","Vigilance","SignatureMove","ThirdEye","ThirdEye","Sanctity","SpiritShield","WheelKick+1","Swivel"],"relics":["PureWater","NeowsBlessing","Blood Vial","Omamori","Regal Pillow","The Courier","Vajra","Fusion Hammer","Gambling Chip"],"acts_visited":["TheCity"],"potions_floor_usage":[14,20,22,23,23],"damage_taken":[{"damage":0.0,"enemies":"2 Louse","floor":1.0,"turns":1.0},{"damage":0,"enemies":"Lagavulin","floor":6,"turns":1},{"damage":0,"enemies":"Gremlin Nob","floor":8,"turns":1},{"damage":13,"enemies":"Small Slimes","floor":10,"turns":2},{"damage":0,"enemies":"Jaw Worm","floor":11,"turns":2},{"damage":23,"enemies":"Lagavulin","floor":12,"turns":4},{"damage":3,"enemies":"3 Louse","floor":14,"turns":6},{"damage":53,"enemies":"The Guardian","floor":16,"turns":11},{"damage":0,"enemies":"Chosen","floor":18,"turns":3},{"damage":4,"enemies":"3 Byrds","floor":20,"turns":5},{"damage":1,"enemies":"Snake Plant","floor":22,"turns":2},{"damage":100,"enemies":"Slavers","floor":23,"turns":7}],"seed_played":"-5758170933649357719","potions_obtained":[{"floor":12,"key":"SpeedPotion"},{"floor":14,"key":"Ancient Potion"},{"floor":16,"key":"BottledMiracle"},{"floor":20,"key":"BlessingOfTheForge"},{"floor":22,"key":"Dexterity Potion"}],"is_trial":false,"path_per_floor":["M","?","?","$","?","E","R","E","T","M","M","E","?","M","R","B",null,"M","?","M","$","M","E"],"character_chosen":"WATCHER","items_purchased":["Omamori","Gambling Chip"],"campfire_rested":1,"item_purchase_floors":[4,21],"current_hp_per_floor":[72,60,60,60,49,51,51,53,53,42,44,23,23,22,58,7,72,72,72,68,68,69,0,0],"gold":48,"neow_bonus":"THREE_ENEMY_KILL","is_daily":false,"chose_seed":false,"campfire_upgraded":1,"win_rate":0.0,"timestamp":1614456568,"path_taken":["M","?","?","$","?","E","R","E","T","?","M","E","?","M","R","BOSS","M","?","M","$","M","E"],"items_purchased_type":["Relic","Relic"],"build_version":"2020-12-22","purchased_purges":1,"victory":false,"max_hp_per_floor":[72,72,72,72,72,72,72,72,72,72,72,72,72,72,72,72,72,72,72,72,72,72,72,72],"card_choices":[{"not_picked":["EmptyBody","ThirdEye"],"picked":"SignatureMove","floor":1},{"not_picked":["WreathOfFlame","JustLucky"],"picked":"ThirdEye","floor":6},{"not_picked":["Crescendo","FollowUp"],"picked":"ThirdEye","floor":8},{"not_picked":["JustLucky","FearNoEvil","SashWhip"],"picked":"SKIP","floor":10},{"not_picked":["ConjureBlade","WaveOfTheHand"],"picked":"Sanctity","floor":11},{"not_picked":["JustLucky","Halt","ClearTheMind"],"picked":"SKIP","floor":12},{"not_picked":["Prostrate","JustLucky","EmptyBody"],"picked":"SKIP","floor":14},{"not_picked":["Brilliance","Alpha"],"picked":"SpiritShield","floor":16},{"not_picked":["CutThroughFate","Crescendo"],"picked":"WheelKick+1","floor":18},{"not_picked":["EmptyFist+1","Consecrate","FearNoEvil"],"picked":"SKIP","floor":20},{"not_picked":["BowlingBash+1","ThirdEye","EmptyFist+1"],"picked":"SKIP","floor":22}],"player_experience":335438,"relics_obtained":[{"floor":6,"key":"Regal Pillow"},{"floor":8,"key":"The Courier"},{"floor":12,"key":"Vajra"}],"event_choices":[{"damage_healed":0,"gold_gain":0,"player_choice":"Success","damage_taken":12,"relics_obtained":["Blood Vial"],"max_hp_gain":0,"max_hp_loss":0,"event_name":"Scrap Ooze","floor":2,"gold_loss":0},{"damage_healed":0,"gold_gain":65,"player_choice":"Gained Gold","damage_taken":0,"max_hp_gain":0,"max_hp_loss":0,"event_name":"Golden Wing","floor":3,"gold_loss":0},{"damage_healed":0,"gold_gain":75,"player_choice":"Gather Gold","damage_taken":11,"max_hp_gain":0,"max_hp_loss":0,"event_name":"World of Goop","floor":5,"gold_loss":0},{"cards_removed":["Strike_P"],"damage_healed":0,"gold_gain":0,"player_choice":"Forget","damage_taken":0,"max_hp_gain":0,"max_hp_loss":0,"event_name":"Living Wall","floor":13,"gold_loss":0},{"damage_healed":0,"gold_gain":0,"player_choice":"Read","damage_taken":0,"max_hp_gain":0,"max_hp_loss":0,"event_name":"The Library","floor":19,"gold_loss":0,"cards_obtained":["Swivel"]}],"is_beta":false,"boss_relics":[{"not_picked":["Runic Dome","Snecko Eye"],"picked":"Fusion Hammer"}],"items_purged_floors":[21],"is_endless":false,"potions_floor_spawned":[12,14,16,20,22],"killed_by":"Slavers","ascension_level":4}}