{"host":"jyt8vqv30ansoqx1","time":1614407445,"event":{"mods":["BaseMod","Colored Map","DeckTracker","Highlight Path","Minty Spire (QoL Compilation)","Relic Stats","StSLib","SuperFastMode"],"gold_per_floor":[213,224,238,302,319,319,351,351,376,376,392,405,405,405,405,483,483,501,9,22,72,72,99,99,126,151,151,161,172,97,107,107,107,107],"floor_reached":33,"language":"ENG","playtime":2790,"items_purged":["Strike_G"],"score":574,"play_id":"b3f18181-3147-46bb-879c-8b30ceb75e05","local_time":"20210227013045","is_ascension_mode":true,"campfire_choices":[{"data":"Poisoned Stab","floor":6.0,"key":"SMITH"},{"data":"Phantasmal Killer","floor":8.0,"key":"SMITH"},{"data":"Neutralize","floor":10.0,"key":"SMITH"},{"data":"Envenom","floor":13.0,"key":"SMITH"},{"data":"Blade Dance","floor":15.0,"key":"SMITH"},{"data":"Blur","floor":24.0,"key":"SMITH"},{"data":"Blur","floor":27.0,"key":"SMITH"},{"data":"Backflip","floor":32,"key":"SMITH"}],"circlet_count":0,"master_deck":["AscendersBane","Strike_G","Strike_G","Strike_G+1","Defend_G","Defend_G","Defend_G+1","Defend_G","Defend_G","Survivor","Neutralize+1","Poisoned Stab+1","Blade Dance+1","Underhanded Strike","Blade Dance+1","Phantasmal Killer+1","Dagger Throw","Envenom+1","Corpse Explosion","Dagger Throw","Finisher+1","Blur+1","Blur+1","Escape Plan","Backflip+1","Acrobatics+1"],"relics":["Ring of the Snake","Akabeko","Bag of Preparation","Coffee Dripper","Snake Skull","War Paint","Whetstone","Anchor","Centennial Puzzle"],"acts_visited":["Exordium","TheCity"],"potions_floor_usage":[33],"damage_taken":[{"damage":5.0,"enemies":"Jaw Worm","floor":1.0,"turns":5.0},{"damage":0.0,"enemies":"2 Louse","floor":2.0,"turns":2.0},{"damage":6.0,"enemies":"Small Slimes","floor":3.0,"turns":4.0},{"damage":8.0,"enemies":"Blue Slaver","floor":5.0,"turns":4.0},{"damage":6.0,"enemies":"Gremlin Nob","floor":7.0,"turns":3.0},{"damage":4.0,"enemies":"Red Slaver","floor":11.0,"turns":2.0},{"damage":1.0,"enemies":"2 Fungi Beasts","floor":12.0,"turns":3.0},{"damage":8.0,"enemies":"Slime Boss","floor":16.0,"turns":7.0},{"damage":3.0,"enemies":"Spheric Guardian","floor":18.0,"turns":3.0},{"damage":0.0,"enemies":"Chosen","floor":20.0,"turns":2.0},{"damage":3.0,"enemies":"Slavers","floor":23.0,"turns":2.0},{"damage":17.0,"enemies":"Book of Stabbing","floor":25.0,"turns":4.0},{"damage":5.0,"enemies":"Centurion and Healer","floor":28.0,"turns":4.0},{"damage":0.0,"enemies":"Snake Plant","floor":29.0,"turns":1.0},{"damage":4,"enemies":"Shelled Parasite and Fungi","floor":31,"turns":3},{"damage":36,"enemies":"Champ","floor":33,"turns":7}],"seed_played":"-619848562691008742","potions_obtained":[{"floor":1.0,"key":"CunningPotion"},{"floor":7.0,"key":"GhostInAJar"},{"floor":11.0,"key":"Explosive Potion"},{"floor":20.0,"key":"SkillPotion"},{"floor":23.0,"key":"ColorlessPotion"},{"floor":25.0,"key":"Strength Potion"},{"floor":29.0,"key":"Ancient Potion"}],"is_trial":false,"path_per_floor":["M","M","M","?","M","R","E","R","T","R","M","M","R","?","R","B",null,"M","$","M","?","?","E","R","E","T","R","M","M","?","M","R","B"],"character_chosen":"THE_SILENT","items_purchased":["Snake Skull","Finisher","War Paint"],"campfire_rested":0,"item_purchase_floors":[19,19,19],"current_hp_per_floor":[54,54,48,48,40,40,34,34,34,34,30,29,29,29,29,21,55,52,52,52,52,52,49,49,32,32,32,27,27,27,23,23,0,0],"gold":107,"neow_bonus":"HUNDRED_GOLD","is_daily":false,"chose_seed":false,"campfire_upgraded":8,"win_rate":0.0,"timestamp":1614407445,"path_taken":["M","M","M","?","M","R","E","R","T","R","M","M","R","?","R","BOSS","M","$","M","?","?","E","R","E","T","R","M","M","?","M","R","BOSS"],"items_purchased_type":["Relic","Card","Relic"],"build_version":"2020-12-22","purchased_purges":1,"victory":false,"max_hp_per_floor":[66,66,66,66,66,66,66,66,66,66,66,66,66,66,66,66,66,66,66,66,66,66,66,66,66,66,66,66,66,66,66,66,66,66],"relic_stats":{"Centennial Puzzle":[9],"counters":[16,56],"Snake Skull":[54],"Bag of Preparation":[22],"Whetstone":["Finisher","Strike_G"],"War Paint":["Defend_G","Blade Dance"],"obtain_stats":[{"Anchor":25,"Centennial Puzzle":26,"Snake Skull":19,"Bag of Preparation":9,"Coffee Dripper":17,"Whetstone":23,"War Paint":19,"Akabeko":7,"Ring of the Snake":0},{"Anchor":12,"Centennial Puzzle":12,"Snake Skull":9,"Bag of Preparation":5,"Coffee Dripper":8,"Whetstone":11,"War Paint":9,"Akabeko":5,"Ring of the Snake":0},{"Anchor":41,"Centennial Puzzle":41,"Snake Skull":33,"Bag of Preparation":18,"Coffee Dripper":30,"Whetstone":37,"War Paint":33,"Akabeko":18,"Ring of the Snake":0}],"Ring of the Snake":[32]},"card_choices":[{"not_picked":["Footwork","Dodge and Roll"],"picked":"Poisoned Stab","floor":1.0},{"not_picked":["Deflect","Noxious Fumes"],"picked":"Blade Dance","floor":2.0},{"not_picked":["Quick Slash","Prepared"],"picked":"Underhanded Strike","floor":3.0},{"not_picked":["Dagger Throw","Caltrops"],"picked":"Blade Dance","floor":5.0},{"not_picked":["All Out Attack","Infinite Blades"],"picked":"Phantasmal Killer","floor":7.0},{"not_picked":["Blade Dance","Underhanded Strike"],"picked":"Dagger Throw","floor":11.0},{"not_picked":["Deadly Poison","Acrobatics"],"picked":"Envenom","floor":12.0},{"not_picked":["Unload","A Thousand Cuts"],"picked":"Corpse Explosion","floor":16.0},{"not_picked":["Heel Hook","Noxious Fumes"],"picked":"Dagger Throw","floor":18.0},{"not_picked":["Blade Dance","Dagger Throw","Noxious Fumes"],"picked":"SKIP","floor":20.0},{"not_picked":["Outmaneuver","Bane"],"picked":"Blur","floor":23.0},{"not_picked":["Quick Slash","Poisoned Stab"],"picked":"Blur","floor":25.0},{"not_picked":["Endless Agony","Predator"],"picked":"Escape Plan","floor":28.0},{"not_picked":["Concentrate","Corpse Explosion"],"picked":"Backflip","floor":29.0},{"not_picked":["Prepared","Dodge and Roll+1"],"picked":"Acrobatics+1","floor":31}],"player_experience":1717809,"relics_obtained":[{"floor":7.0,"key":"Akabeko"},{"floor":9.0,"key":"Bag of Preparation"},{"floor":23.0,"key":"Whetstone"},{"floor":25.0,"key":"Anchor"},{"floor":26.0,"key":"Centennial Puzzle"}],"event_choices":[{"damage_healed":0.0,"max_hp_gain":0.0,"max_hp_loss":0.0,"gold_gain":64.0,"event_name":"Golden Wing","player_choice":"Gained Gold","floor":4.0,"gold_loss":0.0,"damage_taken":0.0},{"damage_healed":0.0,"max_hp_gain":0.0,"max_hp_loss":0.0,"gold_gain":0.0,"event_name":"Liars Game","player_choice":"Ignored","floor":14.0,"gold_loss":0.0,"damage_taken":0.0},{"damage_healed":0.0,"max_hp_gain":0.0,"max_hp_loss":0.0,"gold_gain":50.0,"event_name":"Nest","player_choice":"Stole From Cult","floor":21.0,"gold_loss":0.0,"damage_taken":0.0},{"cards_removed":["Strike_G"],"damage_healed":0.0,"max_hp_gain":0.0,"max_hp_loss":0.0,"gold_gain":0.0,"event_name":"Beggar","player_choice":"Gave Gold","floor":30.0,"gold_loss":75.0,"damage_taken":0.0}],"is_beta":false,"boss_relics":[{"not_picked":["Ectoplasm","Velvet Choker"],"picked":"Coffee Dripper"}],"items_purged_floors":[19],"is_endless":false,"potions_floor_spawned":[1,7,11,20,23,25,29],"killed_by":"Champ","ascension_level":20}}