{"host":"mvhzznpw3ffw85pv","time":1614423968,"event":{"mods":["AchievementEnabler","BaseMod","Bestiary","Block Reminder","Colored Map","Highlight Path","Minty Spire (QoL Compilation)","Relic Stats"],"gold_per_floor":[109,123,136,150,169,194,194,194,194,194,65,65,65,17,17,17,17],"floor_reached":16,"language":"ENG","playtime":772,"items_purged":["Strike_P"],"score":170,"play_id":"34f61d40-a259-4e41-90fe-27743b20a989","local_time":"20210227060608","is_ascension_mode":true,"campfire_choices":[{"data":"MentalFortress","floor":8,"key":"SMITH"},{"data":"Eruption","floor":10,"key":"SMITH"},{"data":"EmptyFist","floor":12,"key":"SMITH"},{"data":"Vigilance","floor":15,"key":"SMITH"}],"circlet_count":0,"master_deck":["AscendersBane","Strike_P","Strike_P","Strike_P","Defend_P","Defend_P","Defend_P","Defend_P","Eruption+1","Vigilance+1","CutThroughFate","MentalFortress+1","EmptyFist+1","EmptyBody+1","Halt"],"relics":["PureWater","Unceasing Top","Mango","Golden Idol","Blue Candle"],"acts_visited":["Exordium"],"potions_floor_usage":[6,16,16],"damage_taken":[{"damage":16,"enemies":"Cultist","floor":1,"turns":5},{"damage":2,"enemies":"2 Louse","floor":2,"turns":3},{"damage":9,"enemies":"Jaw Worm","floor":3,"turns":4},{"damage":1,"enemies":"2 Fungi Beasts","floor":4,"turns":4},{"damage":7,"enemies":"Looter","floor":5,"turns":3},{"damage":6,"enemies":"Gremlin Nob","floor":6,"turns":4},{"damage":35,"enemies":"Hexaghost","floor":16,"turns":11}],"seed_played":"-7919118997826729522","potions_obtained":[{"floor":1,"key":"FearPotion"},{"floor":4,"key":"Swift Potion"},{"floor":5,"key":"Energy Potion"},{"floor":6,"key":"Fire Potion"}],"is_trial":false,"path_per_floor":["M","M","M","M","M","E","?","R","T","R","$","R","?","$","R","B"],"character_chosen":"WATCHER","items_purchased":["EmptyBody","Halt"],"campfire_rested":0,"item_purchase_floors":[11,14],"current_hp_per_floor":[45,43,34,33,26,34,34,34,34,34,34,34,34,34,34,0,0],"gold":17,"neow_bonus":"ONE_RARE_RELIC","is_daily":false,"chose_seed":false,"campfire_upgraded":4,"win_rate":0.0,"timestamp":1614423968,"path_taken":["M","M","M","M","M","E","?","R","T","R","$","R","?","?","R","BOSS"],"items_purchased_type":["Card","Card"],"build_version":"2020-12-22","purchased_purges":1,"victory":false,"max_hp_per_floor":[62,62,62,62,62,76,70,70,70,70,70,70,70,70,70,70,70],"relic_stats":{"counters":[7,34],"Golden Idol":0,"Blue Candle":[0],"obtain_stats":[{"Golden Idol":7,"Blue Candle":9,"Mango":6,"PureWater":0,"Unceasing Top":0},{"Golden Idol":6,"Blue Candle":6,"Mango":6,"PureWater":0,"Unceasing Top":0},{"Golden Idol":23,"Blue Candle":23,"Mango":23,"PureWater":0,"Unceasing Top":0}],"Unceasing Top":[1]},"card_choices":[{"not_picked":["WreathOfFlame","Wireheading"],"picked":"CutThroughFate","floor":1},{"not_picked":["FollowUp","SashWhip"],"picked":"MentalFortress","floor":2},{"not_picked":["Wireheading","Worship","Evaluate"],"picked":"SKIP","floor":3},{"not_picked":["Meditate","ThirdEye"],"picked":"EmptyFist","floor":4},{"not_picked":["CrushJoints","Consecrate","Blasphemy"],"picked":"SKIP","floor":5},{"not_picked":["WindmillStrike","JustLucky","Swivel"],"picked":"SKIP","floor":6}],"player_experience":694610,"relics_obtained":[{"floor":6,"key":"Mango"},{"floor":9,"key":"Blue Candle"}],"event_choices":[{"damage_healed":0,"gold_gain":0,"player_choice":"Lose Max HP","damage_taken":0,"relics_obtained":["Golden Idol"],"max_hp_gain":0,"max_hp_loss":6,"event_name":"Golden Idol","floor":7,"gold_loss":0},{"damage_healed":0,"gold_gain":0,"player_choice":"Grow","damage_taken":0,"max_hp_gain":0,"max_hp_loss":0,"event_name":"Living Wall","floor":13,"gold_loss":0,"cards_upgraded":["EmptyBody"]}],"is_beta":false,"boss_relics":[],"items_purged_floors":[11],"is_endless":false,"potions_floor_spawned":[1,4,5,6],"killed_by":"Hexaghost","ascension_level":14}}