{"host":"Krys","time":1614404137,"event":{"mods":["BaseMod","BetterRewards","Infinite Spire","Marisa????????","Minty Spire (QoL Compilation)","Remilia??????","Replay The Spire","Shade Mod","StSLib","The Death Knight","The Marked","The Servant 0.9.4"],"gold_per_floor":[114,127,202,202,52,86,103,103,103,115,115,115],"floor_reached":11,"language":"ENG","playtime":617,"items_purged":[],"score":73,"play_id":"3cd342c7-02fd-428c-be39-fc17fb1c93f3","local_time":"20210227023537","is_ascension_mode":false,"campfire_choices":[{"data":"DeathKnight:WraithWalk","floor":8,"key":"SMITH"}],"circlet_count":0,"master_deck":["DeathKnight:Strike_DeathKnight","DeathKnight:Strike_DeathKnight+1","DeathKnight:Strike_DeathKnight","DeathKnight:Strike_DeathKnight","DeathKnight:Strike_DeathKnight+1","DeathKnight:Defend_DeathKnight","DeathKnight:Defend_DeathKnight","DeathKnight:Defend_DeathKnight","DeathKnight:Defend_DeathKnight","DeathKnight:Defend_DeathKnight+1","DeathKnight:RuneTap","DeathKnight:RuneStrike","UpSweep","Shade:Strike_Shade","DeathKnight:DeathGrip","DeathKnight:WraithWalk+1","DeathKnight:Parry","DeathKnight:BludPresence","DeathKnight:FrosPresence"],"relics":["DeathKnight:BrokenRuneblade","Incense Burner","Whetstone","Strawberry","Question Card"],"acts_visited":["Exordium"],"potions_floor_usage":[11],"damage_taken":[{"damage":25,"enemies":"Jaw Worm","floor":1,"turns":4},{"damage":2,"enemies":"2 Louse","floor":2,"turns":3},{"damage":22,"enemies":"Lagavulin","floor":6,"turns":7},{"damage":0,"enemies":"Small Slimes","floor":7,"turns":3},{"damage":0,"enemies":"3 Louse","floor":10,"turns":4},{"damage":41,"enemies":"Gremlin Nob","floor":11,"turns":6}],"seed_played":"-7821050082614506319","potions_obtained":[{"floor":6,"key":"SpeedPotion"},{"floor":10,"key":"BlessingOfTheForge"}],"is_trial":false,"path_per_floor":["M","M","?","?","$","E","M","R","T","M","E"],"character_chosen":"DEATH_KNIGHT","items_purchased":["Whetstone"],"campfire_rested":0,"item_purchase_floors":[5],"current_hp_per_floor":[50,48,37,37,37,22,22,22,22,22,0,0],"gold":115,"neow_bonus":"ONE_RARE_RELIC","is_daily":false,"chose_seed":false,"campfire_upgraded":1,"win_rate":0.0,"timestamp":1614404137,"path_taken":["M","M","?","?","?","E","M","R","T","M","E"],"items_purchased_type":["Relic"],"build_version":"2020-11-17","purchased_purges":0,"victory":false,"max_hp_per_floor":[75,75,75,75,75,82,82,82,82,82,82,82],"card_choices":[{"not_picked":["DeathKnight:MindFreeze","DeathKnight:HornOfWinter"],"picked":"DeathKnight:DeathGrip","floor":1},{"not_picked":["DeathKnight:PlagueStrike","DeathKnight:BladedArmor"],"picked":"DeathKnight:WraithWalk","floor":2},{"not_picked":["DeathKnight:FesteringStrike","DeathKnight:DreadStrike"],"picked":"DeathKnight:Parry","floor":6},{"not_picked":["DeathKnight:UnholyExperiment","DeathKnight:UnholyPresence"],"picked":"DeathKnight:BludPresence","floor":7},{"not_picked":["DeathKnight:Hysteria","DeathKnight:BladedArmor","DeathKnight:BloodTap"],"picked":"DeathKnight:FrosPresence","floor":10}],"player_experience":51354,"relics_obtained":[{"floor":6,"key":"Strawberry"},{"floor":9,"key":"Question Card"}],"event_choices":[{"damage_healed":0,"gold_gain":75,"player_choice":"Gather Gold","damage_taken":11,"max_hp_gain":0,"max_hp_loss":0,"event_name":"World of Goop","floor":3,"gold_loss":0}],"is_beta":true,"boss_relics":[],"items_purged_floors":[],"is_endless":false,"potions_floor_spawned":[6,10],"killed_by":"Gremlin Nob","ascension_level":0}}