{"host":"oayzmny46us4oe8r","time":1614418235,"event":{"mods":["BaseMod","Minty Spire (QoL Compilation)","Shop Mod","StSLib"],"gold_per_floor":[119,119,136,152,166,166,221,221,221,221,221,171,171,186,186,287,287,302,322,322,1,19,19,19,19,19,19,19,45,57,11,11,110,110,124,173,185,34,44,44,61,61,85,104,104,104],"floor_reached":45,"language":"ENG","playtime":3609,"items_purged":["Strike_G+1","Defend_G"],"score":522,"play_id":"f37a5c1f-0872-49b4-9f10-00b0ee66dad8","local_time":"20210227203035","is_ascension_mode":true,"campfire_choices":[{"data":"Neutralize","floor":6,"key":"SMITH"},{"data":"Bouncing Flask","floor":8,"key":"SMITH"},{"data":"Poisoned Stab","floor":10,"key":"SMITH"},{"data":"Terror","floor":15,"key":"SMITH"},{"data":"Adrenaline","floor":23,"key":"SMITH"},{"data":"Noxious Fumes","floor":25,"key":"SMITH"},{"data":"Catalyst","floor":32,"key":"SMITH"},{"floor":40,"key":"REST"},{"data":"Night Terror","floor":42,"key":"SMITH"}],"circlet_count":0,"master_deck":["Defend_G","Defend_G","Defend_G","Survivor","Neutralize+1","Bouncing Flask+1","Poisoned Stab+1","Deflect+1","Backstab","Noxious Fumes+1","Terror+1","Adrenaline+1","PiercingWail+1","Bane","Poisoned Stab+1","Mind Blast+1","Backstab+1","Catalyst+1","Deflect","A Thousand Cuts","Noxious Fumes","PiercingWail+1","Night Terror+1","Deflect","PiercingWail","Deflect+1"],"relics":["Ring of the Serpent","NeowsBlessing","Bottled Flame","Eternal Feather","Molten Egg 2","MerchantsRug","Bottled Tornado","Paper Crane","MutagenicStrength","Omamori"],"acts_visited":["TheCity","TheBeyond"],"potions_floor_usage":[16,36,41,41,45],"damage_taken":[{"damage":0,"enemies":"Jaw Worm","floor":1,"turns":1},{"damage":0,"enemies":"Cultist","floor":3,"turns":1},{"damage":0,"enemies":"Small Slimes","floor":4,"turns":1},{"damage":7,"enemies":"3 Louse","floor":5,"turns":4},{"damage":25,"enemies":"3 Sentries","floor":7,"turns":10},{"damage":0,"enemies":"Large Slime","floor":14,"turns":6},{"damage":34,"enemies":"Slime Boss","floor":16,"turns":10},{"damage":0,"enemies":"3 Byrds","floor":18,"turns":4},{"damage":0,"enemies":"Chosen","floor":19,"turns":3},{"damage":1,"enemies":"Shelled Parasite and Fungi","floor":22,"turns":4},{"damage":0,"enemies":"Gremlin Leader","floor":29,"turns":6},{"damage":4,"enemies":"3 Cultists","floor":30,"turns":4},{"damage":18,"enemies":"Collector","floor":33,"turns":5},{"damage":6,"enemies":"Orb Walker","floor":35,"turns":3},{"damage":21,"enemies":"2 Orb Walkers","floor":36,"turns":4},{"damage":9,"enemies":"3 Darklings","floor":37,"turns":5},{"damage":44,"enemies":"Spire Growth","floor":39,"turns":5},{"damage":15,"enemies":"Writhing Mass","floor":41,"turns":4},{"damage":38,"enemies":"Sphere and 2 Shapes","floor":44,"turns":4},{"damage":8,"enemies":"Giant Head","floor":45,"turns":5}],"seed_played":"-6640536511378507260","potions_obtained":[{"floor":1,"key":"ColorlessPotion"},{"floor":3,"key":"LiquidBronze"},{"floor":14,"key":"EssenceOfSteel"},{"floor":16,"key":"LiquidMemories"},{"floor":30,"key":"DuplicationPotion"},{"floor":33,"key":"DistilledChaos"},{"floor":39,"key":"CunningPotion"},{"floor":41,"key":"LiquidMemories"}],"is_trial":false,"path_per_floor":["M","?","M","M","M","R","?","R","T","R","?","?","?","M","R","B",null,"M","M","?","$","M","R","T","R","T","$","?","E","M","$","R","B",null,"M","?","M","$","M","R","M","R","T","M","E"],"character_chosen":"THE_SILENT","items_purchased":["Poisoned Stab+1","Mind Blast+1","MerchantsRug","Deflect","Night Terror"],"campfire_rested":1,"item_purchase_floors":[21,21,21,31,38],"current_hp_per_floor":[70,70,70,70,63,63,38,38,38,47,40,40,26,26,35,1,70,70,70,70,70,69,70,70,70,70,70,70,70,66,66,70,52,70,64,57,48,48,4,41,26,41,41,3,0,0],"gold":104,"neow_bonus":"THREE_ENEMY_KILL","is_daily":false,"chose_seed":false,"campfire_upgraded":8,"win_rate":0.0,"timestamp":1614418235,"path_taken":["M","?","?","?","M","R","?","R","T","R","?","?","?","M","R","BOSS","M","M","?","$","?","R","?","R","T","?","?","E","M","$","R","BOSS","M","?","M","$","M","R","M","R","T","M","E"],"items_purchased_type":["Card","Card","Relic","Card","Card"],"build_version":"2020-12-22","purchased_purges":2,"victory":false,"max_hp_per_floor":[70,70,70,70,70,70,70,70,70,70,70,70,70,70,70,70,70,70,70,70,70,70,70,70,70,70,70,70,70,70,70,70,70,70,70,84,84,84,84,84,84,84,84,84,84,84],"card_choices":[{"not_picked":["PiercingWail","Deadly Poison"],"picked":"Bouncing Flask","floor":1},{"not_picked":["Bane","Blade Dance"],"picked":"Poisoned Stab","floor":3},{"not_picked":["Heel Hook","Endless Agony"],"picked":"Deflect","floor":4},{"not_picked":["Skewer","Blade Dance"],"picked":"Backstab","floor":5},{"not_picked":["PiercingWail","Dodge and Roll"],"picked":"Noxious Fumes","floor":7},{"not_picked":["Reflex","Sucker Punch"],"picked":"Terror","floor":14},{"not_picked":["Storm of Steel","Grand Finale"],"picked":"Adrenaline","floor":16},{"not_picked":["Quick Slash","Dagger Throw"],"picked":"PiercingWail+1","floor":18},{"not_picked":["Quick Slash","Blade Dance"],"picked":"Bane","floor":19},{"not_picked":["Predator+1","Riddle With Holes+1"],"picked":"Backstab+1","floor":22},{"not_picked":["Calculated Gamble","Crippling Poison+1"],"picked":"Catalyst","floor":29},{"not_picked":["Backflip","Dash+1","Flying Knee+1"],"picked":"SKIP","floor":30},{"not_picked":["Wraith Form v2","Glass Knife+1"],"picked":"A Thousand Cuts","floor":33},{"not_picked":["Slice+1","Endless Agony+1","Underhanded Strike+1"],"picked":"SKIP","floor":35},{"not_picked":["Dodge and Roll+1","Slice+1"],"picked":"Noxious Fumes","floor":36},{"not_picked":["Deadly Poison","Outmaneuver+1"],"picked":"PiercingWail+1","floor":37},{"not_picked":["Poisoned Stab+1","Distraction"],"picked":"Deflect","floor":39},{"not_picked":["Choke+1","Acrobatics"],"picked":"PiercingWail","floor":41},{"not_picked":["Flying Knee+1","Accuracy+1"],"picked":"Deflect+1","floor":44}],"player_experience":221282,"relics_obtained":[{"floor":7,"key":"Bottled Flame"},{"floor":9,"key":"Eternal Feather"},{"floor":24,"key":"Bottled Tornado"},{"floor":26,"key":"Paper Crane"},{"floor":29,"key":"Centennial Puzzle"},{"floor":36,"key":"Mango"},{"floor":43,"key":"Omamori"}],"event_choices":[{"cards_removed":["Strike_G"],"damage_healed":0,"gold_gain":0,"player_choice":"Offered Basic","damage_taken":0,"max_hp_gain":0,"max_hp_loss":0,"event_name":"Bonfire Elementals","floor":2,"gold_loss":0},{"damage_healed":0,"gold_gain":0,"player_choice":"Searched \u00272\u0027 times","damage_taken":0,"max_hp_gain":0,"max_hp_loss":0,"event_name":"Dead Adventurer","floor":7,"gold_loss":0},{"cards_removed":["Strike_G"],"damage_healed":0,"gold_gain":0,"player_choice":"Card Removal","damage_taken":7,"max_hp_gain":0,"max_hp_loss":0,"event_name":"Golden Wing","floor":11,"gold_loss":0},{"cards_removed":["Strike_G"],"damage_healed":0,"gold_gain":0,"player_choice":"Card Removal","damage_taken":0,"max_hp_gain":0,"max_hp_loss":0,"event_name":"The Cleric","floor":12,"gold_loss":50},{"damage_healed":0,"gold_gain":0,"player_choice":"Entered Light","damage_taken":14,"max_hp_gain":0,"max_hp_loss":0,"event_name":"Shining Light","floor":13,"gold_loss":0,"cards_upgraded":["Strike_G","Deflect"]},{"damage_healed":0,"gold_gain":0,"player_choice":"Gave Potion","damage_taken":0,"relics_obtained":["Molten Egg 2"],"max_hp_gain":0,"max_hp_loss":0,"event_name":"WeMeetAgain","floor":20,"gold_loss":0},{"damage_healed":0,"gold_gain":0,"player_choice":"Inject Mutagens","damage_taken":0,"relics_obtained":["MutagenicStrength"],"max_hp_gain":0,"max_hp_loss":0,"event_name":"Drug Dealer","floor":28,"gold_loss":0},{"damage_healed":0,"gold_gain":0,"player_choice":"Fight","damage_taken":0,"max_hp_gain":0,"max_hp_loss":0,"event_name":"Mysterious Sphere","floor":36,"gold_loss":0}],"is_beta":false,"boss_relics":[{"not_picked":["SacredBark","Runic Dome"],"picked":"Empty Cage"},{"not_picked":["Black Star","Coffee Dripper"],"picked":"Ring of the Serpent"}],"items_purged_floors":[21,38],"is_endless":false,"potions_floor_spawned":[1,3,14,16,18,30,33,35,39,41],"killed_by":"Giant Head","ascension_level":1}}