{"host":"fzh1lgjju4n7ycti","time":1614455720,"event":{"mods":["2.2 Compatiblity","Act Like it!","Bard","BaseMod","Better Third Choice","BetterRewards","Colored Powertips","Downfall","Duelist Mod","Friendly Minions","GifTheSpireLib","Infinite Spire","Jorbs\u0027s Wanderer Trilogy","Kiyohime????","Koishi","Marisa????????","Minty Spire (QoL Compilation)","Quick Restart","Reimu??????","Replay The Spire","Robot Space Explorer","Ruina","StSLib","The Cursed","The Hayseed","The Hierophant","The Judge","The Marked","The Mystic","The Wild Card"],"gold_per_floor":[111,111,111,129,148,175,187,187,187,217,228,228,228,228,228,328,328,340,246,263,277,277,277,277,277,277,290,300,300,300],"floor_reached":29,"language":"ENG","playtime":1286,"items_purged":[],"score":235,"play_id":"a2ae72ee-01f8-4eb1-a0ce-c39115ac2594","local_time":"20210228055520","is_ascension_mode":false,"campfire_choices":[{"data":"theMarked:EmpowerWeapon","floor":8.0,"key":"SMITH"},{"floor":12.0,"key":"REST"},{"data":"theMarked:Reabsorb","floor":15.0,"key":"SMITH"},{"data":"theMarked:ChannelForce","floor":15.0,"key":"SMITH"},{"data":"infinitespire:Execution","floor":23.0,"key":"SMITH"},{"data":"theMarked:TurnInvisible","floor":23.0,"key":"SMITH"},{"data":"theMarked:ThrowWeapon","floor":25.0,"key":"SMITH"},{"data":"theMarked:ResourceFulStrike","floor":25.0,"key":"SMITH"}],"circlet_count":0,"master_deck":["theMarked:Strike","theMarked:Strike","theMarked:Strike","theMarked:Strike","theMarked:Defend","theMarked:Defend","theMarked:Defend","theMarked:Defend","theMarked:SoldierOfQuellstein","theMarked:ResourceFulStrike+1","downfall:Haunted","downfall:Haunted","WordoMod:FoggyMind","theMarked:TurnInvisible+1","theMarked:ChannelForce+1","theMarked:Indomitable","theMarked:EmpowerWeapon+1","theMarked:Snap","theMarked:Parkour+1","theMarked:Reabsorb+1","theMarked:ThrowWeapon+1","AbeCurse","theMarked:StartUp+1","theMarked:SwordAndMagic","theMarked:EmpowerWeapon+1","theMarked:BanishingStrike","theMarked:Pokerface+1","infinitespire:Execution+1","theMarked:EnhanceMovement"],"relics":["theMarked:ArtifactOfAir","NeowsBlessing","Du-Vu Doll","infinitespire:WardingShard","Counterbalance","Replay:Arrowhead","Shuriken","Abe\u0027s Treasure","Blue Candle","Singing Bowl"],"acts_visited":["Exordium","TheCity"],"potions_floor_usage":[29],"damage_taken":[{"damage":0.0,"enemies":"2 Louse","floor":1.0,"turns":1.0},{"damage":0.0,"enemies":"Small Slimes","floor":4.0,"turns":2.0},{"damage":0.0,"enemies":"Cultist","floor":5.0,"turns":1.0},{"damage":32.0,"enemies":"Gremlin Nob","floor":6.0,"turns":5.0},{"damage":0.0,"enemies":"Looter","floor":7.0,"turns":1.0},{"damage":9.0,"enemies":"3 Sentries","floor":10.0,"turns":5.0},{"damage":6.0,"enemies":"Blue Slaver","floor":11.0,"turns":2.0},{"damage":45.0,"enemies":"The Guardian","floor":16.0,"turns":9.0},{"damage":10.0,"enemies":"2 Thieves","floor":18.0,"turns":3.0},{"damage":13.0,"enemies":"Shell Parasite","floor":20.0,"turns":4.0},{"damage":1.0,"enemies":"Sentry and Sphere","floor":21.0,"turns":3.0},{"damage":42.0,"enemies":"Shelled Parasite and Fungi","floor":27.0,"turns":3.0},{"damage":2.0,"enemies":"Chosen and Byrds","floor":28.0,"turns":4.0},{"damage":6,"enemies":"Cultist and Chosen","floor":29,"turns":1}],"seed_played":"5010740127550149863","potions_obtained":[{"floor":1.0,"key":"Swift Potion"},{"floor":7.0,"key":"LiquidBronze"},{"floor":16.0,"key":"ColorlessPotion"},{"floor":28.0,"key":"BlessingOfTheForge"}],"is_trial":false,"path_per_floor":["M","?","?","M","M","E","M","R","T","E","M","R","?","?","R","B",null,"M","$","M","M","AVR","R","?","R","T","M","M","M"],"character_chosen":"THE_DEFAULT","items_purchased":["theMarked:SwordAndMagic","theMarked:EmpowerWeapon"],"campfire_rested":1,"item_purchase_floors":[19,19],"current_hp_per_floor":[72,72,72,72,72,40,40,40,40,31,25,46,46,46,46,1,72,62,62,49,48,48,48,48,48,48,6,6,0,0],"gold":300,"neow_bonus":"THREE_ENEMY_KILL","is_daily":false,"chose_seed":false,"campfire_upgraded":7,"win_rate":0.0,"timestamp":1614455720,"path_taken":["M","?","?","M","?","E","M","R","T","E","M","R","?","?","R","BOSS","M","$","M","M","AVR","R","?","R","T","M","M","?"],"items_purchased_type":["Card","Card"],"build_version":"2020-12-22","purchased_purges":0,"victory":false,"max_hp_per_floor":[72,72,72,72,72,72,72,72,72,72,72,72,72,72,72,72,72,72,72,72,72,72,72,72,72,72,72,74,74,74],"card_choices":[{"not_picked":["theMarked:ElectricStrings","theMarked:HeightenedSenses"],"picked":"theMarked:ResourceFulStrike","floor":1.0},{"not_picked":["theMarked:WardOff","theMarked:Frustration"],"picked":"theMarked:Indomitable","floor":4.0},{"not_picked":["theMarked:ElectricStrings","theMarked:BanishingStrike"],"picked":"theMarked:EmpowerWeapon","floor":5.0},{"not_picked":["theMarked:MysticalArsenal","theMarked:ElectricStrings"],"picked":"theMarked:Snap","floor":6.0},{"not_picked":["theMarked:Indomitable","theMarked:EmpowerWeapon"],"picked":"theMarked:Parkour","floor":7.0},{"not_picked":["theMarked:Electrocute","theMarked:RogueSparks"],"picked":"theMarked:Reabsorb","floor":10.0},{"not_picked":["theMarked:ResourceFulStrike","theMarked:HeightenedSenses","theMarked:TakeCover"],"picked":"SKIP","floor":11.0},{"not_picked":["theMarked:Abjuration","theMarked:BiggerThanFate"],"picked":"theMarked:ThrowWeapon","floor":16.0},{"not_picked":["theMarked:ResourceFulStrike","theMarked:Frustration+1"],"picked":"theMarked:StartUp+1","floor":18.0},{"not_picked":["theMarked:Seal","theMarked:ElectricStrings+1"],"picked":"theMarked:BanishingStrike","floor":20.0},{"not_picked":["theMarked:HeightenedSenses","theMarked:ElectricStrings"],"picked":"theMarked:Pokerface+1","floor":21.0},{"not_picked":["theMarked:RepellingDischarge+1","theMarked:WastefulAttack"],"picked":"theMarked:EnhanceMovement","floor":27.0},{"not_picked":["theMarked:Memento","theMarked:ResourceFulStrike","theMarked:Overthink"],"picked":"Singing Bowl","floor":28.0}],"player_experience":347816,"relics_obtained":[{"floor":6.0,"key":"infinitespire:WardingShard"},{"floor":9.0,"key":"Counterbalance"},{"floor":10.0,"key":"Replay:Arrowhead"},{"floor":13.0,"key":"Shuriken"},{"floor":26.0,"key":"Singing Bowl"}],"event_choices":[{"damage_healed":0.0,"max_hp_gain":0.0,"max_hp_loss":0.0,"gold_gain":0.0,"cards_transformed":["theMarked:Strike"],"event_name":"Transmorgrifier","player_choice":"Transformed","floor":3.0,"gold_loss":0.0,"damage_taken":0.0,"cards_obtained":["theMarked:ChannelForce"]},{"damage_healed":0.0,"max_hp_gain":0.0,"max_hp_loss":0.0,"gold_gain":0.0,"event_name":"Accursed Blacksmith","player_choice":"Forge","floor":24.0,"gold_loss":0.0,"damage_taken":0.0,"cards_upgraded":["theMarked:EmpowerWeapon"]}],"is_beta":false,"boss_relics":[{"not_picked":["Ectoplasm","Velvet Choker"],"picked":"Abe\u0027s Treasure"}],"items_purged_floors":[],"is_endless":false,"potions_floor_spawned":[1,7,16,28],"killed_by":"Cultist and Chosen","ascension_level":0}}