{"host":"5ksdyw07v7d4yepu","time":1614460708,"event":{"mods":["BaseMod","Block Reminder","Colored Map","Colored Powertips","Highlight Path","Minty Spire (QoL Compilation)","Relic Stats","StSLib"],"gold_per_floor":[113,125,141,55,73,73,104,104,404,422,422,422,435,455,455,556,556,573,59,88,88,3,3,31,31,31,50,85,103,120,137,137,232,232,244,244,261,483,533,533,79,79,79,110,110,110,126,137,137,137,137,137,37,62,62,62],"floor_reached":55,"language":"ENG","playtime":6484,"items_purged":["Worship","LessonLearned+1"],"score":1107,"play_id":"187e14f0-ae20-47c1-aec3-0b44f9fa69a3","local_time":"20210227161828","is_ascension_mode":true,"campfire_choices":[{"data":"ThirdEye","floor":6.0,"key":"SMITH"},{"data":"ClearTheMind","floor":8.0,"key":"SMITH"},{"floor":12.0,"key":"REST"},{"data":"Eruption","floor":15.0,"key":"SMITH"},{"data":"ConjureBlade","floor":23.0,"key":"SMITH"},{"floor":25.0,"key":"REST"},{"floor":32.0,"key":"REST"},{"data":"Trip","floor":40.0,"key":"SMITH"},{"data":"Brilliance","floor":42.0,"key":"SMITH"},{"floor":46,"key":"REST"},{"floor":49,"key":"RECALL"},{"data":"Adaptation","floor":52,"key":"SMITH"}],"circlet_count":0,"master_deck":["Eruption+1","Vigilance+1","Sanctity+1","ThirdEye+1","Trip+1","Tantrum","ClearTheMind+1","Nirvana","ThirdEye+1","FearNoEvil","Weave+1","Wireheading+1","ConjureBlade+1","Blasphemy+1","Pray","Study+1","JustLucky","EmptyBody","EmptyMind+1","Nirvana+1","Indignation","ThirdEye","Perseverance+1","ThirdEye+1","CutThroughFate+1","Meditate+1","Vault+1","CrushJoints+1","Prostrate","FlyingSleeves","Brilliance+1","Adaptation+1","CutThroughFate+1","Conclude+1","Scrawl"],"relics":["Sozu","Mercury Hourglass","Old Coin","Pandora\u0027s Box","Letter Opener","Red Mask","Incense Burner","Damaru","Ornamental Fan","PreservedInsect","Philosopher\u0027s Stone","CaptainsWheel","Bag of Preparation","Lantern","Darkstone Periapt","InkBottle"],"acts_visited":["Exordium","TheCity","TheBeyond","TheEnding"],"potions_floor_usage":[],"damage_taken":[{"damage":0.0,"enemies":"Cultist","floor":1.0,"turns":2.0},{"damage":0.0,"enemies":"Small Slimes","floor":2.0,"turns":3.0},{"damage":0.0,"enemies":"2 Louse","floor":3.0,"turns":4.0},{"damage":0.0,"enemies":"Blue Slaver","floor":5.0,"turns":3.0},{"damage":50.0,"enemies":"Lagavulin","floor":7.0,"turns":5.0},{"damage":0.0,"enemies":"Exordium Wildlife","floor":10.0,"turns":1.0},{"damage":0.0,"enemies":"Looter","floor":13.0,"turns":2.0},{"damage":0.0,"enemies":"2 Fungi Beasts","floor":14.0,"turns":2.0},{"damage":11.0,"enemies":"The Guardian","floor":16.0,"turns":10.0},{"damage":12.0,"enemies":"2 Thieves","floor":18.0,"turns":3.0},{"damage":14.0,"enemies":"Masked Bandits","floor":20.0,"turns":4.0},{"damage":11.0,"enemies":"Book of Stabbing","floor":24.0,"turns":5.0},{"damage":2.0,"enemies":"Spheric Guardian","floor":27.0,"turns":5.0},{"damage":0.0,"enemies":"Gremlin Leader","floor":28.0,"turns":4.0},{"damage":6.0,"enemies":"Shelled Parasite and Fungi","floor":29.0,"turns":5.0},{"damage":0.0,"enemies":"Centurion and Healer","floor":30.0,"turns":5.0},{"damage":0.0,"enemies":"3 Cultists","floor":31.0,"turns":3.0},{"damage":4.0,"enemies":"Collector","floor":33.0,"turns":8.0},{"damage":0.0,"enemies":"3 Darklings","floor":35.0,"turns":5.0},{"damage":0.0,"enemies":"Orb Walker","floor":37.0,"turns":3.0},{"damage":0.0,"enemies":"Mind Bloom Boss Battle","floor":39.0,"turns":4.0},{"damage":59,"enemies":"Reptomancer","floor":44,"turns":7},{"damage":0,"enemies":"Sphere and 2 Shapes","floor":47,"turns":3},{"damage":0,"enemies":"Maw","floor":48,"turns":5},{"damage":5,"enemies":"Donu and Deca","floor":50,"turns":8},{"damage":25,"enemies":"Shield and Spear","floor":54,"turns":4},{"damage":41,"enemies":"The Heart","floor":55,"turns":2}],"seed_played":"7383526683794698340","potions_obtained":[],"is_trial":false,"path_per_floor":["M","M","M","$","M","R","E","R","T","M","?","R","M","M","R","B",null,"M","$","?","?","?","R","E","R","T","M","E","M","M","M","R","B",null,"M","?","M","?","?","R","$","R","T","E","?","R","M","M","R","B",null,"R","$","E","B"],"character_chosen":"WATCHER","items_purchased":["Trip","Letter Opener","EmptyMind","Nirvana","Indignation","Brilliance","Adaptation","Bag of Preparation","Lantern"],"campfire_rested":4,"item_purchase_floors":[4,19,19,19,19,41,41,41,41],"current_hp_per_floor":[65,65,65,65,65,65,15,15,15,15,15,36,36,36,36,25,60,48,48,34,34,34,34,23,44,44,42,42,36,36,36,57,53,67,67,67,67,67,67,67,67,67,67,8,8,29,29,29,29,24,60,60,60,35,0,0],"gold":62,"neow_bonus":"BOSS_RELIC","is_daily":false,"chose_seed":false,"campfire_upgraded":7,"win_rate":0.0,"timestamp":1614460708,"path_taken":["M","M","M","$","M","R","E","R","T","M","?","R","?","M","R","BOSS","M","$","?","?","?","R","E","R","T","M","E","M","?","M","R","BOSS","M","?","M","?","?","R","$","R","T","E","?","R","?","M","R","BOSS","R","$","E","BOSS"],"items_purchased_type":["Card","Relic","Card","Card","Card","Card","Card","Relic","Relic"],"build_version":"2020-12-22","purchased_purges":2,"victory":false,"max_hp_per_floor":[72,72,72,72,72,72,72,72,72,72,72,72,72,72,72,72,72,72,72,72,72,72,72,72,72,72,72,72,72,72,72,72,72,72,72,72,72,72,72,72,72,72,72,72,72,72,72,72,72,72,72,72,72,72,72,72],"relic_stats":{"Sozu":13,"Darkstone Periapt":0,"counters":[27,114],"Ornamental Fan":[144],"Pandora\u0027s Box":["Weave","Wireheading","ConjureBlade","Worship","Blasphemy","Pray","Study","JustLucky"],"PreservedInsect":140,"Bag of Preparation":[12],"Letter Opener":[410],"obtain_stats":[{"Darkstone Periapt":44,"Lantern":41,"Damaru":24,"PreservedInsect":28,"Incense Burner":22,"Bag of Preparation":41,"Letter Opener":19,"Mercury Hourglass":7,"Old Coin":9,"Sozu":0,"CaptainsWheel":39,"Ornamental Fan":26,"Pandora\u0027s Box":17,"Philosopher\u0027s Stone":34,"Red Mask":20,"PureWater":0,"InkBottle":54},{"Darkstone Periapt":22,"Lantern":21,"Damaru":12,"PreservedInsect":14,"Incense Burner":11,"Bag of Preparation":21,"Letter Opener":10,"Mercury Hourglass":5,"Old Coin":5,"Sozu":0,"CaptainsWheel":21,"Ornamental Fan":12,"Pandora\u0027s Box":9,"Philosopher\u0027s Stone":18,"Red Mask":11,"PureWater":0,"InkBottle":26},{"Darkstone Periapt":92,"Lantern":85,"Damaru":44,"PreservedInsect":53,"Incense Burner":39,"Bag of Preparation":85,"Letter Opener":35,"Mercury Hourglass":17,"Old Coin":17,"Sozu":0,"CaptainsWheel":85,"Ornamental Fan":44,"Pandora\u0027s Box":32,"Philosopher\u0027s Stone":73,"Red Mask":39,"PureWater":0,"InkBottle":112}],"InkBottle":[0],"Mercury Hourglass":[356]},"card_choices":[{"not_picked":["Swivel","SignatureMove"],"picked":"Sanctity","floor":1.0},{"not_picked":["Protect","BowlingBash"],"picked":"ThirdEye","floor":2.0},{"not_picked":["JustLucky","Swivel","FollowUp"],"picked":"SKIP","floor":3.0},{"not_picked":["JustLucky","Meditate"],"picked":"Tantrum","floor":5.0},{"not_picked":["WaveOfTheHand","Judgement"],"picked":"ClearTheMind","floor":7.0},{"not_picked":["PathToVictory","Crescendo"],"picked":"Nirvana","floor":10.0},{"not_picked":["FollowUp","Study"],"picked":"ThirdEye","floor":13.0},{"not_picked":["Crescendo","ClearTheMind"],"picked":"FearNoEvil","floor":14.0},{"not_picked":["Alpha","Wish"],"picked":"LessonLearned","floor":16.0},{"not_picked":["FlurryOfBlows","ClearTheMind+1"],"picked":"EmptyBody","floor":18.0},{"not_picked":["DeceiveReality","SashWhip"],"picked":"ThirdEye","floor":20.0},{"not_picked":["WaveOfTheHand","SashWhip"],"picked":"Perseverance+1","floor":24.0},{"not_picked":["Consecrate","CrushJoints"],"picked":"Fasting2","floor":27.0},{"not_picked":["EmptyBody+1","FearNoEvil+1"],"picked":"ThirdEye+1","floor":28.0},{"not_picked":["Protect","ThirdEye"],"picked":"CutThroughFate","floor":29.0},{"not_picked":["PathToVictory+1","EmptyFist"],"picked":"Meditate+1","floor":30.0},{"not_picked":["Establishment","SignatureMove","Nirvana"],"picked":"SKIP","floor":31.0},{"not_picked":["SpiritShield","MasterReality"],"picked":"Vault","floor":33.0},{"not_picked":["Wireheading+1","FlyingSleeves"],"picked":"CrushJoints+1","floor":35.0},{"not_picked":["BowlingBash","EmptyBody"],"picked":"Prostrate","floor":37.0},{"not_picked":["Indignation+1","Wireheading"],"picked":"FlyingSleeves","floor":39.0},{"not_picked":["Establishment","ThirdEye"],"picked":"CutThroughFate+1","floor":44},{"not_picked":["Adaptation","EmptyBody+1"],"picked":"Conclude+1","floor":47},{"not_picked":["LikeWater+1","FlyingSleeves","ReachHeaven"],"picked":"SKIP","floor":48},{"not_picked":["MentalFortress","WreathOfFlame+1"],"picked":"Scrawl","floor":54}],"player_experience":601184,"relics_obtained":[{"floor":7.0,"key":"Mercury Hourglass"},{"floor":9.0,"key":"Old Coin"},{"floor":20.0,"key":"Red Mask"},{"floor":24.0,"key":"Damaru"},{"floor":26.0,"key":"Ornamental Fan"},{"floor":28.0,"key":"PreservedInsect"},{"floor":39.0,"key":"CaptainsWheel"},{"floor":44,"key":"Darkstone Periapt"},{"floor":54,"key":"InkBottle"}],"event_choices":[{"damage_healed":0.0,"max_hp_gain":0.0,"max_hp_loss":0.0,"gold_gain":0.0,"event_name":"The Woman in Blue","player_choice":"Bought 0 Potions","floor":11.0,"gold_loss":0.0,"damage_taken":0.0},{"damage_healed":0.0,"max_hp_gain":0.0,"max_hp_loss":0.0,"gold_gain":0.0,"event_name":"Masked Bandits","player_choice":"Fought Bandits","floor":20.0,"gold_loss":0.0,"damage_taken":0.0},{"damage_healed":0.0,"max_hp_gain":0.0,"max_hp_loss":0.0,"gold_gain":0.0,"event_name":"Vampires","player_choice":"Ignored","floor":21.0,"gold_loss":0.0,"damage_taken":0.0},{"damage_healed":0.0,"max_hp_gain":0.0,"max_hp_loss":0.0,"gold_gain":0.0,"event_name":"Addict","player_choice":"Obtained Relic","floor":22.0,"gold_loss":85.0,"damage_taken":0.0,"relics_obtained":["Incense Burner"]},{"cards_removed":["Fasting2"],"damage_healed":0.0,"max_hp_gain":0.0,"max_hp_loss":0.0,"gold_gain":0.0,"event_name":"Falling","player_choice":"Removed Power","floor":36.0,"gold_loss":0.0,"damage_taken":0.0},{"damage_healed":0.0,"max_hp_gain":0.0,"max_hp_loss":0.0,"gold_gain":222.0,"event_name":"Tomb of Lord Red Mask","player_choice":"Wore Mask","floor":38.0,"gold_loss":0.0,"damage_taken":0.0},{"damage_healed":0.0,"max_hp_gain":0.0,"max_hp_loss":0.0,"gold_gain":0.0,"event_name":"MindBloom","player_choice":"Fight","floor":39.0,"gold_loss":0.0,"damage_taken":0.0},{"damage_healed":0,"gold_gain":0,"player_choice":"Memory 1","damage_taken":0,"max_hp_gain":0,"max_hp_loss":0,"event_name":"SensoryStone","floor":45,"gold_loss":0}],"is_beta":false,"boss_relics":[{"not_picked":["Astrolabe","SlaversCollar"],"picked":"Pandora\u0027s Box"},{"not_picked":["Velvet Choker","Cursed Key"],"picked":"Philosopher\u0027s Stone"}],"items_purged_floors":[19,53],"is_endless":false,"potions_floor_spawned":[1,2,5,7,14,18,27,30,33,39,44,47,54],"killed_by":"The Heart","ascension_level":9}}