{"host":"h3awr6eovmieyhyn","time":1614446425,"event":{"mods":["Act Like it!","Arknights","Aspiration","Astrologer","BaseMod","BetterRewards","Downfall","Gensokyo","GungeonMod","Hubris","Infinite Spire","Lobotomy","LobotomyExtend","Marisa????????","Minty Spire (QoL Compilation)","Reliquary","Replay The Spire","Robot Space Explorer","Shade Mod","StSLib","Td1madao Mod","The Animator","The Bug Knight","The Cursed","The Disciple","The Elementalist","The Forsaken","The Gatherer","The Hierophant","The Jungle","The Marked","The Necromancer","The Servant 0.9.4","The Wild Card","TheBandit","[IsaacMod]????"],"gold_per_floor":[115,115,115,36,36,36,70,70,70,45,45,77,77,159,159,159,159],"floor_reached":16,"language":"ENG","playtime":605,"items_purged":[],"score":112,"play_id":"08b56bf8-9902-4ba7-a680-929b835129f9","local_time":"20210227172025","daily_mods":["Draft","Heirloom","Flight","DeadlyEvents"],"is_ascension_mode":false,"campfire_choices":[{"data":"wariomod:Goblast","floor":6.0,"key":"SMITH"},{"data":"wariomod:KeyFinisher","floor":8.0,"key":"SMITH"},{"data":"wariomod:EndlessBlast","floor":11.0,"key":"SMITH"},{"data":"wariomod:Leapslam","floor":13.0,"key":"SMITH"},{"data":"wariomod:RacingSpeed","floor":15,"key":"SMITH"}],"circlet_count":0,"master_deck":["elementalist:Water_Emblem","wariomod:SimpleShield","wariomod:GreaterGuard","wariomod:BigUpgrade","wariomod:SmackSlam","wariomod:RacingSpeed+1","wariomod:SmackSlam","wariomod:SpaceSwap","wariomod:Leapslam+1","wariomod:Goblast+1","wariomod:KeyFinisher+1","wariomod:TempestBlasts","wariomod:EmptyMind","wariomod:Smackflip","wariomod:ChargeForth","wariomod:Smackflip","wariomod:HappyHit","wariomod:EndlessBlast+1","wariomod:SmallSprint","wariomod:Purify","wariomod:f"],"relics":["wariomod:TheHat","Ring of Chaos","HushsDoor","Chaos","Ancient Tea Set","LetterFromLob","elementalistmod:RedRibbon","DemoMod:MemoryAlloy","hubris:MobiusCoin","Kunai","DemoMod:GlassGuonStoneRelic","hubris:64BitClover"],"acts_visited":["Exordium"],"potions_floor_usage":[],"damage_taken":[{"damage":7.0,"enemies":"Small Slimes","floor":1.0,"turns":3.0},{"damage":36.0,"enemies":"Lagavulin","floor":7.0,"turns":5.0},{"damage":9.0,"enemies":"Gremlin Nob","floor":12.0,"turns":5.0},{"damage":18.0,"enemies":"Lagavulin","floor":14.0,"turns":5.0},{"damage":3,"enemies":"Hexaghost","floor":16,"turns":2}],"seed_played":"-5052651224610844861","potions_obtained":[],"is_trial":true,"path_per_floor":["M","?","?","$","?","R","E","R","T","$","R","E","R","E","R","B"],"character_chosen":"THE_BANDIT","items_purchased":["wariomod:HappyHit","wariomod:SmallSprint"],"campfire_rested":0,"item_purchase_floors":[4,10],"current_hp_per_floor":[73,73,66,66,66,66,30,30,30,30,30,21,21,3,3,0,0,0],"gold":159,"neow_bonus":"","is_daily":false,"chose_seed":false,"campfire_upgraded":5,"win_rate":0.0,"timestamp":1614446425,"path_taken":["M","?","?","$","?","R","E","R","T","$","R","E","R","?","R","BOSS"],"items_purchased_type":["Card","Card"],"build_version":"2020-12-22","purchased_purges":0,"victory":false,"max_hp_per_floor":[80,80,80,80,80,80,80,80,80,80,80,80,80,80,80,80,80,80],"card_choices":[{"not_picked":["wariomod:AwfulLook","wariomod:DanceDash"],"picked":"wariomod:SimpleShield","floor":0.0},{"not_picked":["wariomod:SelfImprison","wariomod:ThatsNotAll"],"picked":"wariomod:GreaterGuard","floor":0.0},{"not_picked":["wariomod:SimpleShield","wariomod:EmptyMind"],"picked":"wariomod:BigUpgrade","floor":0.0},{"not_picked":["wariomod:GreaterGuard","wariomod:HappyHop"],"picked":"wariomod:SmackSlam","floor":0.0},{"not_picked":["wariomod:Purify","wariomod:f"],"picked":"wariomod:RacingSpeed","floor":0.0},{"not_picked":["wariomod:OctoJump","wariomod:SelfImprison"],"picked":"wariomod:SmackSlam","floor":0.0},{"not_picked":["wariomod:NullJump","wariomod:ChargeForth"],"picked":"wariomod:SpaceSwap","floor":0.0},{"not_picked":["wariomod:Boomsmack","wariomod:SpikeSlash"],"picked":"wariomod:Leapslam","floor":0.0},{"not_picked":["wariomod:TrekTime","wariomod:Boomsmack"],"picked":"wariomod:Goblast","floor":0.0},{"not_picked":["wariomod:BumRush","wariomod:TreasureDig"],"picked":"wariomod:HappyHop","floor":0.0},{"not_picked":["wariomod:Bombshield","wariomod:SpacialMastery"],"picked":"wariomod:KeyFinisher","floor":0.0},{"not_picked":["wariomod:BoomBoom","wariomod:DanceDash"],"picked":"wariomod:TempestBlasts","floor":0.0},{"not_picked":["wariomod:DoubleDip","wariomod:SimpleShield"],"picked":"wariomod:EmptyMind","floor":0.0},{"not_picked":["wariomod:EmptyMind","wariomod:TreasureDig"],"picked":"wariomod:Smackflip","floor":0.0},{"not_picked":["wariomod:NullJump","wariomod:Hopshield"],"picked":"wariomod:ChargeForth","floor":0.0},{"not_picked":["wariomod:HappyHop","wariomod:Bombshield"],"picked":"wariomod:Smackflip","floor":1.0},{"not_picked":["wariomod:BoomBoom","wariomod:DropBash"],"picked":"wariomod:EndlessBlast","floor":7.0},{"not_picked":["wariomod:GreaterGuard","wariomod:OctoJump"],"picked":"wariomod:Purify","floor":12.0},{"not_picked":["wariomod:NullJump","wariomod:SpikeSlash"],"picked":"wariomod:f","floor":14.0}],"player_experience":199196,"relics_obtained":[{"floor":1.0,"key":"LetterFromLob"},{"floor":7.0,"key":"DemoMod:MemoryAlloy"},{"floor":9.0,"key":"hubris:MobiusCoin"},{"floor":12.0,"key":"Kunai"},{"floor":14.0,"key":"hubris:64BitClover"}],"event_choices":[{"damage_healed":0.0,"max_hp_gain":0.0,"max_hp_loss":0.0,"gold_gain":0.0,"event_name":"The Woman in Blue","player_choice":"Bought 0 Potions","floor":2.0,"gold_loss":0.0,"damage_taken":0.0},{"cards_removed":["wariomod:HappyHop"],"damage_healed":0.0,"max_hp_gain":0.0,"max_hp_loss":0.0,"gold_gain":0.0,"event_name":"Golden Wing","player_choice":"Card Removal","floor":3.0,"gold_loss":0.0,"damage_taken":7.0}],"is_beta":false,"boss_relics":[],"items_purged_floors":[],"is_endless":false,"potions_floor_spawned":[7],"killed_by":"Hexaghost","ascension_level":0}}