{"host":"uj9w4ppfbvfw2v3t","time":1614452157,"event":{"mods":["AchievementEnabler","BaseMod","Colored Map","Colored Powertips","Keyboard Shortcuts","Minty Spire (QoL Compilation)","Quick Restart","Say the Spire","StSLib","SuperFastMode","The Cursed","Yuri Mod"],"gold_per_floor":[113,124,144,156,16,44,58,92,92,112,130,140,155,174,174,275,275,292,307,307,6,6,37,56,89,89,102,102,27,27,37,37,135,135,153,253,270,282,282,282,310,310,310,310,329,359,370,381,381,381],"floor_reached":51,"language":"KOR","playtime":3463,"items_purged":["Pain"],"score":891,"play_id":"43656b42-a6b4-47d8-8004-ffa29f723252","local_time":"20210228035557","is_ascension_mode":true,"campfire_choices":[{"data":"TheCursedMod:CircleOfBlood","floor":15,"key":"SMITH"},{"floor":28,"key":"REST"},{"data":"TheCursedMod:NeowsMight","floor":30,"key":"SMITH"},{"data":"TheCursedMod:CollectTribute","floor":32,"key":"SMITH"},{"data":"TheCursedMod:HellfireBreathing","floor":40,"key":"SMITH"},{"data":"TheCursedMod:SpitefulPray","floor":42,"key":"SMITH"},{"floor":44,"key":"RECALL"},{"data":"TheCursedMod:CircleOfFlame","floor":49,"key":"SMITH"}],"circlet_count":0,"master_deck":["TheCursedMod:CursedWand","TheCursedMod:CleanUpWorkshop","TheCursedMod:Dregs","TheCursedMod:CursedSpellbook","TheCursedMod:CursedStaff","TheCursedMod:CircleOfFlame","TheCursedMod:CircleOfFlame+1","TheCursedMod:NeowsMight+1","TheCursedMod:CircleOfBlood+1","TheCursedMod:LuckyCharm","TheCursedMod:CursedSpellbook","TheCursedMod:AshesToAshes","TheCursedMod:SpitefulPray+1","TheCursedMod:CursedMace","TheCursedMod:SpitefulStrike","TheCursedMod:CircleOfBlood","TheCursedMod:CircleOfAbyss","TheCursedMod:CollectTribute+1","TheCursedMod:Torture","TheCursedMod:Hemoplague","TheCursedMod:CursedBoomerang","TheCursedMod:FleshFromBone","TheCursedMod:RavingStaff","TheCursedMod:AntiAging","TheCursedMod:CursedBoomerang","TheCursedMod:TacticalStrike+1","TheCursedMod:HellfireBreathing+1","TheCursedMod:SpreadPlague","TheCursedMod:SurpriseAttack+1","TheCursedMod:Stigma","TheCursedMod:VitalStrike","TheCursedMod:CursedShiv","TheCursedMod:LuckyCharm","TheCursedMod:CursedShiv","TheCursedMod:UltimatePain","TheCursedMod:UltimatePain","TheCursedMod:SmokeScreen+1","TheCursedMod:SpitefulPlan+1","TheCursedMod:CursedShiv+1","TheCursedMod:ReleasedKnowledge","TheCursedMod:Hemoplague+1","TheCursedMod:AshesToAshes+1","TheCursedMod:LuckyCharm+1"],"relics":["TheCursedMod:BlackMagic101","NeowsBlessing","Orichalcum","Singing Bowl","Mercury Hourglass","Pandora\u0027s Box","TheCursedMod:Tack","Anchor","WarpedTongs","PreservedInsect","Mummified Hand","Question Card","SlaversCollar","Peace Pipe","Molten Egg 2"],"acts_visited":["Exordium","TheCity","TheBeyond"],"potions_floor_usage":[8,12,33,50],"damage_taken":[{"damage":0,"enemies":"Cultist","floor":1,"turns":1},{"damage":0,"enemies":"Small Slimes","floor":2,"turns":1},{"damage":0,"enemies":"2 Louse","floor":3,"turns":1},{"damage":7,"enemies":"Gremlin Gang","floor":4,"turns":4},{"damage":12,"enemies":"3 Sentries","floor":6,"turns":7},{"damage":14,"enemies":"Exordium Wildlife","floor":7,"turns":5},{"damage":0,"enemies":"Gremlin Nob","floor":8,"turns":3},{"damage":10,"enemies":"Blue Slaver","floor":10,"turns":2},{"damage":0,"enemies":"3 Louse","floor":11,"turns":2},{"damage":0,"enemies":"2 Fungi Beasts","floor":12,"turns":2},{"damage":3,"enemies":"Blue Slaver","floor":13,"turns":2},{"damage":7,"enemies":"Exordium Wildlife","floor":14,"turns":3},{"damage":40,"enemies":"Hexaghost","floor":16,"turns":11},{"damage":11,"enemies":"2 Thieves","floor":18,"turns":3},{"damage":0,"enemies":"3 Byrds","floor":19,"turns":3},{"damage":45,"enemies":"Slavers","floor":23,"turns":4},{"damage":18,"enemies":"Sentry and Sphere","floor":24,"turns":3},{"damage":20,"enemies":"Gremlin Leader","floor":25,"turns":3},{"damage":4,"enemies":"Centurion and Healer","floor":27,"turns":4},{"damage":0,"enemies":"Snecko","floor":31,"turns":2},{"damage":38,"enemies":"Champ","floor":33,"turns":7},{"damage":0,"enemies":"Orb Walker","floor":35,"turns":2},{"damage":0,"enemies":"3 Shapes","floor":37,"turns":4},{"damage":6,"enemies":"Sphere and 2 Shapes","floor":38,"turns":4},{"damage":2,"enemies":"Giant Head","floor":41,"turns":4},{"damage":5,"enemies":"Jaw Worm Horde","floor":45,"turns":3},{"damage":9,"enemies":"Reptomancer","floor":46,"turns":3},{"damage":0,"enemies":"3 Darklings","floor":47,"turns":3},{"damage":12,"enemies":"4 Shapes","floor":48,"turns":4},{"damage":16,"enemies":"Donu and Deca","floor":50,"turns":7}],"seed_played":"-5785098398288185283","potions_obtained":[{"floor":1,"key":"Weak Potion"},{"floor":6,"key":"SkillPotion"},{"floor":7,"key":"SmokeBomb"},{"floor":8,"key":"Fruit Juice"},{"floor":12,"key":"Ancient Potion"},{"floor":19,"key":"DuplicationPotion"},{"floor":24,"key":"Strength Potion"},{"floor":33,"key":"GamblersBrew"},{"floor":38,"key":"Energy Potion"},{"floor":41,"key":"Swift Potion"},{"floor":47,"key":"DistilledChaos"}],"is_trial":false,"path_per_floor":["M","M","M","M","$","E","M","E","T","M","M","M","M","M","R","B",null,"M","M","?","$","?","E","M","E","T","M","R","$","R","M","R","B",null,"M","?","M","M","?","R","E","R","T","R","M","E","M","M","R","B",null],"character_chosen":"THE_CURSED","items_purchased":["TheCursedMod:NeowsMight","TheCursedMod:Tack","Anchor"],"campfire_rested":1,"item_purchase_floors":[5,21,21],"current_hp_per_floor":[75,75,75,68,68,56,44,52,52,44,44,55,52,51,51,21,80,69,80,80,80,80,41,27,19,19,27,52,52,52,52,52,32,86,86,86,86,80,80,80,88,88,88,88,83,83,94,88,88,84],"gold":381,"neow_bonus":"THREE_ENEMY_KILL","is_daily":false,"chose_seed":false,"campfire_upgraded":6,"win_rate":0.0,"timestamp":1614452157,"path_taken":["M","?","?","M","?","E","M","E","T","M","?","M","M","M","R","BOSS","M","M","?","$","?","E","?","E","T","M","R","$","R","M","R","BOSS","M","?","M","?","?","R","E","R","T","R","M","E","M","M","R","BOSS"],"items_purchased_type":["Card","Relic","Relic"],"build_version":"2020-12-22","purchased_purges":1,"victory":true,"max_hp_per_floor":[75,75,75,75,75,75,75,75,75,75,75,80,80,80,80,80,80,80,80,80,80,80,82,84,84,84,84,84,84,84,84,84,86,86,86,86,86,86,86,86,88,88,88,88,88,92,94,96,96,98],"card_choices":[{"not_picked":["TheCursedMod:CircleOfCorruption","TheCursedMod:Stigma"],"picked":"TheCursedMod:CursedSpellbook","floor":1},{"not_picked":["TheCursedMod:Wield","TheCursedMod:SurpriseAttack"],"picked":"TheCursedMod:CursedStaff","floor":2},{"not_picked":["TheCursedMod:BloodBarrier","TheCursedMod:VitalStrike"],"picked":"TheCursedMod:CircleOfFlame","floor":3},{"not_picked":["TheCursedMod:Obscuration","TheCursedMod:FleshFromBone"],"picked":"TheCursedMod:CircleOfFlame","floor":4},{"not_picked":["TheCursedMod:CursedShiv","TheCursedMod:Torture"],"picked":"TheCursedMod:LuckyCharm","floor":6},{"not_picked":["TheCursedMod:FuryStrike","TheCursedMod:Stretching"],"picked":"TheCursedMod:CursedSpellbook","floor":7},{"not_picked":["TheCursedMod:FleshFromBone","TheCursedMod:CursedBoomerang"],"picked":"TheCursedMod:AshesToAshes","floor":8},{"not_picked":["TheCursedMod:Stigma","TheCursedMod:CursedShiv"],"picked":"TheCursedMod:SpitefulPray","floor":10},{"not_picked":["TheCursedMod:Stretching","TheCursedMod:CursedStaff"],"picked":"TheCursedMod:CursedMace","floor":11},{"not_picked":["TheCursedMod:RavingStaff","TheCursedMod:Obscuration"],"picked":"TheCursedMod:SpitefulStrike","floor":12},{"not_picked":["TheCursedMod:HellsGateOpen","TheCursedMod:BlessingInDisguise"],"picked":"TheCursedMod:CircleOfBlood","floor":13},{"not_picked":["TheCursedMod:Stigma","TheCursedMod:Stretching"],"picked":"TheCursedMod:CircleOfAbyss","floor":14},{"not_picked":["TheCursedMod:ManaCirculation","TheCursedMod:AntiAging"],"picked":"TheCursedMod:CollectTribute","floor":16},{"not_picked":["TheCursedMod:SaltUponWound","TheCursedMod:SurpriseAttack"],"picked":"TheCursedMod:TacticalStrike+1","floor":18},{"not_picked":["TheCursedMod:AshesToAshes","TheCursedMod:RavingStaff"],"picked":"TheCursedMod:HellfireBreathing","floor":19},{"not_picked":["TheCursedMod:AntiAging","TheCursedMod:CursedMace"],"picked":"TheCursedMod:SurpriseAttack+1","floor":23},{"not_picked":["TheCursedMod:SmokeScreen","TheCursedMod:Stretching"],"picked":"TheCursedMod:Stigma","floor":24},{"not_picked":["TheCursedMod:TacticalStrike","TheCursedMod:CircleOfWindfury"],"picked":"TheCursedMod:VitalStrike","floor":25},{"not_picked":["TheCursedMod:CursedMace","TheCursedMod:RavingStaff","TheCursedMod:WearCloak"],"picked":"TheCursedMod:LuckyCharm","floor":27},{"not_picked":["TheCursedMod:Neurasthenia","TheCursedMod:TroublousMinions","TheCursedMod:VitalStrike"],"picked":"TheCursedMod:CursedShiv","floor":31},{"not_picked":["TheCursedMod:CollectTribute","TheCursedMod:CursedRelics","TheCursedMod:OutForBlood"],"picked":"TheCursedMod:UltimatePain","floor":33},{"not_picked":["TheCursedMod:Wield+1","TheCursedMod:Evocation","TheCursedMod:BloodBarrier+1"],"picked":"TheCursedMod:SmokeScreen+1","floor":35},{"not_picked":["TheCursedMod:Stretching","TheCursedMod:Wield","TheCursedMod:CircleOfAmplification+1"],"picked":"TheCursedMod:SpitefulPlan+1","floor":37},{"not_picked":["TheCursedMod:CircleOfFlame","TheCursedMod:TacticalStrike","TheCursedMod:Stretching+1"],"picked":"TheCursedMod:CursedShiv+1","floor":38},{"not_picked":["TheCursedMod:ShockAndAwe","TheCursedMod:CircleOfFlame","TheCursedMod:CircleOfCorruption"],"picked":"TheCursedMod:Hemoplague+1","floor":41},{"not_picked":["TheCursedMod:StingEye","TheCursedMod:CursedShiv","TheCursedMod:EmpowerCircles"],"picked":"TheCursedMod:AshesToAshes+1","floor":45},{"not_picked":["TheCursedMod:CircleOfCorruption","TheCursedMod:AntiAging","TheCursedMod:Stretching+1","TheCursedMod:FleshFromBone+1"],"picked":"Singing Bowl","floor":46},{"not_picked":["TheCursedMod:RavingStaff+1","TheCursedMod:VitalStrike+1","TheCursedMod:CircleOfBlood","TheCursedMod:AshesToAshes"],"picked":"Singing Bowl","floor":47},{"not_picked":["TheCursedMod:CursedBoomerang+1","TheCursedMod:TacticalStrike+1","TheCursedMod:CircleOfCorruption+1"],"picked":"TheCursedMod:LuckyCharm+1","floor":48}],"player_experience":277608,"relics_obtained":[{"floor":6,"key":"Orichalcum"},{"floor":8,"key":"Singing Bowl"},{"floor":9,"key":"Mercury Hourglass"},{"floor":23,"key":"PreservedInsect"},{"floor":25,"key":"Mummified Hand"},{"floor":26,"key":"Question Card"},{"floor":41,"key":"Peace Pipe"},{"floor":46,"key":"Molten Egg 2"}],"event_choices":[{"damage_healed":0,"gold_gain":0,"player_choice":"Read","damage_taken":0,"max_hp_gain":0,"max_hp_loss":0,"event_name":"The Library","floor":20,"gold_loss":0,"cards_obtained":["TheCursedMod:SpreadPlague"]},{"damage_healed":0,"gold_gain":0,"player_choice":"Rummage","damage_taken":0,"relics_obtained":["WarpedTongs"],"max_hp_gain":0,"max_hp_loss":0,"event_name":"Accursed Blacksmith","floor":22,"gold_loss":0,"cards_obtained":["Pain"]},{"damage_healed":0,"gold_gain":100,"player_choice":"Pray","damage_taken":0,"max_hp_gain":0,"max_hp_loss":0,"event_name":"Golden Shrine","floor":36,"gold_loss":0},{"cards_removed":["TheCursedMod:Hemoplague"],"damage_healed":0,"gold_gain":0,"player_choice":"Removed Power","damage_taken":0,"max_hp_gain":0,"max_hp_loss":0,"event_name":"Falling","floor":39,"gold_loss":0}],"is_beta":false,"boss_relics":[{"not_picked":["Ectoplasm","Sozu"],"picked":"Pandora\u0027s Box"},{"not_picked":["Empty Cage","Astrolabe"],"picked":"SlaversCollar"}],"items_purged_floors":[29],"is_endless":false,"potions_floor_spawned":[1,6,7,8,12,18,19,24,31,33,38,41,47,48],"ascension_level":2}}