{"host":"iodn1af76021fjto","time":1614441209,"event":{"mods":["AchievementEnabler","BaseMod","BetterRewards","Colored Map","Downfall","Hermit","Infinite Spire","Jorbs\u0027s Wanderer Trilogy","Minty Spire (QoL Compilation)","Quick Restart","StSLib","SuperFastMode","The Cursed","The Hierophant","The Jungle","The Runesmith","The Servant 0.9.4"],"gold_per_floor":[118,138,152,152,165,165,192,207,207,218,218,237,271,294,294,399,399,415,20,40,40,40,69,89,123,123,135,135,135,135,165,165,269,269,286,286,286],"floor_reached":36,"language":"ENG","playtime":1566,"items_purged":["Strike_R"],"score":593,"play_id":"2e9ba7de-15e6-4663-b43c-34472d8b8db3","local_time":"20210227105329","is_ascension_mode":true,"campfire_choices":[{"data":"Wild Strike","floor":6,"key":"SMITH"},{"data":"Power Through","floor":11,"key":"SMITH"},{"data":"Feed","floor":15,"key":"SMITH"},{"data":"infinitespire:DeathsTouch","floor":30,"key":"SMITH"},{"data":"Fire Breathing","floor":32,"key":"SMITH"}],"circlet_count":0,"master_deck":["Strike_R","Strike_R","Strike_R","Strike_R","Defend_R","Defend_R","Defend_R","Defend_R","Bash","Wild Strike+1","Dual Wield","Warcry","Cleave","Impervious","Power Through+1","True Grit","Reaper","Feed+1","True Grit","Reaper","Inflame+1","Fire Breathing+1","Shockwave","Pommel Strike","infinitespire:DeathsTouch+1","Immolate"],"relics":["Burning Blood","Red Skull","Mummified Hand","Pen Nib","Odd Mushroom","Snecko Eye","Eternal Feather","Blue Candle","Charon\u0027s Ashes","Ancient Tea Set","infinitespire:FocusingShard","Runesmith:AutoHammer","Black Star"],"acts_visited":["Exordium","TheCity","TheBeyond"],"potions_floor_usage":[7,14,16],"damage_taken":[{"damage":4,"enemies":"Small Slimes","floor":1,"turns":5},{"damage":3,"enemies":"2 Louse","floor":2,"turns":3},{"damage":9,"enemies":"Jaw Worm","floor":3,"turns":4},{"damage":10,"enemies":"3 Louse","floor":5,"turns":4},{"damage":35,"enemies":"Lagavulin","floor":7,"turns":4},{"damage":6,"enemies":"Looter","floor":8,"turns":2},{"damage":10,"enemies":"Exordium Thugs","floor":10,"turns":5},{"damage":1,"enemies":"Blue Slaver","floor":12,"turns":4},{"damage":33,"enemies":"3 Sentries","floor":13,"turns":8},{"damage":2,"enemies":"The Mushroom Lair","floor":14,"turns":4},{"damage":103,"enemies":"Hexaghost","floor":16,"turns":16},{"damage":55,"enemies":"3 Byrds","floor":18,"turns":8},{"damage":12,"enemies":"2 Thieves","floor":20,"turns":3},{"damage":37,"enemies":"Slavers","floor":23,"turns":7},{"damage":0,"enemies":"Snake Plant","floor":24,"turns":2},{"damage":22,"enemies":"Book of Stabbing","floor":25,"turns":5},{"damage":2,"enemies":"Cultist and Chosen","floor":27,"turns":5},{"damage":34,"enemies":"Slavers","floor":31,"turns":5},{"damage":93,"enemies":"Automaton","floor":33,"turns":8},{"damage":1,"enemies":"Orb Walker","floor":35,"turns":3},{"damage":20,"enemies":"infinitespire:Three Voidlings","floor":36,"turns":4},{"damage":116,"enemies":"Nightmare_Alpha","floor":36,"turns":10}],"seed_played":"-8307524812832618191","potions_obtained":[{"floor":1,"key":"AttackPotion"},{"floor":5,"key":"BlessingOfTheForge"},{"floor":7,"key":"FairyPotion"},{"floor":13,"key":"GamblersBrew"},{"floor":20,"key":"Fire Potion"},{"floor":31,"key":"FearPotion"}],"is_trial":false,"path_per_floor":["M","M","M","?","M","R","E","M","T","M","R","M","E","?","R","B",null,"M","$","M","?","?","E","M","E","T","M","?","?","R","E","R","B",null,"M","?"],"character_chosen":"IRONCLAD","items_purchased":["Eternal Feather","Fire Breathing"],"campfire_rested":0,"item_purchase_floors":[19,19],"current_hp_per_floor":[96,96,93,93,89,89,60,60,60,56,56,61,46,68,68,12,78,48,48,73,73,68,95,105,113,113,120,91,91,106,118,120,37,102,107,0,0],"gold":286,"neow_bonus":"TWENTY_PERCENT_HP_BONUS","is_daily":false,"chose_seed":false,"campfire_upgraded":5,"win_rate":0.0,"timestamp":1614441209,"path_taken":["M","M","M","?","M","R","E","M","T","M","R","M","E","?","R","BOSS","M","$","M","?","?","E","M","E","T","M","?","?","R","E","R","BOSS","M","?"],"items_purchased_type":["Relic","Card"],"build_version":"2020-12-22","purchased_purges":1,"victory":false,"max_hp_per_floor":[96,96,96,96,96,96,96,96,96,96,96,96,96,100,100,100,100,104,104,108,108,108,112,116,120,120,120,120,120,120,120,120,124,124,124,128,128],"card_choices":[{"not_picked":["Dual Wield","Flex"],"picked":"Wild Strike","floor":1},{"not_picked":["Thunderclap","Carnage"],"picked":"Dual Wield","floor":2},{"not_picked":["Havoc","Flex"],"picked":"Warcry","floor":3},{"not_picked":["Rupture","Shockwave"],"picked":"Cleave","floor":5},{"not_picked":["Evolve","Havoc"],"picked":"Impervious","floor":7},{"not_picked":["Shrug It Off","Body Slam"],"picked":"Power Through","floor":8},{"not_picked":["Flex","Heavy Blade"],"picked":"True Grit","floor":10},{"not_picked":["True Grit","Bloodletting"],"picked":"Reaper","floor":12},{"not_picked":["Flex","Whirlwind"],"picked":"Feed","floor":13},{"not_picked":["Infernal Blade","Perfected Strike"],"picked":"True Grit","floor":14},{"not_picked":["Bludgeon","Impervious"],"picked":"Reaper","floor":16},{"not_picked":["Infernal Blade","Twin Strike"],"picked":"Inflame+1","floor":18},{"not_picked":["Iron Wave","Clash","Body Slam"],"picked":"SKIP","floor":20},{"not_picked":["Sword Boomerang","Body Slam+1"],"picked":"Shockwave","floor":23},{"not_picked":["Perfected Strike","Havoc"],"picked":"Pommel Strike","floor":24},{"not_picked":["Carnage","Anger","Blood for Blood+1"],"picked":"SKIP","floor":25},{"not_picked":["Uppercut","Searing Blow+1","Shrug It Off+1"],"picked":"SKIP","floor":27},{"not_picked":["infinitespire:SealOfDarkness+","infinitespire:Gouge"],"picked":"infinitespire:DeathsTouch","floor":28},{"not_picked":["Sever Soul","Warcry+1","Havoc"],"picked":"SKIP","floor":31},{"not_picked":["Bludgeon","Juggernaut"],"picked":"Immolate","floor":33},{"not_picked":["Body Slam+1","Headbutt+1","Iron Wave+1"],"picked":"SKIP","floor":35}],"player_experience":297569,"relics_obtained":[{"floor":7,"key":"Red Skull"},{"floor":9,"key":"Mummified Hand"},{"floor":13,"key":"Pen Nib"},{"floor":14,"key":"Odd Mushroom"},{"floor":23,"key":"Charon\u0027s Ashes"},{"floor":25,"key":"Ancient Tea Set"},{"floor":26,"key":"infinitespire:FocusingShard"},{"floor":31,"key":"Runesmith:AutoHammer"}],"event_choices":[{"cards_removed":["Decay"],"damage_healed":0,"gold_gain":0,"player_choice":"Forget","damage_taken":0,"max_hp_gain":0,"max_hp_loss":0,"event_name":"Living Wall","floor":4,"gold_loss":0},{"damage_healed":0,"gold_gain":0,"player_choice":"Fought Mushrooms","damage_taken":0,"max_hp_gain":0,"max_hp_loss":0,"event_name":"Mushrooms","floor":14,"gold_loss":0},{"damage_healed":0,"gold_gain":0,"player_choice":"Ignored","damage_taken":0,"max_hp_gain":0,"max_hp_loss":0,"event_name":"Ghosts","floor":21,"gold_loss":0},{"damage_healed":0,"gold_gain":0,"player_choice":"Ignored","damage_taken":0,"max_hp_gain":0,"max_hp_loss":0,"event_name":"Vampires","floor":29,"gold_loss":0}],"is_beta":false,"boss_relics":[{"not_picked":["Cursed Key","Mark of Pain"],"picked":"Snecko Eye"},{"not_picked":["Tiny House","SlaversCollar"],"picked":"Black Star"}],"items_purged_floors":[19],"is_endless":false,"potions_floor_spawned":[1,5,7,13,20,31],"killed_by":"Nightmare_Alpha","ascension_level":5}}