{"host":"syn2s104037ynsrp","time":1614398493,"event":{"mods":["2.2 Compatiblity","BaseMod","Downfall","Hermit","Minty Spire (QoL Compilation)","StSLib","The Marked"],"gold_per_floor":[99,114,134,134,150,161,161,146,174,174,204,104,204,36,55,155,155,155,175,191,26,40,75,129,148,175,189,89,108,108,108,118,217,217,217,217,230,242,259,159,159,159,169,169,7,38,55,415,435,435,435,462,162,162,162,162,162,162],"floor_reached":56,"language":"ENG","playtime":11266,"items_purged":[],"score":756,"play_id":"0aa41d42-d431-4c9c-bc16-2fbbaf239c08","local_time":"20210226230133","is_ascension_mode":false,"campfire_choices":[{"data":"champ:Taunt","floor":1,"key":"SMITH"},{"data":"champ:FanOfKnives","floor":10,"key":"SMITH"},{"data":"champ:RapidStrikes","floor":12,"key":"SMITH"},{"data":"champ:GutPunch","floor":18,"key":"SMITH"},{"data":"champ:PreciseThrust","floor":28,"key":"SMITH"},{"floor":35,"key":"RECALL"},{"data":"champ:Improvising","floor":40,"key":"SMITH"},{"data":"champ:Strike","floor":44,"key":"SMITH"},{"data":"champ:IronFortress","floor":54,"key":"SMITH"}],"circlet_count":0,"master_deck":["champ:Strike+1","champ:Strike","champ:Strike","champ:Strike","champ:Defend","champ:Defend","champ:Defend","champ:Defend","champ:Execute+1","champ:Taunt+1","champ:GutPunch+1","champ:FocusedBerserking","champ:FanOfKnives+1","champ:BladeFlurry+1","champ:GutPunch+1","champ:RapidStrikes+1","champ:DefensiveShout+1","champ:BringItOn+1","champ:StrikeOfGenius","champ:PreciseThrust+1","champ:Duel+1","champ:GladiatorStyle","champ:ShieldWall","champ:StanceDance+1","champ:Improvising+1","champ:BerserkersShout+1","champ:EnGarde+1","champ:DancingMaster","champ:Backstep+1","Parasite","champ:IronFortress+1","champ:StanceDance+1"],"relics":["champ:ChampionCrown","Gremlin Horn","HornCleat","Toxic Egg 2","downfall:HeartBlessingGreen","Nunchaku","Coffee Dripper","Whetstone","Question Card","Toy Ornithopter","downfall:HeartBlessingBlue","Sozu","downfall:HeartBlessingRed","Bottled Lightning","Vajra","Kunai","Shuriken","Letter Opener"],"acts_visited":["Exordium","TheCity","TheBeyond","TheEnding"],"potions_floor_usage":[11,21,23,26,33,38,50],"damage_taken":[{"damage":11,"enemies":"Cultist","floor":2,"turns":4},{"damage":11,"enemies":"2 Louse","floor":3,"turns":2},{"damage":15,"enemies":"Jaw Worm","floor":5,"turns":2},{"damage":21,"enemies":"Red Slaver","floor":6,"turns":5},{"damage":15,"enemies":"downfall:FleeingMerchant","floor":8,"turns":4},{"damage":38,"enemies":"Lagavulin","floor":9,"turns":6},{"damage":20,"enemies":"Gremlin Nob","floor":11,"turns":4},{"damage":15,"enemies":"downfall:FleeingMerchant","floor":14,"turns":4},{"damage":15,"enemies":"3 Louse","floor":15,"turns":3},{"damage":75,"enemies":"WA_ARCHETYPE_RETAIN","floor":16,"turns":9},{"damage":10,"enemies":"Shell Parasite","floor":19,"turns":4},{"damage":0,"enemies":"downfall:LooterAlt2","floor":20,"turns":3},{"damage":20,"enemies":"downfall:FleeingMerchant","floor":21,"turns":4},{"damage":0,"enemies":"Snake Plant","floor":22,"turns":4},{"damage":33,"enemies":"Gremlin Leader","floor":23,"turns":6},{"damage":36,"enemies":"Centurion and Healer","floor":25,"turns":6},{"damage":20,"enemies":"Slavers","floor":26,"turns":5},{"damage":7,"enemies":"Snecko","floor":27,"turns":4},{"damage":28,"enemies":"Snake Plant","floor":29,"turns":4},{"damage":11,"enemies":"Centurion and Healer","floor":32,"turns":4},{"damage":95,"enemies":"SI_MIRROR_ARCHETYPE","floor":33,"turns":11},{"damage":0,"enemies":"Orb Walker","floor":37,"turns":3},{"damage":15,"enemies":"3 Darklings","floor":38,"turns":3},{"damage":79,"enemies":"Writhing Mass","floor":39,"turns":7},{"damage":20,"enemies":"Sphere and 2 Shapes","floor":43,"turns":3},{"damage":15,"enemies":"downfall:FleeingMerchant","floor":45,"turns":4},{"damage":45,"enemies":"Giant Head","floor":46,"turns":6},{"damage":24,"enemies":"3 Darklings","floor":47,"turns":5},{"damage":10,"enemies":"downfall:FleeingMerchant","floor":48,"turns":2},{"damage":15,"enemies":"Writhing Mass","floor":49,"turns":5},{"damage":58,"enemies":"DF_ARCHETYPE_ORBS","floor":50,"turns":10},{"damage":80,"enemies":"downfall:CharBossMerchant","floor":52,"turns":8},{"damage":99,"enemies":"downfall:NeowBoss","floor":55,"turns":13},{"damage":63,"enemies":"downfall:NeowBossFinal","floor":56,"turns":5}],"seed_played":"-323439123024076121","potions_obtained":[{"floor":3,"key":"LiquidBronze"},{"floor":5,"key":"Swift Potion"},{"floor":11,"key":"Regen Potion"},{"floor":15,"key":"FearPotion"},{"floor":16,"key":"DistilledChaos"},{"floor":22,"key":"Block Potion"},{"floor":23,"key":"SpeedPotion"},{"floor":26,"key":"Fire Potion"},{"floor":27,"key":"SteroidPotion"},{"floor":31,"key":"DistilledChaos"},{"floor":31,"key":"Guardian:BlockOnCardUsePotion"}],"is_trial":false,"path_per_floor":["R","M","M","?","M","M","T","$","E","R","E","R","?","$","M","B",null,"R","M","M","$","M","E","T","M","E","M","R","M","?","?","M","B",null,"R","?","M","M","M","R","T","?","M","R","$","E","M","$","M","B",null,"E","$","R","B","B"],"character_chosen":"THE_CHAMP","items_purchased":["Nunchaku","Whetstone","Vajra","champ:StanceDance+1","Letter Opener"],"campfire_rested":0,"item_purchase_floors":[14,21,45,53,53],"current_hp_per_floor":[99,98,97,97,97,86,86,86,68,68,53,53,53,53,53,8,99,99,99,99,99,99,96,96,80,75,68,78,75,75,75,69,39,109,109,109,109,104,70,70,70,70,65,65,65,55,51,51,46,23,109,79,79,79,50,0,0,0],"gold":162,"neow_bonus":"TEN_PERCENT_HP_BONUS","is_daily":false,"chose_seed":false,"campfire_upgraded":8,"win_rate":0.0,"timestamp":1614398493,"path_taken":["R","M","M","?","M","M","T","?","E","R","E","R","?","$","M","BOSS","R","M","M","$","M","E","T","M","E","?","R","M","?","?","M","BOSS","R","?","M","M","M","R","T","?","M","R","$","E","M","$","M","BOSS","E","$","R","BOSS","BOSS"],"items_purchased_type":["Relic","Relic","Relic","Card","Relic"],"build_version":"2020-12-22","purchased_purges":0,"victory":false,"max_hp_per_floor":[99,99,99,99,99,99,99,99,99,99,99,99,99,99,99,99,99,99,99,99,99,99,99,99,99,99,99,109,109,109,109,109,109,109,109,109,109,109,109,109,109,109,109,109,109,109,109,109,109,109,109,109,109,109,109,109,109,109],"card_choices":[{"not_picked":["champ:BerserkersShout","champ:Circumvent"],"picked":"champ:GutPunch","floor":2},{"not_picked":["champ:ArenaPreparation","champ:Encircle"],"picked":"champ:FocusedBerserking","floor":3},{"not_picked":["champ:Duel","champ:Circumvent"],"picked":"champ:FlashCut","floor":5},{"not_picked":["champ:MurderStrike","champ:GladiatorStyle"],"picked":"champ:FanOfKnives","floor":6},{"not_picked":["champ:StanceDance","champ:Shatter"],"picked":"champ:BladeFlurry","floor":8},{"not_picked":["champ:FocusedBerserking","champ:TornadoPunch"],"picked":"champ:GutPunch","floor":9},{"not_picked":["champ:FanOfKnives","champ:HeavySlash"],"picked":"champ:RapidStrikes","floor":11},{"not_picked":["champ:Circumvent+1","champ:Shatter"],"picked":"champ:DefensiveShout+1","floor":14},{"not_picked":["champ:FanOfKnives","champ:Shatter"],"picked":"champ:BringItOn+1","floor":15},{"not_picked":["champ:SteelEdge","champ:LastStand"],"picked":"champ:StrikeOfGenius","floor":16},{"not_picked":["champ:BladeFlurry","champ:PreemptiveStrike+1","champ:Shatter"],"picked":"SKIP","floor":19},{"not_picked":["champ:CrookedStrike","champ:AdrenalArmor+1","champ:RapidStrikes"],"picked":"SKIP","floor":20},{"not_picked":["champ:FanOfKnives","champ:TornadoPunch"],"picked":"champ:PreciseThrust","floor":21},{"not_picked":["champ:BringItOn+1","champ:AdrenalArmor+1"],"picked":"champ:Duel","floor":22},{"not_picked":["champ:SteelEdge","champ:Improvising"],"picked":"champ:GladiatorStyle","floor":23},{"not_picked":["champ:EnGarde+1","champ:DefensiveShout+1","champ:HeartStrike+1","champ:RecklessLeap"],"picked":"SKIP","floor":25},{"not_picked":["champ:CheapShot","champ:EndlessRage","champ:FaceSlap"],"picked":"champ:ShieldWall","floor":26},{"not_picked":["champ:SetATrap+1","champ:IronFortress","champ:FanOfKnives+1"],"picked":"champ:StanceDance+1","floor":27},{"not_picked":["champ:EnGarde+1","champ:GutPunch","champ:Haymaker","champ:TornadoPunch"],"picked":"SKIP","floor":29},{"not_picked":["champ:Haymaker","champ:Lariat+1","champ:BladeFlurry+1","champ:Duel"],"picked":"SKIP","floor":32},{"not_picked":["champ:IgnorePain+1","champ:ShieldThrow","champ:SteelEdge"],"picked":"champ:Improvising","floor":33},{"not_picked":["champ:Duel","champ:EndlessRage","champ:CrownThrow+1","champ:BladeFlurry"],"picked":"SKIP","floor":37},{"not_picked":["champ:Shatter+1","champ:PreemptiveStrike+1","champ:SkillfulDodge+1"],"picked":"champ:BerserkersShout+1","floor":38},{"not_picked":["champ:HeartStrike+1","champ:PerfectedStrike+1","champ:ShieldWall"],"picked":"champ:EnGarde+1","floor":39},{"not_picked":["champ:RecklessLeap","champ:BladeFlurry+1","champ:ArenaPreparation+1","champ:FocusedBerserking+1"],"picked":"SKIP","floor":43},{"not_picked":["champ:SetATrap+1","champ:SteelEdge","champ:FalseCounter+1","champ:CrookedStrike"],"picked":"SKIP","floor":45},{"not_picked":["champ:BerserkersShout+1","champ:SetATrap+1","champ:AdrenalArmor+1"],"picked":"champ:DancingMaster","floor":46},{"not_picked":["champ:FlashCut+1","champ:Circumvent+1","champ:GladiatorStyle+1","champ:Shatter"],"picked":"SKIP","floor":47},{"not_picked":["champ:GladiatorStyle","champ:RapidStrikes+1","champ:DefensiveShout+1"],"picked":"champ:Backstep+1","floor":48},{"not_picked":["champ:ShieldSlam+1","champ:FanOfKnives+1","champ:EndlessRage+1","champ:FalseCounter+1"],"picked":"SKIP","floor":49},{"not_picked":["champ:AdrenalArmor+1","champ:Backstep+1","champ:IgnorePain+1"],"picked":"champ:IronFortress","floor":52}],"player_experience":619768,"relics_obtained":[{"floor":7,"key":"Gremlin Horn"},{"floor":9,"key":"HornCleat"},{"floor":11,"key":"Toxic Egg 2"},{"floor":23,"key":"Question Card"},{"floor":26,"key":"Toy Ornithopter"},{"floor":41,"key":"Bottled Lightning"},{"floor":46,"key":"Kunai"},{"floor":52,"key":"Shuriken"}],"event_choices":[{"damage_healed":0,"gold_gain":0,"player_choice":"Forge","damage_taken":0,"max_hp_gain":0,"max_hp_loss":0,"event_name":"Accursed Blacksmith","floor":4,"gold_loss":0,"cards_upgraded":["champ:Execute"]},{"damage_healed":0,"gold_gain":0,"player_choice":"Got Potions","damage_taken":0,"max_hp_gain":0,"max_hp_loss":0,"event_name":"Lab","floor":31,"gold_loss":0},{"cards_removed":["champ:FlashCut"],"damage_healed":0,"gold_gain":0,"player_choice":"Removed Attack","damage_taken":0,"max_hp_gain":0,"max_hp_loss":0,"event_name":"Falling","floor":36,"gold_loss":0}],"is_beta":false,"boss_relics":[{"not_picked":["Busted Crown","Philosopher\u0027s Stone"],"picked":"Coffee Dripper"},{"not_picked":["Empty Cage","bronze:MakeshiftBattery"],"picked":"Sozu"}],"items_purged_floors":[],"is_endless":false,"potions_floor_spawned":[3,5,11,15,16,22,23,26,27,32,39,43,46,49],"killed_by":"downfall:NeowBossFinal","ascension_level":0}}