{"host":"yv9bat22duk2ekoy","time":1614431712,"event":{"mods":["BaseMod","Card Forge","Downfall","Minty Spire (QoL Compilation)","StSLib","Uncapped"],"gold_per_floor":[9163,8551,8565,8565,8565,8606,8606,8630,8653,8672,8695,8733,7965,8004,8004,8134,8197,8212,8231,8231,8247,8266,8266,8284,8328,8328,8328,8367,8367,8367,7718,7718,7838,7838,7857,7882,7882,7882,7882,7916,7916,7916,7928,7964,7976,8019,8067,8422,8434,8446,8458,8470,7778,7818,7818],"floor_reached":56,"language":"ENG","playtime":2912,"items_purged":[],"score":1896,"play_id":"fc7a08a5-8dd7-46f2-b9cc-0a64429ab157","local_time":"20210227141512","is_ascension_mode":false,"campfire_choices":[{"floor":7,"key":"RECALL"},{"floor":15,"key":"DIG"},{"floor":23,"key":"DIG"},{"floor":30,"key":"DIG"},{"floor":32,"key":"DIG"},{"floor":42,"key":"DIG"},{"floor":45,"key":"DIG"},{"floor":49,"key":"DIG"},{"floor":52,"key":"DIG"}],"circlet_count":0,"master_deck":["Defend_B+1","Defend_B+1","Defend_B+1","Defend_B+1","Zap+1","Dualcast+1","Stack+1","Barrage+1","Capacitor+1","Buffer+1","Chaos+1","Defragment+1","Electrodynamics+1","Machine Learning+1","Redo+1","Self Repair+1","White Noise+1","Thunder Strike+1","Tempest+1","Zap+1","Capacitor+1","Defragment+1","Machine Learning+1","Redo+1","Self Repair+1","White Noise+1","Zap+1","Capacitor+1","Defragment+1","Heatsinks+1","Heatsinks+1","White Noise+1","Redo+1","Redo+1","Storm+1","Sunder+1","Self Repair+1","Rainbow+1","Barrage+1","Tempest+1","Rebound+1","Heatsinks+1","Chaos+1","Bite+1","Bite+1","Bite+1","Bite+1","Bite+1","Creative AI+1","Redo+1","Undo+1","Storm+1","Jack Of All Trades+1","Discovery+1","Stack+1","Rainbow+1","Barrage+1","White Noise+1","Beam Cell+1","Echo Form+1","Loop+1","FTL+1","Conserve Battery+1","Chaos+1","Conserve Battery+1","Double Energy+1"],"relics":["Cracked Core","Seething Fire","Anvil of the Gods","Black Star","Runic Capacitor","Red Mask","Enchiridion","Nloth\u0027s Gift","MutagenicStrength","Black Blood","Tiny House","Fusion Hammer","SlaversCollar","SacredBark","Runic Pyramid","Philosopher\u0027s Stone","Shovel","Inserter","Nuclear Battery","Emotion Chip","Ice Cream","NeowsBlessing","Bag of Preparation","Vajra","TungstenRod","TheAbacus","Golden Idol","War Paint","Bag of Marbles","Peace Pipe","MealTicket","Pocketwatch","Bird Faced Urn","ClockworkSouvenir","Thread and Needle","Mercury Hourglass","Tiny House","Juzu Bracelet","PreservedInsect","Frozen Egg 2","Ornamental Fan","Happy Flower","Anchor","Question Card","Pear","Kunai","Bottled Tornado","Medical Kit","Omamori","Fusion Hammer","Mummified Hand","Boot","WingedGreaves","Blue Candle","Meat on the Bone","MawBank","StoneCalendar","Toxic Egg 2","Mango","Gremlin Horn","Ginger","Strawberry","Old Coin","Oddly Smooth Stone","Pen Nib","InkBottle","Bag of Preparation","Bottled Flame","Orrery","FossilizedHelix","Toy Ornithopter"],"acts_visited":["Exordium","TheCity","TheBeyond","TheEnding"],"potions_floor_usage":[17,55,55,55],"damage_taken":[{"damage":0,"enemies":"2 Louse","floor":1,"turns":1},{"damage":0,"enemies":"Jaw Worm","floor":3,"turns":1},{"damage":0,"enemies":"3 Sentries","floor":6,"turns":1},{"damage":0,"enemies":"Cultist","floor":8,"turns":2},{"damage":0,"enemies":"Exordium Thugs","floor":10,"turns":3},{"damage":0,"enemies":"3 Louse","floor":11,"turns":1},{"damage":2,"enemies":"Lagavulin","floor":12,"turns":3},{"damage":0,"enemies":"3 Sentries","floor":14,"turns":1},{"damage":0,"enemies":"Hexaghost","floor":16,"turns":2},{"damage":4,"enemies":"Shell Parasite","floor":18,"turns":2},{"damage":4,"enemies":"Spheric Guardian","floor":19,"turns":3},{"damage":0,"enemies":"3 Cultists","floor":21,"turns":2},{"damage":0,"enemies":"Snecko","floor":22,"turns":2},{"damage":0,"enemies":"Centurion and Healer","floor":24,"turns":2},{"damage":0,"enemies":"Gremlin Leader","floor":25,"turns":2},{"damage":0,"enemies":"Book of Stabbing","floor":28,"turns":2},{"damage":0,"enemies":"Automaton","floor":33,"turns":3},{"damage":0,"enemies":"3 Shapes","floor":35,"turns":1},{"damage":0,"enemies":"Orb Walker","floor":36,"turns":2},{"damage":0,"enemies":"Reptomancer","floor":40,"turns":2},{"damage":0,"enemies":"Jaw Worm Horde","floor":44,"turns":1},{"damage":0,"enemies":"Giant Head","floor":46,"turns":3},{"damage":0,"enemies":"Reptomancer","floor":47,"turns":2},{"damage":0,"enemies":"Giant Head","floor":48,"turns":2},{"damage":23,"enemies":"Time Eater","floor":50,"turns":3},{"damage":0,"enemies":"Shield and Spear","floor":54,"turns":1},{"damage":89,"enemies":"The Heart","floor":55,"turns":4}],"seed_played":"-5016429383797192120","potions_obtained":[{"floor":0,"key":"EssenceOfSteel"},{"floor":1,"key":"EssenceOfSteel"},{"floor":6,"key":"PowerPotion"},{"floor":11,"key":"LiquidBronze"},{"floor":17,"key":"Fruit Juice"},{"floor":19,"key":"sneckomod:MuddlingPotion"}],"is_trial":false,"path_per_floor":["M","$","M","?","?","E","R","M","T","M","M","E","$","E","R","B",null,"M","M","?","M","M","R","M","E","T","?","E","?","R","$","R","B",null,"M","M","?","?","?","E","?","R","T","M","R","E","E","E","R","B",null,"R","$","E","B",null],"character_chosen":"DEFECT","items_purchased":["Vajra","TungstenRod","TheAbacus","Pocketwatch","Bird Faced Urn","ClockworkSouvenir","Kunai","Bottled Tornado","Medical Kit","Bag of Preparation","Bottled Flame","Orrery","Chaos+1","Conserve Battery+1","PotionOfCapacity"],"campfire_rested":0,"item_purchase_floors":[2,2,2,13,13,13,31,31,31,53,53,53,53,53,53],"current_hp_per_floor":[180,180,180,180,180,180,180,180,180,180,180,180,180,180,180,180,195,195,195,195,195,195,195,195,195,195,195,195,195,205,205,205,205,205,205,205,205,205,205,205,196,196,196,205,205,219,226,226,226,217,226,226,226,226,177],"gold":7818,"neow_bonus":"THREE_ENEMY_KILL","is_daily":false,"chose_seed":false,"campfire_upgraded":0,"win_rate":0.0,"timestamp":1614431712,"path_taken":["M","$","M","?","?","E","R","M","T","M","M","E","$","E","R","BOSS","M","M","?","M","M","R","M","E","T","?","E","?","R","$","R","BOSS","M","M","?","?","?","E","?","R","T","M","R","E","E","E","R","BOSS","R","$","E","BOSS"],"items_purchased_type":["Relic","Relic","Relic","Relic","Relic","Relic","Relic","Relic","Relic","Relic","Relic","Relic","Card","Card","Potion"],"build_version":"2020-12-22","purchased_purges":0,"victory":true,"max_hp_per_floor":[180,180,180,180,180,180,180,180,180,180,180,180,180,180,180,180,195,195,195,195,195,195,195,195,195,195,195,195,195,205,205,205,205,205,205,205,205,205,205,205,205,205,205,205,205,219,226,226,226,226,226,226,226,226,226],"card_choices":[{"not_picked":["Static Discharge","Consume"],"picked":"Stack","floor":0},{"not_picked":["Coolheaded","Melter"],"picked":"Heatsinks","floor":1},{"not_picked":["Rip and Tear","Streamline"],"picked":"Heatsinks","floor":3},{"not_picked":["Melter","Loop"],"picked":"White Noise","floor":6},{"not_picked":["Rip and Tear","Leap"],"picked":"Redo","floor":8},{"not_picked":["Hologram","Buffer"],"picked":"Redo","floor":10},{"not_picked":["Conserve Battery","Compile Driver","Leap"],"picked":"SKIP","floor":11},{"not_picked":["Rainbow","Scrape"],"picked":"Storm","floor":12},{"not_picked":["Thunder Strike","Static Discharge"],"picked":"Sunder","floor":14},{"not_picked":["Reboot","Meteor Strike"],"picked":"Core Surge","floor":16},{"not_picked":["Doom and Gloom","Go for the Eyes"],"picked":"Self Repair","floor":17},{"not_picked":["Steam+1","Cold Snap+1"],"picked":"Rainbow","floor":18},{"not_picked":["Sweeping Beam+1","Streamline"],"picked":"Barrage+1","floor":19},{"not_picked":["Steam","Storm"],"picked":"Tempest","floor":21},{"not_picked":["Genetic Algorithm+1","Cold Snap+1","Darkness"],"picked":"SKIP","floor":22},{"not_picked":["Gash","Tempest"],"picked":"Rebound+1","floor":24},{"not_picked":["Ball Lightning","Biased Cognition+1"],"picked":"Heatsinks+1","floor":25},{"not_picked":["Reboot","Rebound"],"picked":"Chaos","floor":28},{"not_picked":["Biased Cognition+1","Rainbow","Fission"],"picked":"Creative AI+1","floor":33},{"not_picked":["Ball Lightning+1","Hologram","Loop+1"],"picked":"Redo","floor":35},{"not_picked":["Redo+1","Steam+1","Rip and Tear"],"picked":"Undo+1","floor":36},{"not_picked":["Rip and Tear","Steam+1","Ball Lightning+1"],"picked":"Storm+1","floor":40},{"not_picked":["Blind","Good Instincts","Deep Breath"],"picked":"Jack Of All Trades","floor":41},{"not_picked":["Purity","Panacea","Enlightenment"],"picked":"Discovery","floor":41},{"not_picked":["Go for the Eyes+1","Ball Lightning+1","Turbo"],"picked":"Stack+1","floor":44},{"not_picked":["Reboot+1","Gash","Melter+1"],"picked":"Rainbow+1","floor":46},{"not_picked":["Biased Cognition+1","Blizzard","Amplify+1"],"picked":"Barrage","floor":47},{"not_picked":["Loop+1","Gash","Genetic Algorithm+1"],"picked":"White Noise+1","floor":48},{"not_picked":["Sweeping Beam+1","Cold Snap","Go for the Eyes+1"],"picked":"Beam Cell+1","floor":53},{"not_picked":["Consume+1","Rip and Tear","Go for the Eyes+1"],"picked":"Echo Form+1","floor":53},{"not_picked":["Seek+1","Skim+1","Leap+1"],"picked":"Loop+1","floor":53},{"not_picked":["Sweeping Beam+1","Aggregate+1","Coolheaded+1"],"picked":"FTL+1","floor":53},{"not_picked":["Static Discharge+1","Stack+1","Redo+1"],"picked":"Conserve Battery+1","floor":53},{"not_picked":["Conserve Battery+1","Scrape+1","Storm+1"],"picked":"Double Energy+1","floor":54}],"player_experience":74540,"relics_obtained":[{"floor":6,"key":"War Paint"},{"floor":6,"key":"Bag of Marbles"},{"floor":12,"key":"Peace Pipe"},{"floor":12,"key":"MealTicket"},{"floor":14,"key":"Blood Vial"},{"floor":14,"key":"Thread and Needle"},{"floor":15,"key":"Mercury Hourglass"},{"floor":23,"key":"Juzu Bracelet"},{"floor":25,"key":"PreservedInsect"},{"floor":25,"key":"Frozen Egg 2"},{"floor":26,"key":"Ornamental Fan"},{"floor":28,"key":"Anchor"},{"floor":28,"key":"Question Card"},{"floor":30,"key":"Pear"},{"floor":32,"key":"Omamori"},{"floor":40,"key":"Blue Candle"},{"floor":40,"key":"Meat on the Bone"},{"floor":42,"key":"MawBank"},{"floor":43,"key":"StoneCalendar"},{"floor":45,"key":"Toxic Egg 2"},{"floor":46,"key":"Mango"},{"floor":46,"key":"Gremlin Horn"},{"floor":47,"key":"Ginger"},{"floor":47,"key":"Strawberry"},{"floor":48,"key":"Old Coin"},{"floor":48,"key":"Oddly Smooth Stone"},{"floor":49,"key":"Pen Nib"},{"floor":52,"key":"InkBottle"},{"floor":54,"key":"FossilizedHelix"},{"floor":54,"key":"Toy Ornithopter"}],"event_choices":[{"damage_healed":0,"gold_gain":0,"player_choice":"Take Wound","damage_taken":0,"relics_obtained":["Golden Idol"],"max_hp_gain":0,"max_hp_loss":0,"event_name":"Golden Idol","floor":4,"gold_loss":0,"cards_obtained":["Injury"]},{"damage_healed":0,"gold_gain":0,"player_choice":"Grow","damage_taken":0,"max_hp_gain":0,"max_hp_loss":0,"event_name":"Living Wall","floor":5,"gold_loss":0,"cards_upgraded":["Heatsinks"]},{"damage_healed":0,"gold_gain":0,"player_choice":"Simplicity","damage_taken":0,"max_hp_gain":0,"max_hp_loss":0,"event_name":"Back to Basics","floor":20,"gold_loss":0,"cards_upgraded":[]},{"damage_healed":0,"gold_gain":0,"player_choice":"Opened","damage_taken":0,"relics_obtained":["Happy Flower"],"max_hp_gain":0,"max_hp_loss":0,"event_name":"The Mausoleum","floor":27,"gold_loss":0,"cards_obtained":["Writhe"]},{"damage_healed":0,"gold_gain":0,"player_choice":"Became a vampire (Vial)","damage_taken":0,"max_hp_gain":0,"max_hp_loss":0,"event_name":"Vampires","floor":29,"relics_lost":["Blood Vial"],"gold_loss":0,"cards_obtained":["Bite","Bite","Bite","Bite","Bite"]},{"damage_healed":0,"gold_gain":0,"player_choice":"Ignored","damage_taken":0,"max_hp_gain":0,"max_hp_loss":0,"event_name":"Transmorgrifier","floor":37,"gold_loss":0},{"damage_healed":51,"gold_gain":0,"player_choice":"Writhe","damage_taken":0,"max_hp_gain":0,"max_hp_loss":0,"event_name":"Winding Halls","floor":38,"gold_loss":0,"cards_obtained":["Writhe"]},{"cards_removed":["Core Surge"],"damage_healed":0,"gold_gain":0,"player_choice":"Removed Attack","damage_taken":0,"max_hp_gain":0,"max_hp_loss":0,"event_name":"Falling","floor":39,"gold_loss":0},{"damage_healed":0,"gold_gain":0,"player_choice":"Memory 3","damage_taken":10,"max_hp_gain":0,"max_hp_loss":0,"event_name":"SensoryStone","floor":41,"gold_loss":0}],"is_beta":false,"boss_relics":[{"not_picked":["Cursed Key","Coffee Dripper"],"picked":"Tiny House"},{"not_picked":["Snecko Eye","Busted Crown"],"picked":"Fusion Hammer"}],"items_purged_floors":[],"is_endless":false,"potions_floor_spawned":[1,6,10,11,12,19,22,28,35,36,40],"ascension_level":0}}