{"host":"19tvufa8xx4wr4o1","time":1614459377,"event":{"mods":["AchievementEnabler","BaseMod","Better Sensory Stone","Better Third Choice","Highlight Path","Minty Spire (QoL Compilation)","Relic Stats","StSLib"],"gold_per_floor":[113,113,113,34,34,59,59,59,86,31,31,62,62,77,77,154,154,131,131,131,131,145,145,19,52,128,128,141,176,176,196,196,196,196],"floor_reached":33,"language":"ENG","playtime":978,"items_purged":["Pain"],"score":640,"play_id":"d8037cec-4b93-4633-9071-2575fe4d3fe3","local_time":"20210227145617","is_ascension_mode":true,"campfire_choices":[{"data":"Hemokinesis","floor":7.0,"key":"SMITH"},{"data":"Thinking Ahead","floor":11.0,"key":"SMITH"},{"data":"True Grit","floor":13.0,"key":"SMITH"},{"data":"Armaments","floor":15.0,"key":"SMITH"},{"floor":23.0,"key":"REST"},{"data":"True Grit","floor":27,"key":"SMITH"},{"floor":30,"key":"REST"},{"data":"Double Tap","floor":32,"key":"SMITH"}],"circlet_count":0,"master_deck":["AscendersBane","Strike_R","Strike_R","Strike_R","Strike_R","Strike_R","Defend_R","Defend_R+1","Defend_R+1","Defend_R","Bash","Ghostly Armor","Hemokinesis+1","Thinking Ahead+1","Parasite","Clothesline","True Grit+1","Armaments+1","Bludgeon","Cleave+1","Fiend Fire","Double Tap+1","True Grit+1","Battle Trance","Shrug It Off+1"],"relics":["Burning Blood","NeowsBlessing","Pen Nib","Juzu Bracelet","Bottled Lightning","Runic Pyramid","WarpedTongs","Mummified Hand","Pear","Paper Frog"],"acts_visited":["Exordium","TheCity"],"potions_floor_usage":[28,33,33],"damage_taken":[{"damage":0.0,"enemies":"2 Louse","floor":1.0,"turns":1.0},{"damage":0.0,"enemies":"Lagavulin","floor":6.0,"turns":1.0},{"damage":0.0,"enemies":"3 Sentries","floor":12.0,"turns":2.0},{"damage":4.0,"enemies":"Jaw Worm","floor":14.0,"turns":4.0},{"damage":61.0,"enemies":"Hexaghost","floor":16.0,"turns":13.0},{"damage":24.0,"enemies":"2 Thieves","floor":18.0,"turns":4.0},{"damage":15.0,"enemies":"Shell Parasite","floor":22.0,"turns":4.0},{"damage":12,"enemies":"Gremlin Leader","floor":25,"turns":6},{"damage":2,"enemies":"Cultist and Chosen","floor":28,"turns":6},{"damage":43,"enemies":"Slavers","floor":29,"turns":4},{"damage":7,"enemies":"Centurion and Healer","floor":31,"turns":6},{"damage":81,"enemies":"Collector","floor":33,"turns":11}],"seed_played":"-8044851456001946695","potions_obtained":[{"floor":12.0,"key":"DistilledChaos"},{"floor":14.0,"key":"HeartOfIron"},{"floor":18.0,"key":"Dexterity Potion"},{"floor":29,"key":"Fire Potion"},{"floor":31,"key":"LiquidMemories"}],"is_trial":false,"path_per_floor":["M","?","?","$","?","E","R","?","T","$","R","E","R","M","R","B",null,"M","?","?","?","M","R","$","E","T","R","M","E","R","M","R","B"],"character_chosen":"IRONCLAD","items_purchased":["Hemokinesis","Clothesline","True Grit"],"campfire_rested":2,"item_purchase_floors":[4,10,24],"current_hp_per_floor":[74,51,56,56,56,62,62,80,80,80,80,80,80,80,80,25,66,48,48,48,48,39,63,63,57,67,67,71,34,61,60,60,0,0],"gold":196,"neow_bonus":"THREE_ENEMY_KILL","is_daily":false,"chose_seed":false,"campfire_upgraded":6,"win_rate":0.0,"timestamp":1614459377,"path_taken":["M","?","?","$","?","E","R","?","T","?","R","E","R","M","R","BOSS","M","?","?","?","M","R","$","E","T","R","M","E","R","M","R","BOSS"],"items_purchased_type":["Card","Card","Card"],"build_version":"2020-12-22","purchased_purges":1,"victory":false,"max_hp_per_floor":[75,75,80,80,80,80,80,80,80,80,80,80,80,80,80,80,80,80,80,80,80,80,80,80,80,90,90,90,90,90,90,90,90,90],"relic_stats":{"counters":[12,62],"Mummified Hand":[0],"Pen Nib":[8],"Juzu Bracelet":0,"obtain_stats":[{"Pear":26,"NeowsBlessing":0,"Mummified Hand":25,"Pen Nib":6,"Juzu Bracelet":9,"Bottled Lightning":12,"Burning Blood":0,"Runic Pyramid":17,"WarpedTongs":21,"Paper Frog":29},{"Pear":8,"NeowsBlessing":0,"Mummified Hand":8,"Pen Nib":2,"Juzu Bracelet":2,"Bottled Lightning":3,"Burning Blood":0,"Runic Pyramid":5,"WarpedTongs":6,"Paper Frog":10},{"Pear":35,"NeowsBlessing":0,"Mummified Hand":35,"Pen Nib":2,"Juzu Bracelet":2,"Bottled Lightning":4,"Burning Blood":0,"Runic Pyramid":21,"WarpedTongs":25,"Paper Frog":45}],"Burning Blood":58,"WarpedTongs":[35]},"card_choices":[{"not_picked":["Flex","Dark Embrace"],"picked":"Ghostly Armor","floor":1.0},{"not_picked":["Jack Of All Trades","Metamorphosis"],"picked":"Thinking Ahead","floor":5.0},{"not_picked":["Havoc","Corruption","Barricade"],"picked":"SKIP","floor":6.0},{"not_picked":["Dark Embrace","Clothesline"],"picked":"True Grit","floor":12.0},{"not_picked":["Dark Embrace","Perfected Strike"],"picked":"Armaments","floor":14.0},{"not_picked":["Barricade","Fiend Fire"],"picked":"Bludgeon","floor":16.0},{"not_picked":["Thunderclap","Body Slam+1"],"picked":"Cleave+1","floor":18.0},{"not_picked":["Sever Soul","Seeing Red"],"picked":"Double Tap","floor":22.0},{"not_picked":["Blood for Blood","Armaments","Warcry"],"picked":"SKIP","floor":25},{"not_picked":["Infernal Blade+1","Sword Boomerang","Twin Strike"],"picked":"SKIP","floor":28},{"not_picked":["Dual Wield+1","Clash"],"picked":"Battle Trance","floor":29},{"not_picked":["Heavy Blade","Anger"],"picked":"Shrug It Off+1","floor":31}],"player_experience":655758,"relics_obtained":[{"floor":6.0,"key":"Pen Nib"},{"floor":9.0,"key":"Juzu Bracelet"},{"floor":12.0,"key":"Bottled Lightning"},{"floor":25,"key":"Mummified Hand"},{"floor":26,"key":"Pear"},{"floor":29,"key":"Paper Frog"}],"event_choices":[{"damage_healed":74.0,"max_hp_gain":0.0,"max_hp_loss":75.0,"gold_gain":0.0,"event_name":"betterThird:BetterShining","player_choice":"Upgrade","floor":2.0,"gold_loss":0.0,"damage_taken":23.0,"cards_upgraded":["Defend_R","Defend_R"]},{"damage_healed":0.0,"max_hp_gain":5.0,"max_hp_loss":0.0,"gold_gain":0.0,"event_name":"Big Fish","player_choice":"Donut","floor":3.0,"gold_loss":0.0,"damage_taken":0.0},{"damage_healed":0.0,"max_hp_gain":0.0,"max_hp_loss":0.0,"gold_gain":1.0,"event_name":"betterStone:BetterStone","player_choice":"1","floor":5.0,"gold_loss":0.0,"damage_taken":0.0},{"damage_healed":20.0,"max_hp_gain":0.0,"max_hp_loss":0.0,"gold_gain":0.0,"event_name":"Mushrooms","player_choice":"Healed and dodged fight","floor":8.0,"gold_loss":0.0,"damage_taken":0.0,"cards_obtained":["Parasite"]},{"damage_healed":0.0,"max_hp_gain":0.0,"max_hp_loss":0.0,"gold_gain":0.0,"event_name":"Ghosts","player_choice":"Ignored","floor":19.0,"gold_loss":0.0,"damage_taken":0.0},{"damage_healed":0.0,"max_hp_gain":0.0,"max_hp_loss":0.0,"gold_gain":0.0,"event_name":"The Library","player_choice":"Read","floor":20.0,"gold_loss":0.0,"damage_taken":0.0,"cards_obtained":["Fiend Fire"]},{"damage_healed":0.0,"max_hp_gain":0.0,"max_hp_loss":0.0,"gold_gain":0.0,"event_name":"Accursed Blacksmith","player_choice":"Rummage","floor":21.0,"gold_loss":0.0,"damage_taken":0.0,"relics_obtained":["WarpedTongs"],"cards_obtained":["Pain"]}],"is_beta":false,"boss_relics":[{"not_picked":["Black Star","Black Blood"],"picked":"Runic Pyramid"}],"items_purged_floors":[24],"is_endless":false,"potions_floor_spawned":[12,14,18,22,29,31],"killed_by":"Collector","ascension_level":18}}