{"host":"adi","time":1614459064,"event":{"mods":["AchievementEnabler","BaseMod","Bestiary","Colored Powertips","Minty Spire (QoL Compilation)","StSLib"],"gold_per_floor":[114,264,281,30,30,49,49,75,94,94,113,127,147,160,175,175,175,249,249,261,261,279,293,293,95,130,149,149,174,174,194,19,19,34,34,34,34],"floor_reached":36,"language":"ENG","playtime":1846,"items_purged":["Doubt","Strike_R"],"score":551,"play_id":"c0a373c3-d0ce-4d34-af73-ac6ef06eb0bf","local_time":"20210227215104","is_ascension_mode":true,"campfire_choices":[{"data":"Apotheosis","floor":7.0,"key":"SMITH"},{"floor":16.0,"key":"REST"},{"data":"Inflame","floor":17.0,"key":"SMITH"},{"data":"Offering","floor":28.0,"key":"SMITH"},{"data":"Battle Trance","floor":30.0,"key":"SMITH"},{"data":"True Grit","floor":33.0,"key":"SMITH"},{"floor":35,"key":"RECALL"}],"circlet_count":0,"master_deck":["AscendersBane","Strike_R","Strike_R","Strike_R","Strike_R","Defend_R","Defend_R","Defend_R","Defend_R","Bash","Reaper","Sword Boomerang","True Grit+1","Apotheosis+1","Offering+1","Shrug It Off","Battle Trance+1","Shockwave+1","Combust","Inflame+1","Double Tap","Metallicize+1","Twin Strike+1","Whirlwind+1","Pummel+1"],"relics":["Burning Blood","Molten Egg 2","Ornamental Fan","Kunai","Runic Pyramid","Sling","White Beast Statue","PreservedInsect"],"acts_visited":["Exordium","TheCity"],"potions_floor_usage":[36,36],"damage_taken":[{"damage":11.0,"enemies":"Cultist","floor":1.0,"turns":4.0},{"damage":15.0,"enemies":"Small Slimes","floor":3.0,"turns":3.0},{"damage":3.0,"enemies":"Jaw Worm","floor":6.0,"turns":4.0},{"damage":0.0,"enemies":"Gremlin Nob","floor":8.0,"turns":2.0},{"damage":15.0,"enemies":"Looter","floor":9.0,"turns":3.0},{"damage":26.0,"enemies":"Exordium Thugs","floor":11.0,"turns":7.0},{"damage":7.0,"enemies":"Blue Slaver","floor":12.0,"turns":3.0},{"damage":17.0,"enemies":"Lots of Slimes","floor":13.0,"turns":5.0},{"damage":25.0,"enemies":"Gremlin Gang","floor":14.0,"turns":3.0},{"damage":26.0,"enemies":"Exordium Wildlife","floor":15.0,"turns":7.0},{"damage":23.0,"enemies":"Slime Boss","floor":18.0,"turns":11.0},{"damage":28.0,"enemies":"Shell Parasite","floor":20.0,"turns":8.0},{"damage":11.0,"enemies":"Spheric Guardian","floor":22.0,"turns":5.0},{"damage":18.0,"enemies":"Centurion and Healer","floor":23.0,"turns":8.0},{"damage":24.0,"enemies":"Book of Stabbing","floor":26.0,"turns":5.0},{"damage":26.0,"enemies":"Snake Plant","floor":27.0,"turns":5.0},{"damage":15.0,"enemies":"Chosen and Byrds","floor":31.0,"turns":6.0},{"damage":3.0,"enemies":"Cultist and Chosen","floor":34.0,"turns":4.0},{"damage":101,"enemies":"Automaton","floor":36,"turns":11}],"seed_played":"2444272412452301687","potions_obtained":[{"floor":3.0,"key":"AttackPotion"},{"floor":6.0,"key":"SteroidPotion"},{"floor":8.0,"key":"BloodPotion"},{"floor":12.0,"key":"Ancient Potion"},{"floor":22.0,"key":"Fire Potion"},{"floor":31.0,"key":"Fire Potion"}],"is_trial":false,"path_per_floor":["M","?","M","$","?","M","R","E","M","T","M","M","M","M","M","R","R","B",null,"M","?","M","M","?","$","E","M","R","T","R","M","$","R","M","R","B"],"character_chosen":"IRONCLAD","items_purchased":["Apotheosis","Sling","Twin Strike+1","Pummel+1"],"campfire_rested":1,"item_purchase_floors":[4,25,25,32],"current_hp_per_floor":[67,67,58,58,53,63,63,68,64,64,49,48,52,33,13,33,33,32,59,45,45,40,45,59,59,64,62,62,62,62,68,68,68,68,68,0,0],"gold":34,"neow_bonus":"THREE_RARE_CARDS","is_daily":false,"chose_seed":false,"campfire_upgraded":5,"win_rate":0.0,"timestamp":1614459064,"path_taken":["M","?","M","$","?","M","R","E","M","T","M","M","M","?","M","R","R","BOSS","M","?","?","M","?","$","E","M","R","T","R","M","$","R","M","R","BOSS"],"items_purchased_type":["Card","Relic","Card","Card"],"build_version":"2020-12-18","purchased_purges":2,"victory":false,"max_hp_per_floor":[68,68,68,68,68,68,68,68,68,68,68,68,68,68,68,68,68,68,68,68,68,68,68,68,68,68,68,68,68,68,68,68,68,68,68,68,68],"card_choices":[{"not_picked":["Offering","Double Tap"],"picked":"Reaper","floor":0.0},{"not_picked":["Havoc","Heavy Blade"],"picked":"Sword Boomerang","floor":1.0},{"not_picked":["Flex","Twin Strike"],"picked":"True Grit","floor":3.0},{"not_picked":["Armaments","Sever Soul+1"],"picked":"Offering","floor":6.0},{"not_picked":["Sword Boomerang+1","Bloodletting"],"picked":"Shrug It Off","floor":8.0},{"not_picked":["Wild Strike+1","Armaments"],"picked":"Battle Trance","floor":9.0},{"not_picked":["Thunderclap+1","Twin Strike+1"],"picked":"Shockwave","floor":11.0},{"not_picked":["Power Through","Headbutt+1","Sentinel"],"picked":"SKIP","floor":12.0},{"not_picked":["Headbutt+1","Warcry"],"picked":"Combust","floor":13.0},{"not_picked":["Fiend Fire+1","Headbutt+1","Battle Trance"],"picked":"SKIP","floor":14.0},{"not_picked":["Thunderclap+1","Cleave+1"],"picked":"Inflame","floor":15.0},{"not_picked":["Bludgeon+1","Fiend Fire+1"],"picked":"Double Tap","floor":18.0},{"not_picked":["True Grit","Pommel Strike+1"],"picked":"Metallicize+1","floor":20.0},{"not_picked":["Clash+1","Intimidate","Havoc"],"picked":"SKIP","floor":22.0},{"not_picked":["Blood for Blood+1","Clash+1","Headbutt+1"],"picked":"SKIP","floor":23.0},{"not_picked":["Power Through","Intimidate","Shrug It Off"],"picked":"SKIP","floor":26.0},{"not_picked":["Shrug It Off","Warcry","Reaper+1"],"picked":"SKIP","floor":27.0},{"not_picked":["Warcry","Anger+1"],"picked":"Whirlwind+1","floor":31.0},{"not_picked":["Clash+1","Rampage+1","Sentinel"],"picked":"SKIP","floor":34.0}],"player_experience":465438,"relics_obtained":[{"floor":8.0,"key":"Ornamental Fan"},{"floor":10.0,"key":"Kunai"},{"floor":26.0,"key":"White Beast Statue"},{"floor":29.0,"key":"PreservedInsect"}],"event_choices":[{"damage_healed":0.0,"max_hp_gain":0.0,"max_hp_loss":0.0,"gold_gain":150.0,"event_name":"Liars Game","player_choice":"AGREE","floor":2.0,"gold_loss":0.0,"damage_taken":0.0,"cards_obtained":["Doubt"]},{"damage_healed":0.0,"max_hp_gain":0.0,"max_hp_loss":0.0,"gold_gain":0.0,"event_name":"Scrap Ooze","player_choice":"Success","floor":5.0,"gold_loss":0.0,"damage_taken":5.0,"relics_obtained":["Molten Egg 2"]},{"damage_healed":0.0,"max_hp_gain":0.0,"max_hp_loss":0.0,"gold_gain":0.0,"event_name":"Upgrade Shrine","player_choice":"Upgraded","floor":21.0,"gold_loss":0.0,"damage_taken":0.0,"cards_upgraded":["Shockwave"]},{"damage_healed":14.0,"max_hp_gain":0.0,"max_hp_loss":0.0,"gold_gain":0.0,"event_name":"The Library","player_choice":"Heal","floor":24.0,"gold_loss":0.0,"damage_taken":0.0}],"is_beta":true,"boss_relics":[{"not_picked":["SacredBark","Runic Dome"],"picked":"Runic Pyramid"}],"items_purged_floors":[4,32],"is_endless":false,"potions_floor_spawned":[3,6,8,12,22,23,27,31,34],"killed_by":"Automaton","ascension_level":15}}