{"host":"vrsxkkch9ccrec7k","time":1614392317,"event":{"mods":["Act Like it!","BaseMod","Bestiary","Better Altar","Better Match","Better Note","Better Sensory Stone","Better Skull","Better Third Choice","Better Vampires","Downfall","Minty Spire (QoL Compilation)","Permanent Neow","Relic Stats","Replay The Spire","Spicy Shops","StSLib"],"gold_per_floor":[99,115,40,40,40,40,40,73,73,73,73,73],"floor_reached":10,"language":"ENG","playtime":351,"items_purged":[],"score":102,"play_id":"346a6208-1024-4ddc-9968-23efc176f59d","local_time":"20210226211837","is_ascension_mode":true,"campfire_choices":[{"data":"Slimebound:CorrosiveSpit","floor":1,"key":"SMITH"},{"data":"Slimebound:Split","floor":6,"key":"SMITH"}],"circlet_count":0,"master_deck":["AscendersBane","Slimebound:Strike_Slimebound","Slimebound:Strike_Slimebound","Slimebound:Tackle","Slimebound:Defend_Slimebound","Slimebound:Defend_Slimebound","Slimebound:Defend_Slimebound","Slimebound:Defend_Slimebound","Slimebound:Split+1","Slimebound:CorrosiveSpit+1","Slimebound:SpikyOuterGoop","Slimebound:MassFeed"],"relics":["Slimebound:AbsorbEndCombat","Slimebound:GreedOozeRelic","Gremlin Food","Regal Pillow"],"acts_visited":[],"potions_floor_usage":[10,10],"damage_taken":[{"damage":3,"enemies":"Jaw Worm","floor":2,"turns":4},{"damage":54,"enemies":"Gremlin Nob","floor":8,"turns":5},{"damage":21,"enemies":"3 Sentries","floor":10,"turns":4}],"seed_played":"228336454598150361","potions_obtained":[{"floor":0,"key":"Adrenaline Potion"},{"floor":0,"key":"SpeedPotion"},{"floor":8,"key":"Weak Potion"}],"is_trial":false,"path_per_floor":["R","M","?","?","?","R","T","E","?","E"],"character_chosen":"SLIMEBOUND","items_purchased":[],"campfire_rested":0,"item_purchase_floors":[],"current_hp_per_floor":[59,60,60,60,60,60,60,14,14,0,0,0],"gold":73,"neow_bonus":"THREE_SMALL_POTIONS","is_daily":false,"chose_seed":false,"campfire_upgraded":2,"win_rate":0.0,"timestamp":1614392317,"path_taken":["R","M","?","?","?","R","T","E","?","E"],"items_purchased_type":[],"build_version":"2020-12-22","purchased_purges":0,"victory":false,"max_hp_per_floor":[65,65,65,65,65,65,65,65,65,65,65,65],"relic_stats":{"Regal Pillow":0,"counters":[3,13],"obtain_stats":[{"Slimebound:GreedOozeRelic":3,"Gremlin Food":7,"Regal Pillow":8,"Slimebound:AbsorbEndCombat":0},{"Slimebound:GreedOozeRelic":1,"Gremlin Food":1,"Regal Pillow":2,"Slimebound:AbsorbEndCombat":0},{"Slimebound:GreedOozeRelic":4,"Gremlin Food":4,"Regal Pillow":9,"Slimebound:AbsorbEndCombat":0}]},"card_choices":[{"not_picked":["Slimebound:BestDefense","Slimebound:Schlurp"],"picked":"Slimebound:SpikyOuterGoop","floor":2},{"not_picked":["Slimebound:MassRepurpose","Slimebound:SamplingLick"],"picked":"Slimebound:MassFeed","floor":8}],"player_experience":2050038,"relics_obtained":[{"floor":7,"key":"Gremlin Food"},{"floor":8,"key":"Regal Pillow"}],"event_choices":[],"is_beta":false,"boss_relics":[],"items_purged_floors":[],"is_endless":false,"potions_floor_spawned":[8],"killed_by":"3 Sentries","ascension_level":13}}