{"host":"n605f8gctjc87d7h","time":1614458148,"event":{"mods":["Aspiration","Bard","BaseMod","Bestiary","Better Match","Better Note","Better Skull","Better Third Choice","Conspire","Downfall","Halation","Hermit","Infinite Spire","JesterMod","Minty Spire (QoL Compilation)","Reliquary","Replay The Spire","Retaliation","Shade Mod","Spicy Shops","StS++","StSLib","The Blue Laboratory","The IronCluck","The Jungle","The Runesmith","TheSurvivalist"],"gold_per_floor":[116,79,79,94,109,109,126,126,180,180,195,215,215,140,140,211,211,221,237,237,252,252,252,270,270,270],"floor_reached":25,"language":"ENG","playtime":899,"items_purged":["StSpp:Anticipation"],"score":371,"play_id":"ae861723-0d2e-4478-b87a-e6ee46b356fe","local_time":"20210227123548","is_ascension_mode":true,"campfire_choices":[{"data":"Redo","floor":6,"key":"SMITH"},{"floor":8,"key":"REST"},{"data":"Redo","floor":10,"key":"SMITH"},{"floor":13,"key":"REST"},{"data":"Static Discharge","floor":15,"key":"SMITH"},{"floor":23,"key":"REST"}],"circlet_count":0,"master_deck":["AscendersBane","Strike_B","Strike_B","Defend_B","Defend_B","Defend_B","Zap+1","Dualcast+1","Go for the Eyes","Redo+1","Redo+1","Sucker Punch","Die Die Die","Ball Lightning","Gash","Static Discharge+1","Core Surge","Steam Power","Gash+1"],"relics":["Cracked Core","DataDisk","SacredBark"],"acts_visited":["Exordium","TheCity"],"potions_floor_usage":[7,18,19,24],"damage_taken":[{"damage":1,"enemies":"Cultist","floor":1,"turns":3},{"damage":0,"enemies":"2 Louse","floor":4,"turns":1},{"damage":4,"enemies":"Small Slimes","floor":5,"turns":2},{"damage":37,"enemies":"Exordium Thugs","floor":7,"turns":3},{"damage":3,"enemies":"3 Louse","floor":11,"turns":2},{"damage":0,"enemies":"Lots of Slimes","floor":12,"turns":1},{"damage":25,"enemies":"The Guardian","floor":16,"turns":8},{"damage":3,"enemies":"2 Thieves","floor":18,"turns":2},{"damage":16,"enemies":"Shell Parasite","floor":19,"turns":2},{"damage":33,"enemies":"Snake Plant","floor":21,"turns":3},{"damage":18,"enemies":"Shelled Parasite and Fungi","floor":24,"turns":2},{"damage":41,"enemies":"Cultist and Chosen","floor":25,"turns":3}],"seed_played":"-16607099866379334","potions_obtained":[{"floor":4,"key":"Fruit Juice"},{"floor":7,"key":"Slimebound:ThreeZeroPotion"},{"floor":16,"key":"Fire Potion"},{"floor":21,"key":"Toxic Potion"}],"is_trial":false,"path_per_floor":["M","$","?","M","M","R","M","R","T","R","M","M","R","$","R","B",null,"M","M","?","M","?","R","M","M"],"character_chosen":"DEFECT","items_purchased":["Redo"],"campfire_rested":3,"item_purchase_floors":[2],"current_hp_per_floor":[63,63,63,63,59,59,27,49,49,49,46,46,68,68,68,43,68,65,49,49,16,16,38,20,0,0],"gold":270,"neow_bonus":"UPGRADE_CARD","is_daily":false,"chose_seed":false,"campfire_upgraded":3,"win_rate":0.0,"timestamp":1614458148,"path_taken":["M","?","?","?","M","R","M","R","T","R","M","M","R","$","R","BOSS","M","M","?","M","?","R","M","?"],"items_purchased_type":["Card"],"build_version":"2020-12-22","purchased_purges":1,"victory":false,"max_hp_per_floor":[71,71,71,71,71,71,76,76,76,76,76,76,76,76,76,76,76,76,76,76,76,76,76,76,76,76],"card_choices":[{"not_picked":["Gash","Sweeping Beam"],"picked":"Go for the Eyes","floor":1},{"not_picked":["Hello World","Consume"],"picked":"Ball Lightning","floor":4},{"not_picked":["Darkness","Coolheaded"],"picked":"Gash","floor":5},{"not_picked":["Tempest","Fusion","Darkness"],"picked":"SKIP","floor":7},{"not_picked":["Glacier","Streamline","Hologram"],"picked":"SKIP","floor":11},{"not_picked":["ReplayTheSpireMod:GoodbyeWorld","Doom and Gloom"],"picked":"Static Discharge","floor":12},{"not_picked":["StSpp:CopyPaste","Multi-Cast"],"picked":"Core Surge","floor":16},{"not_picked":["Coolheaded","Hologram"],"picked":"Steam Power","floor":18},{"not_picked":["Skim","Steam"],"picked":"Gash+1","floor":19},{"not_picked":["Streamline","Conserve Battery","Cold Snap"],"picked":"SKIP","floor":21},{"not_picked":["Barrage","Tempest","Conserve Battery"],"picked":"SKIP","floor":24}],"player_experience":931429,"relics_obtained":[{"floor":9,"key":"DataDisk"}],"event_choices":[{"damage_healed":0,"gold_gain":0,"player_choice":"Upgraded","damage_taken":0,"max_hp_gain":0,"max_hp_loss":0,"event_name":"Upgrade Shrine","floor":22,"gold_loss":0,"cards_upgraded":["Dualcast"]}],"is_beta":false,"boss_relics":[{"not_picked":["StSpp:FireArrow","StSpp:Balance"],"picked":"SacredBark"}],"items_purged_floors":[14],"is_endless":false,"potions_floor_spawned":[4,7,16,21],"killed_by":"Cultist and Chosen","ascension_level":18}}