{"host":"nsc6ozq3atyrdr3m","time":1614449107,"event":{"mods":["BaseMod","Colored Map","Minty Spire (QoL Compilation)"],"gold_per_floor":[110,110,285,299,299,334,354,354,403,419,419,455,7,22,22,153,153,166,189,209,68,68,68,107,107,107],"floor_reached":25,"language":"FRA","playtime":665,"items_purged":["Doubt"],"score":407,"play_id":"fd1fdaea-5848-4b31-a9a9-1ffd68b24112","local_time":"20210227190507","is_ascension_mode":true,"campfire_choices":[{"data":"Streamline","floor":8,"key":"SMITH"},{"floor":11,"key":"REST"},{"data":"Static Discharge","floor":15,"key":"SMITH"},{"floor":23,"key":"REST"}],"circlet_count":0,"master_deck":["Strike_B","Strike_B","Strike_B","Strike_B","Defend_B","Defend_B","Defend_B","Defend_B","Zap","Dualcast","White Noise+1","Steam Power","Genetic Algorithm","Streamline+1","Recycle","Static Discharge+1","Self Repair","Self Repair","Thunder Strike","White Noise","Go for the Eyes","Loop","Reboot","Stack"],"relics":["Cracked Core","NeowsBlessing","Golden Idol","Bag of Preparation","Ancient Tea Set","HornCleat","Unceasing Top","Runic Pyramid","Gambling Chip"],"acts_visited":["Exordium","TheCity"],"potions_floor_usage":[12,14,19,24,25],"damage_taken":[{"damage":0,"enemies":"2 Louse","floor":1,"turns":1},{"damage":0,"enemies":"Small Slimes","floor":4,"turns":1},{"damage":0,"enemies":"Lagavulin","floor":6,"turns":1},{"damage":10,"enemies":"Cultist","floor":7,"turns":4},{"damage":11,"enemies":"Large Slime","floor":10,"turns":5},{"damage":0,"enemies":"Gremlin Nob","floor":12,"turns":3},{"damage":3,"enemies":"Lots of Slimes","floor":14,"turns":2},{"damage":36,"enemies":"The Guardian","floor":16,"turns":8},{"damage":31,"enemies":"Shell Parasite","floor":18,"turns":4},{"damage":29,"enemies":"3 Byrds","floor":19,"turns":4},{"damage":21,"enemies":"Snake Plant","floor":20,"turns":3},{"damage":26,"enemies":"Book of Stabbing","floor":24,"turns":5},{"damage":46,"enemies":"3 Cultists","floor":25,"turns":4}],"seed_played":"-574249233084661426","potions_obtained":[{"floor":6,"key":"ColorlessPotion"},{"floor":10,"key":"Explosive Potion"},{"floor":12,"key":"Block Potion"},{"floor":14,"key":"PowerPotion"},{"floor":20,"key":"DuplicationPotion"},{"floor":22,"key":"PowerPotion"}],"is_trial":false,"path_per_floor":["M","?","?","M","?","E","M","R","T","M","R","E","$","M","R","B",null,"M","M","M","$","?","R","E","M"],"character_chosen":"DEFECT","items_purchased":["Self Repair","Unceasing Top","Loop","Reboot"],"campfire_rested":2,"item_purchase_floors":[13,13,21,21],"current_hp_per_floor":[68,50,50,50,50,50,40,40,40,29,51,51,51,55,55,33,65,48,33,26,26,26,48,36,0,0],"gold":107,"neow_bonus":"THREE_ENEMY_KILL","is_daily":false,"chose_seed":false,"campfire_upgraded":2,"win_rate":0.0,"timestamp":1614449107,"path_taken":["M","?","?","M","?","E","?","R","T","M","R","E","$","M","R","BOSS","M","M","M","$","?","R","E","?"],"items_purchased_type":["Card","Relic","Card","Card"],"build_version":"2020-12-22","purchased_purges":1,"victory":false,"max_hp_per_floor":[75,75,75,75,75,75,75,75,75,75,75,75,75,75,75,75,75,75,75,75,75,75,75,75,75,75],"card_choices":[{"not_picked":["Conserve Battery","Ball Lightning"],"picked":"White Noise","floor":1},{"not_picked":["Hologram","Fusion"],"picked":"Steam Power","floor":4},{"not_picked":["Leap","Hologram"],"picked":"Genetic Algorithm","floor":6},{"not_picked":["Redo","Turbo"],"picked":"Streamline","floor":7},{"not_picked":["Steam","Barrage"],"picked":"Recycle","floor":10},{"not_picked":["Double Energy","Reprogram"],"picked":"Static Discharge","floor":12},{"not_picked":["Sweeping Beam","Compile Driver"],"picked":"Self Repair","floor":14},{"not_picked":["Core Surge","Biased Cognition"],"picked":"Thunder Strike","floor":16},{"not_picked":["Redo","Coolheaded"],"picked":"White Noise","floor":18},{"not_picked":["Coolheaded","Scrape+1","Compile Driver"],"picked":"SKIP","floor":19},{"not_picked":["Beam Cell","Scrape"],"picked":"Go for the Eyes","floor":20},{"not_picked":["Barrage+1","Meteor Strike"],"picked":"Stack","floor":24}],"player_experience":451733,"relics_obtained":[{"floor":6,"key":"Bag of Preparation"},{"floor":9,"key":"Ancient Tea Set"},{"floor":12,"key":"HornCleat"},{"floor":24,"key":"Gambling Chip"}],"event_choices":[{"damage_healed":0,"gold_gain":0,"player_choice":"Take Damage","damage_taken":18,"relics_obtained":["Golden Idol"],"max_hp_gain":0,"max_hp_loss":0,"event_name":"Golden Idol","floor":2,"gold_loss":0},{"damage_healed":0,"gold_gain":175,"player_choice":"AGREE","damage_taken":0,"max_hp_gain":0,"max_hp_loss":0,"event_name":"Liars Game","floor":3,"gold_loss":0,"cards_obtained":["Doubt"]},{"damage_healed":0,"gold_gain":0,"player_choice":"Upgraded","damage_taken":0,"max_hp_gain":0,"max_hp_loss":0,"event_name":"Upgrade Shrine","floor":5,"gold_loss":0,"cards_upgraded":["White Noise"]},{"damage_healed":0,"gold_gain":0,"player_choice":"Got Potions","damage_taken":0,"max_hp_gain":0,"max_hp_loss":0,"event_name":"Lab","floor":22,"gold_loss":0}],"is_beta":false,"boss_relics":[{"not_picked":["Inserter","Fusion Hammer"],"picked":"Runic Pyramid"}],"items_purged_floors":[13],"is_endless":false,"potions_floor_spawned":[6,10,12,14,20],"killed_by":"3 Cultists","ascension_level":9}}