{"host":"adi","time":1614459384,"event":{"mods":["AchievementEnabler","BaseMod","Bestiary","Colored Powertips","Minty Spire (QoL Compilation)","StSLib"],"gold_per_floor":[112,126,142,142,142,38,38,52,85,85,85,85],"floor_reached":11,"language":"ENG","playtime":291,"items_purged":[],"score":128,"play_id":"bb27de52-70ff-4aaf-a642-f1c1a4843691","local_time":"20210227215624","is_ascension_mode":true,"campfire_choices":[{"data":"Carnage","floor":7.0,"key":"SMITH"}],"circlet_count":0,"master_deck":["AscendersBane","Strike_R","Strike_R","Strike_R","Strike_R","Defend_R","Defend_R","Defend_R","Defend_R","Bash","Wild Strike","Metallicize","Ghostly Armor","Spot Weakness","Carnage+1","Inflame","True Grit"],"relics":["Burning Blood","Calipers","Golden Idol","Sundial","Paper Frog"],"acts_visited":["Exordium"],"potions_floor_usage":[11],"damage_taken":[{"damage":6.0,"enemies":"Cultist","floor":1.0,"turns":3.0},{"damage":12.0,"enemies":"Jaw Worm","floor":2.0,"turns":3.0},{"damage":3.0,"enemies":"2 Louse","floor":3.0,"turns":4.0},{"damage":16.0,"enemies":"Exordium Wildlife","floor":8.0,"turns":5.0},{"damage":29,"enemies":"Lagavulin","floor":9,"turns":6},{"damage":32,"enemies":"Gremlin Nob","floor":11,"turns":3}],"seed_played":"4251327688822948752","potions_obtained":[{"floor":1.0,"key":"Fruit Juice"},{"floor":2.0,"key":"ElixirPotion"}],"is_trial":false,"path_per_floor":["M","M","M","?","?","$","R","M","E","T","E"],"character_chosen":"IRONCLAD","items_purchased":["Spot Weakness","Carnage"],"campfire_rested":0,"item_purchase_floors":[6,6],"current_hp_per_floor":[73,67,70,45,45,45,45,35,12,12,0,0],"gold":85,"neow_bonus":"ONE_RARE_RELIC","is_daily":false,"chose_seed":false,"campfire_upgraded":1,"win_rate":0.0,"timestamp":1614459384,"path_taken":["M","M","?","?","?","$","R","M","E","T","E"],"items_purchased_type":["Card","Card"],"build_version":"2020-12-18","purchased_purges":0,"victory":false,"max_hp_per_floor":[73,73,73,73,73,73,73,73,73,73,73,73],"card_choices":[{"not_picked":["Rupture","Clothesline"],"picked":"Wild Strike","floor":1.0},{"not_picked":["Pommel Strike","Heavy Blade"],"picked":"Metallicize","floor":2.0},{"not_picked":["Twin Strike","Warcry"],"picked":"Ghostly Armor","floor":3.0},{"not_picked":["Combust","Ghostly Armor"],"picked":"Inflame","floor":8.0},{"not_picked":["Clash","Sword Boomerang"],"picked":"True Grit","floor":9}],"player_experience":467284,"relics_obtained":[{"floor":9,"key":"Sundial"},{"floor":10,"key":"Paper Frog"}],"event_choices":[{"damage_healed":0.0,"max_hp_gain":0.0,"max_hp_loss":0.0,"gold_gain":0.0,"event_name":"Golden Idol","player_choice":"Take Damage","floor":4.0,"gold_loss":0.0,"damage_taken":25.0,"relics_obtained":["Golden Idol"]},{"cards_removed":["Strike_R"],"damage_healed":0.0,"max_hp_gain":0.0,"max_hp_loss":0.0,"gold_gain":0.0,"event_name":"Bonfire Elementals","player_choice":"Offered Basic","floor":5.0,"gold_loss":0.0,"damage_taken":0.0}],"is_beta":true,"boss_relics":[],"items_purged_floors":[],"is_endless":false,"potions_floor_spawned":[1,2],"killed_by":"Gremlin Nob","ascension_level":15}}