{"host":"gqhy17d1xpb1p3ki","time":1614395866,"event":{"mods":["2.2 Compatiblity","AchievementEnabler","BaseMod","Bestiary","BetterRewards","Colored Map","Colored Powertips","Conspire","Curses Come First","Custom Start","DeckTracker","Downfall","Duelist Mod","Hermit","Highlight Path","Hubris","Infinite Spire","Marisa????????","Minty Spire (QoL Compilation)","Quick Restart","Rare Cards Sparkle","Relic Stats","Remilia??????","Replay The Spire","Robot Space Explorer","Shop Mod","StSLib","Td1madao Mod","The Animator","The Bug Knight","The Cursed","The Disciple","The Hierophant","The Jungle","The Marked","The Mystic","The Necromancer","The Runesmith","The Senshi","The Servant 0.9.4","The Witch","TheBandit","WarShipGirlsR/????R mod","Yuri Mod","ojb\u0027s Info Mod"],"gold_per_floor":[99,110,120,570,185,185,185,205,10,10,60,91,110,130,144,243,243,143,154,154,172,191,191,216,229,229,229],"floor_reached":26,"language":"ENG","playtime":1431,"items_purged":["TheCursedMod:Strike_TheCursed","TheCursedMod:Strike_TheCursed"],"score":310,"play_id":"f2711265-8713-4442-ade2-e9abd9e05a6a","local_time":"20210226221746","is_ascension_mode":false,"campfire_choices":[{"data":"TheCursedMod:CursedWand","floor":1,"key":"SMITH"},{"data":"TheCursedMod:DemonSword","floor":6,"key":"SMITH"},{"data":"TheCursedMod:HellfireBreathing","floor":10,"key":"SMITH"},{"floor":18,"key":"RECALL"}],"circlet_count":0,"master_deck":["TheCursedMod:Strike_TheCursed","TheCursedMod:Defend_TheCursed","TheCursedMod:Defend_TheCursed","TheCursedMod:Defend_TheCursed","TheCursedMod:Defend_TheCursed","TheCursedMod:CursedWand+1","TheCursedMod:CleanUpWorkshop","TheCursedMod:Dregs","TheCursedMod:TacticalStrike","TheCursedMod:TacticalStrike","downfall:Icky","downfall:Icky","downfall:Icky","TheCursedMod:DemonSword+1","TheCursedMod:FleshFromBone","TheCursedMod:RapidMovement","TheCursedMod:HellfireBreathing+1","TheCursedMod:VoidForm","TheCursedMod:HellsGateOpen","TheCursedMod:HellfireBreathing","TheCursedMod:Hemoplague","TheCursedMod:UltimatePain","CurseOfTheBell","TheCursedMod:Torture","Pot Of Greed","Pot Of Greed","Pot Of Greed"],"relics":["TheCursedMod:BlackMagic101","Kunai","Replay:Bottled Flurry","conspire:TopHat","Pen Nib","Calling Bell","infinitespire:Joker Card","Snack Pack","Oddly Smooth Stone","downfall:HeartBlessingGreen","hubris:Icosahedron","Grinning Jar"],"acts_visited":["Exordium","TheCity"],"potions_floor_usage":[25,25],"damage_taken":[{"damage":1,"enemies":"Jaw Worm","floor":2,"turns":2},{"damage":0,"enemies":"Small Slimes","floor":3,"turns":3},{"damage":0,"enemies":"downfall:FleeingMerchant","floor":5,"turns":4},{"damage":0,"enemies":"2 Louse","floor":8,"turns":1},{"damage":3,"enemies":"downfall:FleeingMerchant","floor":9,"turns":4},{"damage":11,"enemies":"Lagavulin","floor":12,"turns":6},{"damage":11,"enemies":"2 Fungi Beasts","floor":13,"turns":3},{"damage":0,"enemies":"Blue Slaver","floor":14,"turns":3},{"damage":11,"enemies":"Red Slaver","floor":15,"turns":4},{"damage":10,"enemies":"SI_SHIV_ARCHETYPE","floor":16,"turns":7},{"damage":13,"enemies":"downfall:LooterAlt2","floor":19,"turns":6},{"damage":0,"enemies":"Chosen","floor":21,"turns":4},{"damage":22,"enemies":"3 Cultists","floor":22,"turns":5},{"damage":47,"enemies":"Chosen and Byrds","floor":25,"turns":7},{"damage":3,"enemies":"Shelled Parasite and Fungi","floor":26,"turns":1}],"seed_played":"-4522297342485654535","potions_obtained":[{"floor":2,"key":"SkillPotion"},{"floor":14,"key":"Swift Potion"},{"floor":15,"key":"SteroidPotion"}],"is_trial":false,"path_per_floor":["R","M","M","?","$","R","T","M","$","R","T","E","M","M","M","B",null,"R_BF","M","?","M","M","?","T","M","M"],"character_chosen":"THE_CURSED","items_purchased":["TheCursedMod:FleshFromBone","Kunai","TheCursedMod:HellfireBreathing"],"campfire_rested":0,"item_purchase_floors":[5,5,9],"current_hp_per_floor":[82,81,81,81,81,81,81,81,78,78,78,67,56,56,45,35,82,82,69,69,69,49,49,49,2,0,0],"gold":229,"neow_bonus":"TEN_PERCENT_HP_BONUS","is_daily":false,"chose_seed":false,"campfire_upgraded":3,"win_rate":0.0,"timestamp":1614395866,"path_taken":["R","M","M","?","$","R","T","M","$","R","?","E","M","M","M","BOSS","R_BF","M","?","M","M","?","T","M","M"],"items_purchased_type":["Card","Relic","Card"],"build_version":"2020-12-22","purchased_purges":2,"victory":false,"max_hp_per_floor":[82,82,82,82,82,82,82,82,82,82,82,82,82,82,82,82,82,82,82,82,82,82,82,82,82,82,82],"relic_stats":{"counters":[15,58],"Pen Nib":[4],"Kunai":[8],"obtain_stats":[{"Calling Bell":17,"TheCursedMod:BlackMagic101":0,"hubris:Icosahedron":20,"Oddly Smooth Stone":17,"downfall:HeartBlessingGreen":18,"Pen Nib":12,"infinitespire:Joker Card":17,"Replay:Bottled Flurry":7,"Snack Pack":17,"Kunai":5,"Grinning Jar":24,"conspire:TopHat":11},{"Calling Bell":10,"TheCursedMod:BlackMagic101":0,"hubris:Icosahedron":11,"Oddly Smooth Stone":10,"downfall:HeartBlessingGreen":10,"Pen Nib":6,"infinitespire:Joker Card":10,"Replay:Bottled Flurry":3,"Snack Pack":10,"Kunai":3,"Grinning Jar":13,"conspire:TopHat":5},{"Calling Bell":36,"TheCursedMod:BlackMagic101":0,"hubris:Icosahedron":41,"Oddly Smooth Stone":36,"downfall:HeartBlessingGreen":36,"Pen Nib":20,"infinitespire:Joker Card":36,"Replay:Bottled Flurry":9,"Snack Pack":36,"Kunai":9,"Grinning Jar":50,"conspire:TopHat":14}]},"card_choices":[{"not_picked":["TheCursedMod:Wield","TheCursedMod:RapidMovement"],"picked":"TheCursedMod:TacticalStrike","floor":2},{"not_picked":["TheCursedMod:CursedShiv","TheCursedMod:Mangle"],"picked":"TheCursedMod:TacticalStrike","floor":3},{"not_picked":["TheCursedMod:ManaBullet","TheCursedMod:SoulCrush"],"picked":"TheCursedMod:DemonSword","floor":5},{"not_picked":["TheCursedMod:Mangle","TheCursedMod:FleshFromBone"],"picked":"TheCursedMod:RapidMovement","floor":8},{"not_picked":["TheCursedMod:CircleOfFlame","TheCursedMod:FleshFromBone","TheCursedMod:CursedArmor"],"picked":"SKIP","floor":9},{"not_picked":["TheCursedMod:SpitefulStrike","TheCursedMod:ReleasedKnowledge"],"picked":"TheCursedMod:VoidForm","floor":12},{"not_picked":["TheCursedMod:CircleOfAmplification","TheCursedMod:RapidMovement"],"picked":"TheCursedMod:HellsGateOpen","floor":13},{"not_picked":["TheCursedMod:CursedStaff","TheCursedMod:VitalStrike"],"picked":"TheCursedMod:HellfireBreathing","floor":14},{"not_picked":["TheCursedMod:CircleOfFocus","TheCursedMod:BloodBarrier"],"picked":"TheCursedMod:Hemoplague","floor":15},{"not_picked":["TheCursedMod:AntiAging","TheCursedMod:ForbiddenAlchemy"],"picked":"TheCursedMod:UltimatePain","floor":16},{"not_picked":["TheCursedMod:BloodBarrier+1","TheCursedMod:RavingStaff","TheCursedMod:PrepareRite"],"picked":"SKIP","floor":19},{"not_picked":["TheCursedMod:AshesToAshes","TheCursedMod:CursedAmulet","TheCursedMod:FleshFromBone"],"picked":"SKIP","floor":21},{"not_picked":["TheCursedMod:SurpriseAttack","TheCursedMod:SaltUponWound"],"picked":"TheCursedMod:Torture","floor":22},{"not_picked":["TheCursedMod:CircleOfCorruption","TheCursedMod:CursedArmor+1","TheCursedMod:RapidMovement"],"picked":"SKIP","floor":25}],"player_experience":515863,"relics_obtained":[{"floor":7,"key":"Replay:Bottled Flurry"},{"floor":11,"key":"conspire:TopHat"},{"floor":12,"key":"Pen Nib"},{"floor":17,"key":"infinitespire:Joker Card"},{"floor":17,"key":"Snack Pack"},{"floor":17,"key":"Oddly Smooth Stone"},{"floor":24,"key":"Grinning Jar"}],"event_choices":[],"is_beta":false,"boss_relics":[{"not_picked":["Fusion Hammer","Empty Cage"],"picked":"Calling Bell"}],"items_purged_floors":[5,9],"is_endless":false,"potions_floor_spawned":[2,14,15,19,21],"killed_by":"Shelled Parasite and Fungi","ascension_level":0}}