{"host":"xg4r5pv6chpuampg","time":1614457139,"event":{"mods":["AchievementEnabler","BaseMod","Googly Eyes","Minty Spire (QoL Compilation)","StSLib","Together in Spire"],"gold_per_floor":[112,41,41,41,53,53,53,67,143,176,186,186,213,213,213,339,339,358,273,262,262,278,278,296,296,319,38,38,38],"floor_reached":28,"language":"ENG","playtime":1409,"items_purged":[],"score":237,"play_id":"e1a60ff9-7864-4b65-9929-9d41647e7afa","local_time":"20210227231859","is_ascension_mode":true,"campfire_choices":[{"data":"Eruption","floor":6.0,"key":"SMITH"},{"floor":12.0,"key":"REST"},{"floor":15.0,"key":"REST"},{"data":"Adaptation","floor":23.0,"key":"SMITH"},{"floor":25.0,"key":"REST"}],"circlet_count":0,"master_deck":["Strike_P+1","Strike_P+1","Strike_P+1","Strike_P+1","Defend_P+1","Defend_P+1","Defend_P+1","Defend_P+1","Eruption+1","Vigilance","ThirdEye+1","BattleHymn+1","EmptyBody","SashWhip","DeceiveReality","Adaptation+1","CutThroughFate","Injury","DevaForm+1","FollowUp+1","CarveReality","Prostrate+1"],"relics":["PureWater","WingedGreaves","Matryoshka","Pocketwatch","Frozen Egg 2","Golden Idol","VioletLotus","Pear","Darkstone Periapt","Toy Ornithopter","Membership Card","Pantograph"],"acts_visited":["Exordium","TheCity"],"potions_floor_usage":[],"damage_taken":[{"damage":0.0,"enemies":"2 Louse","floor":1.0,"turns":2.0},{"damage":0.0,"enemies":"Small Slimes","floor":5.0,"turns":2.0},{"damage":0.0,"enemies":"Jaw Worm","floor":8.0,"turns":3.0},{"damage":13.0,"enemies":"Lagavulin","floor":10.0,"turns":4.0},{"damage":7.0,"enemies":"Looter","floor":11.0,"turns":3.0},{"damage":21.0,"enemies":"3 Sentries","floor":13.0,"turns":5.0},{"damage":32.0,"enemies":"Hexaghost","floor":16.0,"turns":9.0},{"damage":27.0,"enemies":"Shell Parasite","floor":18.0,"turns":3.0},{"damage":27.0,"enemies":"2 Thieves","floor":20.0,"turns":4.0},{"damage":8.0,"enemies":"Snecko","floor":22.0,"turns":3.0},{"damage":13.0,"enemies":"Snake Plant","floor":24.0,"turns":5.0},{"damage":13,"enemies":"Colosseum Slavers","floor":28,"turns":4},{"damage":29,"enemies":"Colosseum Nobs","floor":28,"turns":3}],"seed_played":"1166719895585103671","potions_obtained":[{"floor":1.0,"key":"ColorlessPotion"},{"floor":8.0,"key":"Block Potion"},{"floor":18.0,"key":"StancePotion"},{"floor":24.0,"key":"Weak Potion"}],"is_trial":false,"path_per_floor":["M","$","?","?","M","R","?","M","T","E","M","R","E","?","R","B",null,"M","?","M","?","M","R","M","R","T","$","?"],"character_chosen":"WATCHER","items_purchased":["BattleHymn","Membership Card","Pantograph"],"campfire_rested":3,"item_purchase_floors":[2,27,27],"current_hp_per_floor":[51,51,51,51,51,51,37,37,37,24,17,38,17,17,38,6,72,45,55,28,28,20,20,7,31,31,31,0,0],"gold":38,"neow_bonus":"ONE_RARE_RELIC","is_daily":false,"chose_seed":false,"campfire_upgraded":2,"win_rate":0.0,"timestamp":1614457139,"path_taken":["M","$","?","?","M","R","?","M","T","E","M","R","E","?","R","BOSS","M","?","M","?","M","R","M","R","T","?","?"],"items_purchased_type":["Card","Relic","Relic"],"build_version":"2020-12-22","purchased_purges":0,"victory":false,"max_hp_per_floor":[72,72,72,72,72,72,72,72,72,72,72,72,72,72,72,72,72,72,82,82,82,82,82,82,82,82,82,82,82],"card_choices":[{"not_picked":["Indignation","ReachHeaven"],"picked":"ThirdEye","floor":1.0},{"not_picked":["Consecrate","Sanctity"],"picked":"EmptyBody","floor":5.0},{"not_picked":["WreathOfFlame","Vengeance"],"picked":"SashWhip","floor":8.0},{"not_picked":["SashWhip","Blasphemy"],"picked":"DeceiveReality","floor":10.0},{"not_picked":["SashWhip","Perseverance"],"picked":"Adaptation","floor":11.0},{"not_picked":["MentalFortress+1","Worship"],"picked":"CutThroughFate","floor":13.0},{"not_picked":["Alpha","Ragnarok"],"picked":"DevaForm+1","floor":16.0},{"not_picked":["BowlingBash","EmptyBody"],"picked":"FollowUp+1","floor":18.0},{"not_picked":["Protect","LikeWater+1"],"picked":"CarveReality","floor":20.0},{"not_picked":["Halt","JustLucky+1"],"picked":"Prostrate+1","floor":22.0},{"not_picked":["BowlingBash","Prostrate","ReachHeaven"],"picked":"SKIP","floor":24.0}],"player_experience":198174,"relics_obtained":[{"floor":9.0,"key":"Matryoshka"},{"floor":10.0,"key":"Pocketwatch"},{"floor":13.0,"key":"Frozen Egg 2"},{"floor":26.0,"key":"Darkstone Periapt"},{"floor":26.0,"key":"Toy Ornithopter"}],"event_choices":[{"damage_healed":0.0,"max_hp_gain":0.0,"max_hp_loss":0.0,"gold_gain":0.0,"event_name":"Golden Wing","player_choice":"Ignored","floor":3.0,"gold_loss":0.0,"damage_taken":0.0},{"damage_healed":0.0,"max_hp_gain":0.0,"max_hp_loss":0.0,"gold_gain":0.0,"event_name":"Living Wall","player_choice":"Grow","floor":4.0,"gold_loss":0.0,"damage_taken":0.0,"cards_upgraded":["BattleHymn"]},{"damage_healed":0.0,"max_hp_gain":0.0,"max_hp_loss":0.0,"gold_gain":0.0,"event_name":"Shining Light","player_choice":"Entered Light","floor":7.0,"gold_loss":0.0,"damage_taken":14.0,"cards_upgraded":["ThirdEye","Strike_P"]},{"damage_healed":0.0,"max_hp_gain":0.0,"max_hp_loss":0.0,"gold_gain":0.0,"event_name":"Golden Idol","player_choice":"Take Wound","floor":14.0,"gold_loss":0.0,"damage_taken":0.0,"relics_obtained":["Golden Idol"],"cards_obtained":["Injury"]},{"damage_healed":0.0,"max_hp_gain":0.0,"max_hp_loss":0.0,"gold_gain":0.0,"event_name":"Addict","player_choice":"Obtained Relic","floor":19.0,"gold_loss":85.0,"damage_taken":0.0,"relics_obtained":["Pear"]},{"damage_healed":0.0,"max_hp_gain":0.0,"max_hp_loss":0.0,"gold_gain":0.0,"event_name":"Back to Basics","player_choice":"Simplicity","floor":21.0,"gold_loss":0.0,"damage_taken":0.0,"cards_upgraded":["Strike_P","Strike_P","Strike_P","Defend_P","Defend_P","Defend_P","Defend_P"]},{"damage_healed":0,"gold_gain":0,"player_choice":"Fight","damage_taken":0,"max_hp_gain":0,"max_hp_loss":0,"event_name":"Colosseum","floor":28,"gold_loss":0},{"damage_healed":0,"gold_gain":0,"player_choice":"Fought Nobs","damage_taken":0,"max_hp_gain":0,"max_hp_loss":0,"event_name":"Colosseum","floor":28,"gold_loss":0}],"is_beta":false,"boss_relics":[{"not_picked":["Sozu","Runic Dome"],"picked":"VioletLotus"}],"items_purged_floors":[],"is_endless":false,"potions_floor_spawned":[1,8,18,24],"killed_by":"Colosseum Nobs","ascension_level":1}}