{"host":"sc0o2qwpf9j16a4i","time":1614416464,"event":{"mods":["AchievementEnabler","BaseMod","BetterRewards","Block Reminder","Colored Map","Colored Powertips","Custom Start","Highlight Path","Minty Spire (QoL Compilation)","Relic Stats"],"gold_per_floor":[114,125,125,25,25,60,74,118,118,138,157,4,18,33,33,156,156,171,171,189,227,263,263,298,298,298,321,355,380,59,72,72,192,192,213,232,94,94,119,119,164,187,196,240,263,52,85,128,128,137],"floor_reached":51,"language":"ENG","playtime":2020,"items_purged":[],"score":1505,"play_id":"26fc6dac-4d4d-49ef-9b91-3a23268eadce","local_time":"20210227110104","daily_mods":["Cursed Run","Hoarder","DeadlyEvents"],"is_ascension_mode":false,"campfire_choices":[{"data":"Capacitor","floor":15,"key":"SMITH"},{"floor":23,"key":"REST"},{"floor":25,"key":"REST"},{"data":"Biased Cognition","floor":32,"key":"SMITH"},{"data":"Biased Cognition","floor":40,"key":"SMITH"},{"data":"Biased Cognition","floor":49,"key":"SMITH"}],"circlet_count":0,"master_deck":["Zap","Dualcast","Cold Snap","Cold Snap","Cold Snap","Melter+1","Melter","Melter","Doom and Gloom","Doom and Gloom","Doom and Gloom","Turbo","Turbo","Turbo","Injury","Injury","Injury","Redo","Redo","Redo","Cold Snap","Cold Snap","Cold Snap","Stack","Stack","Stack","Injury","Injury","Injury","Stack","Stack","Stack","Turbo","Turbo","Turbo","Capacitor+1","Capacitor","Capacitor","Electrodynamics","Electrodynamics","Electrodynamics","Normality","Normality","Biased Cognition+1","Biased Cognition+1","Biased Cognition+1","Chill","Chill","Chill","Rip and Tear","Rip and Tear","Rip and Tear","Go for the Eyes","Go for the Eyes","Go for the Eyes","Reboot","Reboot","Reboot","Hologram","Hologram","Hologram","Barrage","Barrage","Barrage","Darkness","Darkness","Darkness","Reprogram","Reprogram","Reprogram","Consume","Consume","Consume","Echo Form","Echo Form","Echo Form","Core Surge","Core Surge","Core Surge","Force Field","Force Field","Force Field","Seek","Seek","Seek","Decay","Decay","Decay","Barrage+1","Barrage+1","Barrage+1","Melter+1","Melter+1","Melter+1","Reinforced Body+1","Reinforced Body+1","Reinforced Body+1","Defragment","Defragment","Defragment","Conserve Battery","Conserve Battery","Conserve Battery","Hologram+1","Hologram+1","Hologram+1","Regret","Regret","Regret","Core Surge","Core Surge","Core Surge","Doom and Gloom","Doom and Gloom","Doom and Gloom","Conserve Battery+1","Conserve Battery+1","Conserve Battery+1","Reprogram","Reprogram","Reprogram","Heatsinks","Heatsinks","Heatsinks","BootSequence","BootSequence","BootSequence","Capacitor+1","Capacitor+1","Capacitor+1","Pain","Pain","Pain","Redo+1","Redo+1","Redo+1","Glacier","Glacier","Glacier","Electrodynamics","Electrodynamics","Electrodynamics","Loop","Loop","Loop","Beam Cell+1","Beam Cell+1","Beam Cell+1","Pain","Pain","Pain"],"relics":["Cursed Key","Darkstone Periapt","Du-Vu Doll","Golden Idol","Centennial Puzzle","Sundial","Art of War","Vajra","Nloth\u0027s Gift","DataDisk","Symbiotic Virus","Eternal Feather","Thread and Needle","Nunchaku","Letter Opener","Philosopher\u0027s Stone","Spirit Poop","CeramicFish","Meat on the Bone","Bag of Preparation","OrangePellets","Bottled Tornado"],"acts_visited":["Exordium","TheCity","TheBeyond"],"potions_floor_usage":[8,16,22,28,44,45,50],"damage_taken":[{"damage":0,"enemies":"2 Louse","floor":1,"turns":2},{"damage":3,"enemies":"Small Slimes","floor":2,"turns":3},{"damage":22,"enemies":"Lagavulin","floor":6,"turns":4},{"damage":6,"enemies":"Jaw Worm","floor":7,"turns":2},{"damage":0,"enemies":"3 Sentries","floor":8,"turns":5},{"damage":1,"enemies":"2 Fungi Beasts","floor":10,"turns":3},{"damage":4,"enemies":"Large Slime","floor":11,"turns":3},{"damage":1,"enemies":"Looter","floor":13,"turns":2},{"damage":6,"enemies":"Red Slaver","floor":14,"turns":3},{"damage":21,"enemies":"Hexaghost","floor":16,"turns":7},{"damage":40,"enemies":"2 Thieves","floor":18,"turns":4},{"damage":10,"enemies":"Shell Parasite","floor":20,"turns":4},{"damage":25,"enemies":"Gremlin Leader","floor":21,"turns":5},{"damage":38,"enemies":"Slavers","floor":22,"turns":4},{"damage":18,"enemies":"Gremlin Leader","floor":24,"turns":7},{"damage":0,"enemies":"3 Cultists","floor":27,"turns":3},{"damage":8,"enemies":"Slavers","floor":28,"turns":2},{"damage":13,"enemies":"Chosen and Byrds","floor":29,"turns":3},{"damage":11,"enemies":"Shelled Parasite and Fungi","floor":31,"turns":3},{"damage":14,"enemies":"Champ","floor":33,"turns":8},{"damage":16,"enemies":"3 Shapes","floor":35,"turns":3},{"damage":6,"enemies":"Orb Walker","floor":36,"turns":2},{"damage":18,"enemies":"Jaw Worm Horde","floor":39,"turns":2},{"damage":34,"enemies":"Nemesis","floor":41,"turns":11},{"damage":0,"enemies":"3 Darklings","floor":42,"turns":4},{"damage":0,"enemies":"Reptomancer","floor":44,"turns":4},{"damage":0,"enemies":"4 Shapes","floor":45,"turns":2},{"damage":0,"enemies":"Writhing Mass","floor":47,"turns":3},{"damage":55,"enemies":"Nemesis","floor":48,"turns":9},{"damage":14,"enemies":"Time Eater","floor":50,"turns":9}],"seed_played":"-4931349094119465423","potions_obtained":[{"floor":2,"key":"Block Potion"},{"floor":11,"key":"Fire Potion"},{"floor":14,"key":"ColorlessPotion"},{"floor":18,"key":"SteroidPotion"},{"floor":27,"key":"ColorlessPotion"},{"floor":29,"key":"Ancient Potion"},{"floor":31,"key":"Dexterity Potion"},{"floor":39,"key":"DistilledChaos"},{"floor":44,"key":"AttackPotion"}],"is_trial":true,"path_per_floor":["M","M","?","$","?","E","M","E","T","M","M","$","M","M","R","B",null,"M","?","M","E","E","R","E","R","T","M","E","M","$","M","R","B",null,"M","M","$","?","M","R","E","M","T","E","M","$","M","E","R","B",null],"character_chosen":"DEFECT","items_purchased":["Doom and Gloom","Turbo","Vajra","Defragment","Letter Opener","Conserve Battery","Reprogram","Heatsinks","OrangePellets","Electrodynamics"],"campfire_rested":2,"item_purchase_floors":[4,4,12,30,30,30,37,37,46,46],"current_hp_per_floor":[75,72,72,72,90,68,62,62,80,79,75,75,74,68,68,65,129,89,89,79,54,16,54,36,125,143,143,135,122,122,111,147,151,165,149,143,143,143,125,165,131,131,149,149,149,149,149,94,181,185],"gold":137,"neow_bonus":"","is_daily":false,"chose_seed":false,"campfire_upgraded":4,"win_rate":0.0,"timestamp":1614416464,"path_taken":["M","M","?","?","?","E","M","E","T","M","?","$","M","M","R","BOSS","M","?","M","?","?","R","E","R","T","M","E","M","$","M","R","BOSS","M","M","$","?","?","R","E","M","T","E","?","$","M","E","R","BOSS"],"items_purchased_type":["Card","Card","Relic","Card","Relic","Card","Card","Card","Relic","Card"],"build_version":"2020-12-22","purchased_purges":0,"victory":true,"max_hp_per_floor":[75,75,75,75,93,93,93,93,111,111,111,111,111,111,111,129,129,129,129,129,129,129,129,129,129,147,147,147,147,147,147,147,165,165,165,165,165,165,165,165,165,165,183,183,183,183,183,183,183,201],"relic_stats":{"Darkstone Periapt":126,"counters":[30,126],"Golden Idol":203,"CeramicFish":72,"Eternal Feather":214,"Bag of Preparation":[8],"Letter Opener":[74],"Cursed Key":3,"OrangePellets":[2],"Centennial Puzzle":[63],"Nunchaku":[8],"Sundial":[6],"Art of War":[29],"Nloth\u0027s Gift":6,"obtain_stats":[{"Darkstone Periapt":0,"Golden Idol":5,"CeramicFish":41,"Vajra":12,"Spirit Poop":38,"Eternal Feather":24,"Thread and Needle":26,"Bag of Preparation":44,"Letter Opener":30,"Bottled Tornado":48,"Cursed Key":0,"Du-Vu Doll":0,"OrangePellets":46,"Centennial Puzzle":6,"DataDisk":21,"Nunchaku":28,"Sundial":8,"Pandora\u0027s Box":17,"Philosopher\u0027s Stone":34,"Art of War":9,"Nloth\u0027s Gift":19,"Symbiotic Virus":22,"Meat on the Bone":43},{"Darkstone Periapt":0,"Golden Idol":2,"CeramicFish":24,"Vajra":7,"Spirit Poop":22,"Eternal Feather":15,"Thread and Needle":15,"Bag of Preparation":26,"Letter Opener":18,"Bottled Tornado":29,"Cursed Key":0,"Du-Vu Doll":0,"OrangePellets":27,"Centennial Puzzle":3,"DataDisk":13,"Nunchaku":17,"Sundial":5,"Pandora\u0027s Box":10,"Philosopher\u0027s Stone":20,"Art of War":5,"Nloth\u0027s Gift":11,"Symbiotic Virus":14,"Meat on the Bone":25},{"Darkstone Periapt":0,"Golden Idol":5,"CeramicFish":95,"Vajra":22,"Spirit Poop":82,"Eternal Feather":58,"Thread and Needle":58,"Bag of Preparation":103,"Letter Opener":66,"Bottled Tornado":117,"Cursed Key":0,"Du-Vu Doll":0,"OrangePellets":105,"Centennial Puzzle":9,"DataDisk":47,"Nunchaku":63,"Sundial":16,"Pandora\u0027s Box":34,"Philosopher\u0027s Stone":77,"Art of War":16,"Nloth\u0027s Gift":38,"Symbiotic Virus":51,"Meat on the Bone":99}],"Meat on the Bone":0},"card_choices":[{"not_picked":["Rebound","Consume"],"picked":"Cold Snap","floor":1},{"not_picked":["Hologram","Coolheaded"],"picked":"Melter","floor":2},{"not_picked":["Barrage","Skim"],"picked":"Redo","floor":6},{"not_picked":["Rebound","Hologram"],"picked":"Cold Snap","floor":7},{"not_picked":["Heatsinks","Steam Power"],"picked":"Stack","floor":8},{"not_picked":["Double Energy","Rebound"],"picked":"Stack","floor":10},{"not_picked":["Streamline","BootSequence"],"picked":"Turbo","floor":11},{"not_picked":["Gash","Cold Snap"],"picked":"Capacitor","floor":13},{"not_picked":["Conserve Battery","Rip and Tear"],"picked":"Electrodynamics","floor":14},{"not_picked":["Amplify","Hyperbeam"],"picked":"Biased Cognition","floor":16},{"not_picked":["Beam Cell","Coolheaded"],"picked":"Consume","floor":18},{"not_picked":["Gash+1","Force Field"],"picked":"Echo Form","floor":20},{"not_picked":["Consume+1","Sunder"],"picked":"Core Surge","floor":21},{"not_picked":["Echo Form","Melter"],"picked":"Force Field","floor":22},{"not_picked":["Hello World","Hyperbeam"],"picked":"Seek","floor":24},{"not_picked":["Double Energy","Hologram"],"picked":"Barrage+1","floor":27},{"not_picked":["Hello World","Hologram"],"picked":"Melter+1","floor":28},{"not_picked":["Undo","Consume"],"picked":"Reinforced Body+1","floor":29},{"not_picked":["Leap+1","Genetic Algorithm"],"picked":"Hologram+1","floor":31},{"not_picked":["All For One","Rainbow"],"picked":"Core Surge","floor":33},{"not_picked":["FTL","Rebound"],"picked":"Doom and Gloom","floor":35},{"not_picked":["Compile Driver+1","Stack"],"picked":"Conserve Battery+1","floor":36},{"not_picked":["Compile Driver+1","Creative AI"],"picked":"BootSequence","floor":39},{"not_picked":["Stack","Coolheaded"],"picked":"Capacitor+1","floor":41},{"not_picked":["Scrape+1","Leap+1","Streamline+1"],"picked":"SKIP","floor":42},{"not_picked":["Recycle","Double Energy+1"],"picked":"Redo+1","floor":44},{"not_picked":["Storm+1","Capacitor"],"picked":"Glacier","floor":45},{"not_picked":["Beam Cell+1","Creative AI"],"picked":"Loop","floor":47},{"not_picked":["All For One","Cold Snap"],"picked":"Beam Cell+1","floor":48}],"player_experience":1577664,"relics_obtained":[{"floor":6,"key":"Centennial Puzzle"},{"floor":8,"key":"Sundial"},{"floor":9,"key":"Art of War"},{"floor":21,"key":"DataDisk"},{"floor":22,"key":"Symbiotic Virus"},{"floor":24,"key":"Eternal Feather"},{"floor":26,"key":"Thread and Needle"},{"floor":28,"key":"Nunchaku"},{"floor":41,"key":"CeramicFish"},{"floor":43,"key":"Meat on the Bone"},{"floor":44,"key":"Bag of Preparation"},{"floor":48,"key":"Bottled Tornado"}],"event_choices":[{"damage_healed":0,"gold_gain":0,"player_choice":"Upgraded","damage_taken":0,"max_hp_gain":0,"max_hp_loss":0,"event_name":"Upgrade Shrine","floor":3,"gold_loss":0,"cards_upgraded":["Melter"]},{"damage_healed":0,"gold_gain":0,"player_choice":"Take Wound","damage_taken":0,"relics_obtained":["Golden Idol"],"max_hp_gain":0,"max_hp_loss":0,"event_name":"Golden Idol","floor":5,"gold_loss":0,"cards_obtained":["Injury"]},{"damage_healed":0,"gold_gain":0,"player_choice":"Traded Relic","damage_taken":0,"relics_obtained":["Nloth\u0027s Gift"],"max_hp_gain":0,"max_hp_loss":0,"event_name":"N\u0027loth","floor":19,"relics_lost":["Pandora\u0027s Box"],"gold_loss":0},{"cards_removed":["Normality"],"damage_healed":0,"gold_gain":0,"player_choice":"Offered Curse","damage_taken":0,"relics_obtained":["Spirit Poop"],"max_hp_gain":0,"max_hp_loss":0,"event_name":"Bonfire Elementals","floor":38,"gold_loss":0}],"is_beta":false,"boss_relics":[{"not_picked":["Fusion Hammer","Busted Crown"],"picked":"Pandora\u0027s Box"},{"not_picked":["Snecko Eye","Black Star"],"picked":"Philosopher\u0027s Stone"}],"items_purged_floors":[],"is_endless":false,"potions_floor_spawned":[2,11,14,18,27,29,31,39,41,44],"ascension_level":0}}