{"host":"w3q5ijqu8eoknil3","time":1614393998,"event":{"mods":["AchievementEnabler","BaseMod","Block Reminder","Colored Map","Colored Powertips","Curses Come First","Dark Map","Minty Spire (QoL Compilation)","Quick Restart","Relic Stats","StSLib","ojb\u0027s Better Paths Mod","ojb\u0027s Info Mod","slay the spire mod where everything is the same but ironclad has a cowboy hat"],"gold_per_floor":[419,432,451,465,100,135,154,154,154,184,184,213,213,231,231,309,309,324,239,250,5,16,51,70,70,118,118,137,337,363,383,383,460,460,478,52,52,71,81,81,81],"floor_reached":40,"language":"ENG","playtime":2019,"items_purged":[],"score":928,"play_id":"d083b23e-c153-4bd5-a626-0be839a8db19","local_time":"20210227024638","is_ascension_mode":true,"campfire_choices":[{"floor":8.0,"key":"REST"},{"data":"Blade Dance","floor":15.0,"key":"SMITH"},{"data":"Blade Dance","floor":25.0,"key":"SMITH"},{"data":"Choke","floor":27.0,"key":"SMITH"},{"data":"Envenom","floor":32.0,"key":"SMITH"}],"circlet_count":0,"master_deck":["AscendersBane","Survivor","Neutralize","Blade Dance","All Out Attack","Dagger Spray","Bouncing Flask","Skewer","Masterful Stab","Footwork","Crippling Poison","Dagger Spray","Malaise","Blade Dance+1","Acrobatics+1","Bullet Time","Blur","Prepared","After Image","Finisher","Dagger Spray","Wraith Form v2","Storm of Steel+1","Skewer","Tools of the Trade","Poisoned Stab","Choke+1","Backstab+1","Infinite Blades","Blade Dance+1","Caltrops+1","Envenom+1","Storm of Steel","PiercingWail+1","Heel Hook+1","Night Terror+1","Parasite"],"relics":["Ring of the Snake","Old Coin","Orrery","Dead Branch","Ornamental Fan","Singing Bowl","Pantograph","Happy Flower","Pandora\u0027s Box","HornCleat","ClockworkSouvenir","Oddly Smooth Stone","War Paint","TungstenRod","Astrolabe","Chemical X","Question Card"],"acts_visited":["Exordium","TheCity","TheBeyond"],"potions_floor_usage":[],"damage_taken":[{"damage":4.0,"enemies":"Jaw Worm","floor":1.0,"turns":7.0},{"damage":7.0,"enemies":"Small Slimes","floor":2.0,"turns":4.0},{"damage":1.0,"enemies":"Cultist","floor":3.0,"turns":4.0},{"damage":11.0,"enemies":"Large Slime","floor":4.0,"turns":5.0},{"damage":8.0,"enemies":"Gremlin Nob","floor":6.0,"turns":3.0},{"damage":8.0,"enemies":"Red Slaver","floor":7.0,"turns":4.0},{"damage":11.0,"enemies":"3 Sentries","floor":10.0,"turns":6.0},{"damage":3.0,"enemies":"Gremlin Nob","floor":12.0,"turns":3.0},{"damage":2.0,"enemies":"Lots of Slimes","floor":14.0,"turns":2.0},{"damage":5.0,"enemies":"The Guardian","floor":16.0,"turns":12.0},{"damage":0.0,"enemies":"Chosen","floor":18.0,"turns":3.0},{"damage":0.0,"enemies":"Shell Parasite","floor":20.0,"turns":1.0},{"damage":4.0,"enemies":"Snake Plant","floor":22.0,"turns":4.0},{"damage":24.0,"enemies":"Gremlin Leader","floor":23.0,"turns":8.0},{"damage":0.0,"enemies":"Cultist and Chosen","floor":24.0,"turns":5.0},{"damage":6.0,"enemies":"Centurion and Healer","floor":28.0,"turns":2.0},{"damage":2.0,"enemies":"Book of Stabbing","floor":30.0,"turns":2.0},{"damage":0.0,"enemies":"3 Cultists","floor":31.0,"turns":4.0},{"damage":27.0,"enemies":"Automaton","floor":33.0,"turns":9.0},{"damage":18.0,"enemies":"3 Darklings","floor":35.0,"turns":5.0},{"damage":21.0,"enemies":"3 Shapes","floor":38.0,"turns":9.0},{"damage":11.0,"enemies":"Writhing Mass","floor":39.0,"turns":9.0},{"damage":18,"enemies":"Giant Head","floor":40,"turns":4}],"seed_played":"-429009233450836966","potions_obtained":[{"floor":3.0,"key":"LiquidBronze"},{"floor":6.0,"key":"Weak Potion"},{"floor":7.0,"key":"Poison Potion"},{"floor":10.0,"key":"EssenceOfSteel"},{"floor":22.0,"key":"ColorlessPotion"},{"floor":24.0,"key":"FearPotion"},{"floor":28.0,"key":"DistilledChaos"},{"floor":33.0,"key":"SpeedPotion"}],"is_trial":false,"path_per_floor":["M","M","M","M","$","E","M","R","T","E","?","E","?","M","R","B",null,"M","?","M","$","M","E","M","R","T","R","M","?","E","M","R","B",null,"M","$","?","M","M","E"],"character_chosen":"THE_SILENT","items_purchased":["Bouncing Flask","Skewer","Masterful Stab","Orrery","ClockworkSouvenir","Infinite Blades","Chemical X","Question Card"],"campfire_rested":1,"item_purchase_floors":[5,5,5,5,21,21,36,36],"current_hp_per_floor":[55,48,47,36,36,28,20,38,38,27,22,19,19,19,19,39,56,56,56,58,58,54,30,32,32,32,32,28,28,28,28,28,26,59,43,43,43,24,15,0,0],"gold":81,"neow_bonus":"ONE_RARE_RELIC","is_daily":false,"chose_seed":false,"campfire_upgraded":4,"win_rate":0.0,"timestamp":1614393998,"path_taken":["M","M","M","M","$","E","M","R","T","E","?","E","?","M","R","BOSS","M","?","M","$","M","E","M","R","T","R","M","?","E","M","R","BOSS","M","$","?","M","M","E"],"items_purchased_type":["Card","Card","Card","Relic","Relic","Card","Relic","Relic"],"build_version":"2020-12-22","purchased_purges":0,"victory":false,"max_hp_per_floor":[60,60,60,60,60,60,60,60,60,60,60,60,60,62,62,62,62,62,62,64,64,64,64,66,66,66,66,68,68,70,70,70,70,70,72,72,72,74,76,76,76],"relic_stats":{"Singing Bowl":16,"Happy Flower":[26],"counters":[23,115],"Dead Branch":[243],"Astrolabe":["PiercingWail","Heel Hook","Night Terror"],"War Paint":["Acrobatics","Storm of Steel"],"Question Card":3,"Ornamental Fan":[312],"Pantograph":50,"Pandora\u0027s Box":["Finisher","Dagger Spray","Wraith Form v2","Skewer","Storm of Steel","Skewer","Tools of the Trade","Poisoned Stab","Choke"],"Chemical X":[8],"obtain_stats":[{"Singing Bowl":10,"Happy Flower":12,"Dead Branch":6,"Astrolabe":34,"Oddly Smooth Stone":23,"War Paint":26,"Question Card":36,"Old Coin":0,"ClockworkSouvenir":21,"HornCleat":19,"Ornamental Fan":9,"Pantograph":11,"Orrery":5,"Pandora\u0027s Box":17,"Chemical X":36,"TungstenRod":30,"Ring of the Snake":0},{"Singing Bowl":7,"Happy Flower":8,"Dead Branch":5,"Astrolabe":19,"Oddly Smooth Stone":14,"War Paint":15,"Question Card":20,"Old Coin":0,"ClockworkSouvenir":12,"HornCleat":11,"Ornamental Fan":6,"Pantograph":7,"Orrery":4,"Pandora\u0027s Box":10,"Chemical X":20,"TungstenRod":17,"Ring of the Snake":0},{"Singing Bowl":33,"Happy Flower":36,"Dead Branch":23,"Astrolabe":88,"Oddly Smooth Stone":66,"War Paint":71,"Question Card":93,"Old Coin":0,"ClockworkSouvenir":54,"HornCleat":53,"Ornamental Fan":27,"Pantograph":33,"Orrery":20,"Pandora\u0027s Box":50,"Chemical X":93,"TungstenRod":75,"Ring of the Snake":0}],"TungstenRod":13,"Ring of the Snake":[46]},"card_choices":[{"not_picked":["Deflect","Flechettes"],"picked":"Dagger Spray","floor":1.0},{"not_picked":["Deflect","Backflip"],"picked":"Blade Dance","floor":2.0},{"not_picked":["Backflip","Prepared"],"picked":"All Out Attack","floor":3.0},{"not_picked":["Deflect","Cloak And Dagger"],"picked":"Dagger Spray","floor":4.0},{"not_picked":["Setup","Backflip"],"picked":"Footwork","floor":5.0},{"not_picked":["Outmaneuver","Poisoned Stab"],"picked":"Crippling Poison","floor":5.0},{"not_picked":["Dodge and Roll","Deflect"],"picked":"Dagger Spray","floor":5.0},{"not_picked":["Leg Sweep","Quick Slash"],"picked":"Masterful Stab","floor":5.0},{"not_picked":["Dash","Backflip"],"picked":"Malaise","floor":5.0},{"not_picked":["Choke","PiercingWail"],"picked":"Blade Dance","floor":6.0},{"not_picked":["Underhanded Strike","Slice"],"picked":"Acrobatics","floor":7.0},{"not_picked":["Expertise","Bane"],"picked":"Bullet Time","floor":10.0},{"not_picked":["All Out Attack","Accuracy"],"picked":"Blur","floor":12.0},{"not_picked":["Dodge and Roll","Dagger Throw","Underhanded Strike"],"picked":"Singing Bowl","floor":14.0},{"not_picked":["Phantasmal Killer","Doppelganger"],"picked":"After Image","floor":16.0},{"not_picked":["Backflip","Infinite Blades"],"picked":"Backstab+1","floor":18.0},{"not_picked":["Deflect","Setup","Poisoned Stab"],"picked":"Singing Bowl","floor":20.0},{"not_picked":["Poisoned Stab","Bane"],"picked":"Blade Dance","floor":22.0},{"not_picked":["Envenom","Cloak And Dagger+1"],"picked":"Caltrops+1","floor":23.0},{"not_picked":["Backstab","Poisoned Stab","Sucker Punch"],"picked":"Singing Bowl","floor":24.0},{"not_picked":["Backflip","Dagger Throw","Dagger Spray"],"picked":"Singing Bowl","floor":28.0},{"not_picked":["Backstab","Dodge and Roll","Acrobatics"],"picked":"Singing Bowl","floor":30.0},{"not_picked":["Finisher+1","Underhanded Strike"],"picked":"Envenom","floor":31.0},{"not_picked":["Corpse Explosion","Tools of the Trade"],"picked":"Storm of Steel","floor":33.0},{"not_picked":["Bane","Quick Slash","Prepared"],"picked":"Singing Bowl","floor":35.0},{"not_picked":["Eviscerate+1","Poisoned Stab","Prepared","Flying Knee"],"picked":"Singing Bowl","floor":38.0},{"not_picked":["Backflip+1","Quick Slash","Prepared","Escape Plan"],"picked":"Singing Bowl","floor":39}],"player_experience":1064055,"relics_obtained":[{"floor":6.0,"key":"Dead Branch"},{"floor":9.0,"key":"Ornamental Fan"},{"floor":10.0,"key":"Singing Bowl"},{"floor":12.0,"key":"Happy Flower"},{"floor":23.0,"key":"Oddly Smooth Stone"},{"floor":26.0,"key":"War Paint"},{"floor":30.0,"key":"TungstenRod"}],"event_choices":[{"damage_healed":0.0,"max_hp_gain":0.0,"max_hp_loss":0.0,"gold_gain":0.0,"event_name":"Scrap Ooze","player_choice":"Success","floor":11.0,"gold_loss":0.0,"damage_taken":5.0,"relics_obtained":["Pantograph"]},{"damage_healed":0.0,"max_hp_gain":0.0,"max_hp_loss":0.0,"gold_gain":0.0,"cards_transformed":["Strike_G"],"event_name":"Transmorgrifier","player_choice":"Transformed","floor":13.0,"gold_loss":0.0,"damage_taken":0.0,"cards_obtained":["Prepared"]},{"damage_healed":0.0,"max_hp_gain":0.0,"max_hp_loss":0.0,"gold_gain":0.0,"event_name":"Addict","player_choice":"Obtained Relic","floor":19.0,"gold_loss":85.0,"damage_taken":0.0,"relics_obtained":["HornCleat"]},{"damage_healed":0.0,"max_hp_gain":0.0,"max_hp_loss":0.0,"gold_gain":250.0,"event_name":"The Joust","player_choice":"Bet on Owner","floor":29.0,"gold_loss":50.0,"damage_taken":0.0},{"damage_healed":0.0,"max_hp_gain":0.0,"max_hp_loss":0.0,"gold_gain":0.0,"event_name":"SecretPortal","player_choice":"Ignored","floor":37.0,"gold_loss":0.0,"damage_taken":0.0}],"is_beta":false,"boss_relics":[{"not_picked":["Tiny House","Fusion Hammer"],"picked":"Pandora\u0027s Box"},{"not_picked":["Runic Pyramid","Sozu"],"picked":"Astrolabe"}],"items_purged_floors":[],"is_endless":false,"potions_floor_spawned":[3,6,7,10,22,24,28,33],"killed_by":"Giant Head","ascension_level":19}}