{"host":"gk5m6v7zec9neb0j","time":1614387704,"event":{"mods":["AchievementEnabler","AlwaysNeverKeys","BaseMod","BetterRewards","Block Reminder","Minty Spire (QoL Compilation)","RNG Fix","Rare Cards Sparkle","Relic Stats","StSLib"],"gold_per_floor":[110,124,139,62,62,62,106,106,133,158,173,196,20,59,59,180,180,199,199,220,239,239,239,93,106,106,106,131,164,164,202,202,327,327,341,36,49,10,10,41,41,79,79,98,114,114,114,134,134,134,134,134,61,100,100],"floor_reached":56,"language":"ENG","playtime":1997,"items_purged":["Strike_G","Strike_G","Strike_G","Strike_G+1"],"score":1882,"play_id":"58e8874f-6ac0-40c4-bb2b-cbddcde4dad7","local_time":"20210226200144","is_ascension_mode":false,"campfire_choices":[{"floor":6,"key":"REST"},{"data":"Neutralize","floor":8,"key":"SMITH"},{"floor":15,"key":"REST"},{"data":"Accuracy","floor":23,"key":"SMITH"},{"data":"Accuracy","floor":27,"key":"SMITH"},{"data":"Accuracy","floor":30,"key":"SMITH"},{"data":"Burst","floor":32,"key":"SMITH"},{"data":"Footwork","floor":47,"key":"SMITH"},{"data":"Panache","floor":49,"key":"SMITH"},{"data":"Footwork","floor":52,"key":"SMITH"}],"circlet_count":0,"master_deck":["Strike_G+1","Defend_G","Defend_G","Defend_G","Defend_G","Defend_G","Survivor","Neutralize+1","Cloak And Dagger","Blade Dance","Footwork","Panache+1","Cloak And Dagger","Blur","Footwork","Infinite Blades","Accuracy+1","Terror","Footwork","Deflect","Acrobatics","Adrenaline","Blade Dance+1","Accuracy+1","Blade Dance","Accuracy+1","Cloak And Dagger+1","Blur","Blur","Burst+1","Escape Plan","Footwork+1","Panache+1","Panache+1","Master of Strategy","Master of Strategy","Footwork+1","Footwork","After Image"],"relics":["Ring of the Snake","Omamori","Singing Bowl","Question Card","Golden Idol","Dream Catcher","Letter Opener","Cursed Key","Orrery","FossilizedHelix","Nunchaku","Whetstone","Sozu","Medical Kit","Pen Nib","Ornamental Fan","Darkstone Periapt","Gremlin Horn"],"acts_visited":["Exordium","TheCity","TheBeyond","TheEnding"],"potions_floor_usage":[29,34,55,55],"damage_taken":[{"damage":0,"enemies":"Cultist","floor":1,"turns":4},{"damage":0,"enemies":"2 Louse","floor":2,"turns":4},{"damage":0,"enemies":"Jaw Worm","floor":3,"turns":6},{"damage":14,"enemies":"3 Sentries","floor":7,"turns":9},{"damage":0,"enemies":"3 Louse","floor":10,"turns":2},{"damage":0,"enemies":"Exordium Wildlife","floor":11,"turns":3},{"damage":0,"enemies":"Large Slime","floor":12,"turns":4},{"damage":7,"enemies":"Gremlin Nob","floor":14,"turns":5},{"damage":0,"enemies":"Hexaghost","floor":16,"turns":8},{"damage":0,"enemies":"Shell Parasite","floor":18,"turns":5},{"damage":3,"enemies":"2 Thieves","floor":20,"turns":2},{"damage":13,"enemies":"Sentry and Sphere","floor":21,"turns":6},{"damage":2,"enemies":"Shelled Parasite and Fungi","floor":25,"turns":3},{"damage":0,"enemies":"Centurion and Healer","floor":28,"turns":3},{"damage":0,"enemies":"Gremlin Leader","floor":29,"turns":4},{"damage":0,"enemies":"Book of Stabbing","floor":31,"turns":4},{"damage":0,"enemies":"Collector","floor":33,"turns":5},{"damage":0,"enemies":"Orb Walker","floor":35,"turns":3},{"damage":0,"enemies":"3 Darklings","floor":37,"turns":3},{"damage":0,"enemies":"Giant Head","floor":40,"turns":6},{"damage":0,"enemies":"Reptomancer","floor":42,"turns":2},{"damage":0,"enemies":"Spire Growth","floor":44,"turns":4},{"damage":0,"enemies":"Jaw Worm Horde","floor":45,"turns":1},{"damage":0,"enemies":"Transient","floor":48,"turns":5},{"damage":0,"enemies":"Donu and Deca","floor":50,"turns":5},{"damage":4,"enemies":"Shield and Spear","floor":54,"turns":4},{"damage":58,"enemies":"The Heart","floor":55,"turns":9}],"seed_played":"-3941091312265592395","potions_obtained":[{"floor":7,"key":"SteroidPotion"},{"floor":11,"key":"EntropicBrew"},{"floor":16,"key":"SkillPotion"},{"floor":31,"key":"CunningPotion"}],"is_trial":false,"path_per_floor":["M","M","M","$","?","R","E","R","T","M","M","M","$","E","R","B",null,"M","?","M","M","?","R","$","M","T","R","M","E","R","E","R","B",null,"M","$","M","$","?","E","?","E","T","M","M","?","R","M","R","B",null,"R","$","E","B",null],"character_chosen":"THE_SILENT","items_purchased":["Omamori","Singing Bowl","Cloak And Dagger","Blade Dance","Footwork","Question Card","Panache","Cloak And Dagger","Accuracy","Acrobatics","Orrery","Medical Kit","Footwork","Footwork"],"campfire_rested":2,"item_purchase_floors":[0,0,0,0,0,0,0,0,4,13,24,36,38,53],"current_hp_per_floor":[28,28,28,28,28,47,33,33,33,33,33,35,35,30,52,52,71,71,71,70,59,59,59,59,57,57,57,57,59,59,59,59,61,79,79,79,81,81,81,83,73,75,75,77,79,79,79,79,79,79,89,89,89,85,42],"gold":100,"neow_bonus":"","is_daily":false,"chose_seed":false,"campfire_upgraded":8,"win_rate":0.0,"timestamp":1614387704,"path_taken":["M","M","M","$","?","R","E","R","T","?","M","M","$","E","R","BOSS","M","?","M","?","?","R","$","M","T","R","?","E","R","E","R","BOSS","M","$","M","$","?","E","?","E","T","M","M","?","R","?","R","BOSS","R","$","E","BOSS"],"items_purchased_type":["Relic","Relic","Card","Card","Card","Relic","Card","Card","Card","Card","Relic","Relic","Card","Card"],"build_version":"2020-12-22","purchased_purges":4,"victory":true,"max_hp_per_floor":[70,70,70,70,65,65,65,65,65,65,65,67,67,69,71,71,71,71,71,73,75,75,75,75,75,75,75,75,77,77,77,77,79,79,79,79,81,81,81,83,83,85,85,87,89,89,89,89,89,89,89,89,89,89,89],"relic_stats":{"Darkstone Periapt":0,"Singing Bowl":24,"Gremlin Horn":[0,0],"counters":[1109,5818],"Golden Idol":434,"Pen Nib":[9],"Letter Opener":[621],"Whetstone":["Strike_G","Strike_G"],"Question Card":61,"Cursed Key":2,"Medical Kit":[4],"Sozu":2,"Dream Catcher":1,"Nunchaku":[38],"Ornamental Fan":[76],"obtain_stats":[{"TwistedFunnel":0,"Spirit Poop":30,"Ginger":0,"Whetstone":11,"Bottled Tornado":43,"Boot":25,"Sling":0,"Old Coin":34,"Blood Vial":17,"Sundial":24,"MealTicket":31,"HandDrill":48,"Kunai":0,"Pear":28,"Blue Candle":54,"Velvet Choker":17,"Eternal Feather":54,"Tingsha":0,"Pen Nib":11,"Paper Crane":43,"Akabeko":3,"SlaversCollar":17,"MutagenicStrength":19,"Bird Faced Urn":38,"StrikeDummy":27,"Unceasing Top":46,"Ring of the Serpent":17,"Regal Pillow":9,"Lantern":45,"Torii":0,"Singing Bowl":43,"StoneCalendar":42,"Bag of Preparation":26,"Ancient Tea Set":4,"Cursed Key":17,"Smiling Mask":41,"Matryoshka":37,"Shovel":38,"WristBlade":34,"Ninja Scroll":0,"Toolbox":45,"WingedGreaves":17,"Chemical X":37,"InkBottle":54,"Ring of the Snake":0,"Potion Belt":9,"Lee\u0027s Waffle":48,"The Specimen":0,"Golden Idol":3,"Thread and Needle":45,"The Courier":26,"PreservedInsect":38,"Omamori":39,"Frozen Egg 2":43,"MawBank":45,"Ornamental Fan":0,"Bloody Idol":31,"Orrery":0,"Turnip":38,"Art of War":17,"Bottled Lightning":43,"Toy Ornithopter":27,"Ice Cream":7,"Calipers":13,"Tiny House":34,"Gremlin Horn":26,"Nilry\u0027s Codex":31,"CeramicFish":0,"HoveringKite":34,"Vajra":43,"Sozu":34,"Centennial Puzzle":6,"Lizard Tail":10,"HornCleat":43,"DollysMirror":4,"Strawberry":26,"Prayer Wheel":38,"Toxic Egg 2":28,"Girya":0,"Happy Flower":13,"Astrolabe":34,"Oddly Smooth Stone":0,"Letter Opener":53,"War Paint":43,"Question Card":48,"Du-Vu Doll":47,"OrangePellets":22,"Bottled Flame":25,"Shuriken":0,"Bronze Scales":10,"Molten Egg 2":9,"Black Star":17,"Meat on the Bone":17,"Pocketwatch":17,"Darkstone Periapt":23,"SacredBark":17,"Enchiridion":22,"Mango":43,"Snake Skull":54,"Juzu Bracelet":43,"Incense Burner":29,"Empty Cage":17,"PrismaticShard":53,"ClockworkSouvenir":20,"Frozen Eye":39,"Tough Bandages":25,"Nunchaku":31,"Dream Catcher":9,"Mummified Hand":30,"Pantograph":12,"Gambling Chip":0,"Tiny Chest":26,"Red Mask":47,"Orichalcum":26,"Odd Mushroom":12,"Medical Kit":37,"White Beast Statue":9,"Mercury Hourglass":54,"Peace Pipe":9,"Calling Bell":17,"Cauldron":53,"Strange Spoon":53,"Anchor":34,"CaptainsWheel":54,"Bag of Marbles":43,"Coffee Dripper":34,"Membership Card":36,"FossilizedHelix":0,"TungstenRod":26},{"TwistedFunnel":381,"Spirit Poop":819,"Ginger":97,"Whetstone":100,"Bottled Tornado":52,"Boot":640,"Sling":741,"Old Coin":338,"Blood Vial":129,"Sundial":44,"MealTicket":616,"HandDrill":491,"Kunai":31,"Pear":315,"Blue Candle":249,"Velvet Choker":784,"Eternal Feather":146,"Tingsha":274,"Pen Nib":356,"Paper Crane":322,"Akabeko":575,"SlaversCollar":231,"MutagenicStrength":156,"Bird Faced Urn":189,"StrikeDummy":17,"Unceasing Top":193,"Ring of the Serpent":388,"Regal Pillow":36,"Lantern":269,"Torii":31,"Singing Bowl":116,"StoneCalendar":217,"Bag of Preparation":366,"Ancient Tea Set":2,"Cursed Key":281,"Smiling Mask":452,"Matryoshka":137,"Shovel":594,"WristBlade":112,"Ninja Scroll":172,"Toolbox":675,"WingedGreaves":80,"Chemical X":22,"InkBottle":57,"Ring of the Snake":0,"Potion Belt":3,"Lee\u0027s Waffle":676,"The Specimen":274,"Golden Idol":2,"Thread and Needle":245,"The Courier":183,"PreservedInsect":240,"Omamori":189,"Frozen Egg 2":398,"MawBank":245,"Ornamental Fan":72,"Bloody Idol":161,"Orrery":58,"Turnip":116,"Art of War":80,"Bottled Lightning":24,"Toy Ornithopter":17,"Ice Cream":11,"Calipers":154,"Tiny House":984,"Gremlin Horn":480,"Nilry\u0027s Codex":925,"CeramicFish":172,"HoveringKite":21,"Vajra":91,"Sozu":136,"Centennial Puzzle":278,"Lizard Tail":329,"HornCleat":621,"DollysMirror":123,"Strawberry":107,"Prayer Wheel":138,"Toxic Egg 2":108,"Girya":250,"Happy Flower":12,"Astrolabe":86,"Oddly Smooth Stone":122,"Letter Opener":272,"War Paint":191,"Question Card":94,"Du-Vu Doll":540,"OrangePellets":754,"Bottled Flame":16,"Shuriken":97,"Bronze Scales":36,"Molten Egg 2":151,"Black Star":13,"Meat on the Bone":80,"Pocketwatch":129,"Darkstone Periapt":182,"SacredBark":360,"Enchiridion":68,"Mango":538,"Snake Skull":273,"Juzu Bracelet":141,"Incense Burner":560,"Empty Cage":103,"PrismaticShard":272,"ClockworkSouvenir":41,"Frozen Eye":877,"Tough Bandages":16,"Nunchaku":85,"Dream Catcher":355,"Mummified Hand":110,"Pantograph":11,"Gambling Chip":197,"Tiny Chest":16,"Red Mask":54,"Orichalcum":235,"Odd Mushroom":499,"Medical Kit":188,"White Beast Statue":11,"Mercury Hourglass":349,"Peace Pipe":62,"Calling Bell":80,"Cauldron":625,"Strange Spoon":739,"Anchor":338,"CaptainsWheel":349,"Bag of Marbles":267,"Coffee Dripper":848,"Membership Card":163,"FossilizedHelix":250,"TungstenRod":416},{"TwistedFunnel":2158,"Spirit Poop":4420,"Ginger":599,"Whetstone":611,"Bottled Tornado":309,"Boot":3447,"Sling":3991,"Old Coin":1918,"Blood Vial":722,"Sundial":249,"MealTicket":3304,"HandDrill":2775,"Kunai":183,"Pear":1796,"Blue Candle":1454,"Velvet Choker":4248,"Eternal Feather":781,"Tingsha":1567,"Pen Nib":2009,"Paper Crane":1834,"Akabeko":3135,"SlaversCollar":1359,"MutagenicStrength":843,"Bird Faced Urn":1121,"StrikeDummy":100,"Unceasing Top":1141,"Ring of the Serpent":2183,"Regal Pillow":206,"Lantern":1539,"Torii":183,"Singing Bowl":676,"StoneCalendar":1281,"Bag of Preparation":2061,"Ancient Tea Set":5,"Cursed Key":1617,"Smiling Mask":2575,"Matryoshka":750,"Shovel":3206,"WristBlade":661,"Ninja Scroll":996,"Toolbox":3633,"WingedGreaves":500,"Chemical X":129,"InkBottle":364,"Ring of the Snake":0,"Potion Belt":9,"Lee\u0027s Waffle":3638,"The Specimen":1567,"Golden Idol":5,"Thread and Needle":1436,"The Courier":1085,"PreservedInsect":1411,"Omamori":1121,"Frozen Egg 2":2226,"MawBank":1436,"Ornamental Fan":459,"Bloody Idol":873,"Orrery":367,"Turnip":676,"Art of War":500,"Bottled Lightning":139,"Toy Ornithopter":100,"Ice Cream":57,"Calipers":823,"Tiny House":5251,"Gremlin Horn":2719,"Nilry\u0027s Codex":4904,"CeramicFish":996,"HoveringKite":124,"Vajra":558,"Sozu":746,"Centennial Puzzle":1590,"Lizard Tail":1866,"HornCleat":3329,"DollysMirror":699,"Strawberry":637,"Prayer Wheel":755,"Toxic Egg 2":643,"Girya":1462,"Happy Flower":68,"Astrolabe":533,"Oddly Smooth Stone":696,"Letter Opener":1557,"War Paint":1131,"Question Card":574,"Du-Vu Doll":2986,"OrangePellets":4053,"Bottled Flame":94,"Shuriken":599,"Bronze Scales":206,"Molten Egg 2":801,"Black Star":79,"Meat on the Bone":500,"Pocketwatch":722,"Darkstone Periapt":1075,"SacredBark":2027,"Enchiridion":435,"Mango":2979,"Snake Skull":1562,"Juzu Bracelet":766,"Incense Burner":3065,"Empty Cage":621,"PrismaticShard":1557,"ClockworkSouvenir":234,"Frozen Eye":4692,"Tough Bandages":94,"Nunchaku":521,"Dream Catcher":2005,"Mummified Hand":652,"Pantograph":57,"Gambling Chip":1176,"Tiny Chest":94,"Red Mask":329,"Orichalcum":1384,"Odd Mushroom":2819,"Medical Kit":1117,"White Beast Statue":57,"Mercury Hourglass":1972,"Peace Pipe":387,"Calling Bell":500,"Cauldron":3355,"Strange Spoon":3981,"Anchor":1918,"CaptainsWheel":1972,"Bag of Marbles":1530,"Coffee Dripper":4530,"Membership Card":899,"FossilizedHelix":1462,"TungstenRod":2337}],"Ring of the Snake":[346]},"card_choices":[{"not_picked":["Poisoned Stab","Dodge and Roll","Outmaneuver"],"picked":"Blur","floor":1},{"not_picked":["Bane","Catalyst","Riddle With Holes"],"picked":"Footwork","floor":2},{"not_picked":["Sucker Punch","Storm of Steel","Skewer"],"picked":"Infinite Blades","floor":3},{"not_picked":["Eviscerate","Endless Agony","Malaise"],"picked":"Terror","floor":7},{"not_picked":["Escape Plan","Slice","Underhanded Strike"],"picked":"Footwork","floor":10},{"not_picked":["Well Laid Plans","PiercingWail","Calculated Gamble"],"picked":"Deflect","floor":11},{"not_picked":["Finisher","Quick Slash","Choke","Dagger Throw"],"picked":"Singing Bowl","floor":12},{"not_picked":["Caltrops","Footwork","PiercingWail","Acrobatics"],"picked":"Singing Bowl","floor":14},{"not_picked":["Bane","Prepared","Outmaneuver","Quick Slash"],"picked":"Singing Bowl","floor":15},{"not_picked":["Glass Knife","Bullet Time","Phantasmal Killer"],"picked":"Adrenaline","floor":16},{"not_picked":["Footwork","Catalyst+1","Deflect+1"],"picked":"Blade Dance+1","floor":18},{"not_picked":["Deadly Poison","Slice","Setup+1","Dagger Spray"],"picked":"Singing Bowl","floor":20},{"not_picked":["Backflip","Dagger Throw","Riddle With Holes","Bane+1"],"picked":"Singing Bowl","floor":21},{"not_picked":["PiercingWail","A Thousand Cuts","Riddle With Holes"],"picked":"Blade Dance","floor":24},{"not_picked":["Phantasmal Killer","Dagger Throw","Cloak And Dagger"],"picked":"Accuracy","floor":24},{"not_picked":["Tools of the Trade","Blade Dance","Masterful Stab"],"picked":"Cloak And Dagger+1","floor":24},{"not_picked":["Deadly Poison","Deflect","Eviscerate"],"picked":"Blur","floor":25},{"not_picked":["Footwork+1","Escape Plan","Backflip"],"picked":"Blur","floor":28},{"not_picked":["Deadly Poison","Riddle With Holes+1","Cloak And Dagger","Dagger Spray"],"picked":"Singing Bowl","floor":29},{"not_picked":["Sucker Punch+1","Expertise","Bane+1"],"picked":"Burst","floor":31},{"not_picked":["Glass Knife","Storm of Steel","Malaise","Unload"],"picked":"Singing Bowl","floor":33},{"not_picked":["Expertise+1","Dash","Dodge and Roll"],"picked":"Escape Plan","floor":35},{"not_picked":["Finisher+1","Dagger Throw","Prepared","Outmaneuver+1"],"picked":"Singing Bowl","floor":37},{"not_picked":["Dagger Spray+1","Setup+1","Blade Dance","Deadly Poison+1"],"picked":"Singing Bowl","floor":40},{"not_picked":["Madness","Master of Strategy","Finesse"],"picked":"Panache","floor":41},{"not_picked":["Impatience","Flash of Steel","Mayhem"],"picked":"Master of Strategy","floor":41},{"not_picked":["Bandage Up","Jack Of All Trades","Blind"],"picked":"Master of Strategy","floor":41},{"not_picked":["Bouncing Flask","Dodge and Roll","Expertise+1","Sucker Punch"],"picked":"Singing Bowl","floor":42},{"not_picked":["All Out Attack","Infinite Blades+1","Bane+1","Slice+1"],"picked":"Singing Bowl","floor":44},{"not_picked":["Quick Slash","Endless Agony","Outmaneuver+1","Cloak And Dagger+1"],"picked":"Singing Bowl","floor":45},{"not_picked":["Terror","Slice","Deadly Poison"],"picked":"Footwork","floor":48},{"not_picked":["Noxious Fumes","Blade Dance+1","Crippling Poison"],"picked":"After Image","floor":54}],"player_experience":871073,"relics_obtained":[{"floor":9,"key":"Dream Catcher"},{"floor":14,"key":"Letter Opener"},{"floor":26,"key":"FossilizedHelix"},{"floor":29,"key":"Nunchaku"},{"floor":31,"key":"Whetstone"},{"floor":40,"key":"Pen Nib"},{"floor":42,"key":"Ornamental Fan"},{"floor":43,"key":"Darkstone Periapt"},{"floor":54,"key":"Gremlin Horn"}],"event_choices":[{"damage_healed":0,"gold_gain":0,"player_choice":"Lose Max HP","damage_taken":0,"relics_obtained":["Golden Idol"],"max_hp_gain":0,"max_hp_loss":5,"event_name":"Golden Idol","floor":5,"gold_loss":0},{"damage_healed":0,"gold_gain":0,"player_choice":"Upgraded","damage_taken":0,"max_hp_gain":0,"max_hp_loss":0,"event_name":"Upgrade Shrine","floor":19,"gold_loss":0,"cards_upgraded":["Panache"]},{"damage_healed":0,"gold_gain":0,"player_choice":"Read","damage_taken":0,"max_hp_gain":0,"max_hp_loss":0,"event_name":"The Library","floor":22,"gold_loss":0,"cards_obtained":["Accuracy"]},{"damage_healed":0,"gold_gain":0,"player_choice":"Copied","damage_taken":0,"max_hp_gain":0,"max_hp_loss":0,"event_name":"Duplicator","floor":39,"gold_loss":0,"cards_obtained":["Panache"]},{"damage_healed":0,"gold_gain":0,"player_choice":"Memory 3","damage_taken":10,"max_hp_gain":0,"max_hp_loss":0,"event_name":"SensoryStone","floor":41,"gold_loss":0},{"damage_healed":0,"gold_gain":0,"player_choice":"Ignored","damage_taken":0,"max_hp_gain":0,"max_hp_loss":0,"event_name":"Tomb of Lord Red Mask","floor":46,"gold_loss":0}],"is_beta":false,"boss_relics":[{"not_picked":["Tiny House","Coffee Dripper"],"picked":"Cursed Key"},{"not_picked":["Ring of the Serpent","HoveringKite"],"picked":"Sozu"}],"items_purged_floors":[0,0,13,36],"is_endless":false,"potions_floor_spawned":[2,7,11,12,16,28,29,31,35,40,48,54],"ascension_level":0}}