{"host":"yc1vtvhulj0je9ln","time":1614437092,"event":{"mods":["AchievementEnabler","Act Like it!","BaseMod","Bestiary","Colored Powertips","Conspire","Downfall","Hallownest","Hermit","Highlight Path","Hubris","Infinite Spire","Minty Spire (QoL Compilation)","READ ME - Snecko Mod","Rare Cards Sparkle","Relic Stats","Replay The Spire","Shop Mod","StSLib","The Bug Knight","The Cursed","The Servant 0.9.4"],"gold_per_floor":[119,119,119,119,119,131,131,163,212,212,223,69,81,98,98,198,198,215,231,262,276,276,276,276],"floor_reached":23,"language":"ENG","playtime":2309,"items_purged":[],"score":266,"play_id":"b3cc1274-c9ed-4072-ba2f-1ac61721e8d1","local_time":"20210227084452","is_ascension_mode":false,"campfire_choices":[{"data":"Neutralize","floor":10,"key":"SMITH"},{"floor":15,"key":"REST"}],"circlet_count":0,"master_deck":["Strike_G","Strike_G","Strike_G","Strike_G","Defend_G","Defend_G","Defend_G","Defend_G","Defend_G","Survivor","Neutralize+1","Sucker Punch","Unload+1","Dagger Spray","Slice","Poisoned Stab","Deflect","Sucker Punch","Poison Darts","Underhanded Strike+1","Backstab","Atom Bomb","Predator","Strike_G","Strike_G","Strike_G","Strike_G","Defend_G","Defend_G","Defend_G","Defend_G","Defend_G","Survivor","Neutralize+1","Sucker Punch","Unload+1","Dagger Spray","Slice","Poisoned Stab","Deflect","Sucker Punch","Poison Darts","Underhanded Strike+1","Backstab","Atom Bomb","Predator"],"relics":["Ring of the Snake","Bag of Preparation","Pocketwatch","hubris:Towel","infinitespire:Satchel","Pet Ghost","Ancient Tea Set","hubris:GrandSneckoEye","Red Mask"],"acts_visited":["Exordium","TheCity"],"potions_floor_usage":[16,23,23],"damage_taken":[{"damage":4,"enemies":"conspire:RoseBush","floor":1,"turns":3},{"damage":1,"enemies":"Jaw Worm","floor":6,"turns":3},{"damage":0,"enemies":"HollowMod:MossKnight","floor":8,"turns":9},{"damage":0,"enemies":"2 Louse","floor":11,"turns":2},{"damage":1,"enemies":"Blue Slaver","floor":13,"turns":3},{"damage":10,"enemies":"conspire:2 RoseBushes","floor":14,"turns":3},{"damage":51,"enemies":"Slime Boss","floor":16,"turns":11},{"damage":3,"enemies":"Shell Parasite","floor":18,"turns":4},{"damage":2,"enemies":"Chosen","floor":19,"turns":3},{"damage":32,"enemies":"Masked Bandits","floor":20,"turns":5},{"damage":18,"enemies":"conspire:HollyBat","floor":21,"turns":5},{"damage":15,"enemies":"Nightmare","floor":23,"turns":5}],"seed_played":"-3751645554639201163","potions_obtained":[{"floor":6,"key":"LiquidMemories"},{"floor":18,"key":"sneckomod:MuddlingPotion"},{"floor":20,"key":"GamblersBrew"},{"floor":21,"key":"Block Potion"}],"is_trial":false,"path_per_floor":["M","?","$","?","?","M","$","E","T","R","M","$","M","M","R","B",null,"M","M","?","M","?","NM"],"character_chosen":"THE_SILENT","items_purchased":["Ancient Tea Set"],"campfire_rested":1,"item_purchase_floors":[12],"current_hp_per_floor":[66,66,66,63,63,62,62,62,62,62,62,62,61,51,70,19,70,67,65,33,15,15,0,0],"gold":276,"neow_bonus":"RANDOM_COMMON_RELIC","is_daily":false,"chose_seed":false,"campfire_upgraded":1,"win_rate":0.0,"timestamp":1614437092,"path_taken":["M","?","$","?","?","M","$","E","T","R","M","?","?","M","R","BOSS","M","M","?","M","?","NM"],"items_purchased_type":["Relic"],"build_version":"2020-12-22","purchased_purges":0,"victory":false,"max_hp_per_floor":[70,70,70,70,70,70,70,70,70,70,70,70,70,70,70,70,70,70,70,70,70,70,70,70],"relic_stats":{"counters":[12,56],"Bag of Preparation":[24],"obtain_stats":[{"infinitespire:Satchel":8,"Bag of Preparation":0,"hubris:GrandSneckoEye":17,"Red Mask":20,"hubris:Towel":5,"Ancient Tea Set":12,"Pet Ghost":9,"Ring of the Snake":0,"Pocketwatch":4},{"infinitespire:Satchel":3,"Bag of Preparation":0,"hubris:GrandSneckoEye":7,"Red Mask":10,"hubris:Towel":1,"Ancient Tea Set":4,"Pet Ghost":3,"Ring of the Snake":0,"Pocketwatch":1},{"infinitespire:Satchel":15,"Bag of Preparation":0,"hubris:GrandSneckoEye":34,"Red Mask":46,"hubris:Towel":3,"Ancient Tea Set":17,"Pet Ghost":15,"Ring of the Snake":0,"Pocketwatch":3}],"Ring of the Snake":[24],"Pocketwatch":[48]},"card_choices":[{"not_picked":["Flying Knee","Endless Agony"],"picked":"Sucker Punch","floor":1},{"not_picked":["Distraction","Deflect"],"picked":"Dagger Spray","floor":6},{"not_picked":["Outmaneuver","Bane"],"picked":"Slice","floor":8},{"not_picked":["Eviscerate","Dagger Spray"],"picked":"Poisoned Stab","floor":11},{"not_picked":["hubris:TrickCloak","Acrobatics"],"picked":"Deflect","floor":13},{"not_picked":["Acrobatics","Accuracy"],"picked":"Sucker Punch","floor":14},{"not_picked":["Replay:Bag of Tricks","Burst"],"picked":"Poison Darts","floor":16},{"not_picked":["PiercingWail","Accuracy+1"],"picked":"Underhanded Strike+1","floor":18},{"not_picked":["Blur","PiercingWail"],"picked":"Backstab","floor":19},{"not_picked":["Catalyst","PiercingWail"],"picked":"Atom Bomb","floor":20},{"not_picked":["hubris:TrickCloak+1","Accuracy+1"],"picked":"Predator","floor":21}],"player_experience":158346,"relics_obtained":[{"floor":8,"key":"infinitespire:Satchel"},{"floor":9,"key":"Pet Ghost"},{"floor":20,"key":"Red Mask"}],"event_choices":[{"damage_healed":0,"gold_gain":0,"player_choice":"Success","damage_taken":3,"relics_obtained":["Pocketwatch"],"max_hp_gain":0,"max_hp_loss":0,"event_name":"Scrap Ooze","floor":4,"gold_loss":0},{"damage_healed":0,"gold_gain":0,"player_choice":"Fought Bandits","damage_taken":0,"max_hp_gain":0,"max_hp_loss":0,"event_name":"Masked Bandits","floor":20,"gold_loss":0}],"is_beta":false,"boss_relics":[{"not_picked":["Cursed Key","Sozu"],"picked":"hubris:GrandSneckoEye"}],"items_purged_floors":[],"is_endless":false,"potions_floor_spawned":[6,18,20,21],"killed_by":"Nightmare","ascension_level":0}}