{"host":"3dgd3gfmqutz6web","time":1614410247,"event":{"mods":["Aspiration","BaseMod","BetterRewards","Dark Map","Downfall","Library of Ruina","Minty Spire (QoL Compilation)","Reliquary","Replay The Spire","Spikes Relics","StSLib"],"gold_per_floor":[117,117,134,134,149,180,34,45,72,100,100,113,113,148,148,148,148],"floor_reached":16,"language":"ENG","playtime":669,"items_purged":[],"score":186,"play_id":"90fd919e-47d1-4caf-9038-590f4402af79","local_time":"20210226231727","is_ascension_mode":true,"campfire_choices":[{"floor":11,"key":"REST"},{"floor":13,"key":"REST"},{"floor":15,"key":"REST"}],"circlet_count":0,"master_deck":["AscendersBane","Strike_R","Strike_R","Strike_R","Strike_R","Strike_R","Defend_R","Bash","Anger","ReplayTheSpireMod:Muscle Training","Storm of Steel","m_BronzeSurvivor","Corpse Explosion+1","Flame Barrier","Regret","ReplayTheSpireMod:Stacked","Fire Breathing","Rupture+1","Flex","Armaments","Evolve","Rage","Cleave","Combust"],"relics":["Burning Blood","reliquary:Aerogel","MawBank","aspiration:VileToxins","Boot","Gremlin Food"],"acts_visited":["Exordium"],"potions_floor_usage":[6,6,10],"damage_taken":[{"damage":0,"enemies":"Small Slimes","floor":1,"turns":3},{"damage":7,"enemies":"Cultist","floor":3,"turns":3},{"damage":9,"enemies":"2 Louse","floor":5,"turns":2},{"damage":27,"enemies":"Lagavulin","floor":6,"turns":5},{"damage":14,"enemies":"Looter","floor":8,"turns":4},{"damage":34,"enemies":"3 Sentries","floor":10,"turns":5},{"damage":0,"enemies":"2 Fungi Beasts","floor":12,"turns":3},{"damage":38,"enemies":"Lagavulin","floor":14,"turns":7},{"damage":65,"enemies":"Slime Boss","floor":16,"turns":7}],"seed_played":"390654799120806355","potions_obtained":[{"floor":3,"key":"Explosive Potion"},{"floor":5,"key":"hexamod:SoulburnPotion"},{"floor":6,"key":"Swift Potion"}],"is_trial":false,"path_per_floor":["M","?","M","?","M","E","$","M","T","E","R","M","R","E","R","B"],"character_chosen":"IRONCLAD","items_purchased":["Rupture+1","Flex","Armaments"],"campfire_rested":3,"item_purchase_floors":[7,7,7],"current_hp_per_floor":[78,78,77,77,74,53,53,45,45,17,41,47,71,39,63,0,0],"gold":148,"neow_bonus":"THREE_CARDS","is_daily":false,"chose_seed":false,"campfire_upgraded":0,"win_rate":0.0,"timestamp":1614410247,"path_taken":["M","?","?","?","M","E","$","M","T","E","R","M","R","E","R","BOSS"],"items_purchased_type":["Card","Card","Card"],"build_version":"2020-12-22","purchased_purges":0,"victory":false,"max_hp_per_floor":[80,80,80,80,80,80,80,80,80,80,80,80,80,80,80,80,80],"card_choices":[{"not_picked":["Clothesline","Shrug It Off"],"picked":"Anger","floor":0},{"not_picked":["Twin Strike","True Grit"],"picked":"ReplayTheSpireMod:Muscle Training","floor":1},{"not_picked":["Defy Death","Sever Soul"],"picked":"Flame Barrier","floor":3},{"not_picked":["Clothesline","Headbutt"],"picked":"ReplayTheSpireMod:Stacked","floor":5},{"not_picked":["Evolve","Iron Wave"],"picked":"Fire Breathing","floor":6},{"not_picked":["Havoc","Armaments"],"picked":"Evolve","floor":8},{"not_picked":["Armaments","Sever Soul"],"picked":"Rage","floor":10},{"not_picked":["Replay:Many Hands","ReplayTheSpireMod:Strike From Hell"],"picked":"Cleave","floor":12},{"not_picked":["Fire Breathing","ReplayTheSpireMod:Muscle Training"],"picked":"Combust","floor":14}],"player_experience":260039,"relics_obtained":[{"floor":6,"key":"MawBank"},{"floor":9,"key":"aspiration:VileToxins"},{"floor":10,"key":"Boot"},{"floor":14,"key":"Gremlin Food"}],"event_choices":[{"damage_healed":0,"gold_gain":0,"player_choice":"Box","damage_taken":0,"relics_obtained":["reliquary:Aerogel"],"max_hp_gain":0,"max_hp_loss":0,"event_name":"Big Fish","floor":4,"gold_loss":0,"cards_obtained":["Regret"]}],"is_beta":false,"boss_relics":[],"items_purged_floors":[],"is_endless":false,"potions_floor_spawned":[3,5,6],"killed_by":"Slime Boss","ascension_level":11}}