{"host":"dn6kke80v5f7isus","time":1614453029,"event":{"mods":["AchievementEnabler","Act Like it!","Bard","BaseMod","Colored Powertips","Custom Start","Defuse TimeMaze Blight","Energized Spire","Gremlin Skip","Highlight Path","Hubris","Infinite Spire","Marisa????????","Marked Mod","Minty Spire (QoL Compilation)","Quick Restart","Rare Cards Sparkle","Reliquary","Replay The Spire","StSLib","The Administrix","The Servant 0.9.4","Uncapped","Unceasing Turn Reminder"],"gold_per_floor":[118,151,166,166,181,208,208,208,235,21,59,69,69,69,69,176,176,193,193,193,220,220,254,278,294,294,294,313,9349,8982,9025,9025,9824,9824,9824,9340,9349,9349,9978,10670,11386,11436,11436,12197,13027,13027,13045,12576,12576,13501,13501,14393,14393,13781,14674,15641,15641,16660,16660,16660,15980,15980],"floor_reached":61,"language":"ENG","playtime":2347,"items_purged":[],"score":1159,"play_id":"43f7c5d5-8259-4148-a9e4-7e47c7e78d49","local_time":"20210227141029","is_ascension_mode":false,"campfire_choices":[{"floor":7.0,"key":"REST"},{"data":"Entrench","floor":13.0,"key":"SMITH"},{"floor":15.0,"key":"DIG"},{"floor":27.0,"key":"REST"},{"data":"Rupture","floor":32.0,"key":"SMITH"},{"data":"Exhume","floor":42.0,"key":"SMITH"},{"floor":46.0,"key":"REST"},{"data":"Dark Embrace","floor":49.0,"key":"SMITH"},{"data":"Cleave","floor":57,"key":"SMITH"},{"data":"Madness","floor":59,"key":"SMITH"}],"circlet_count":0,"master_deck":["Strike_R+1","Defend_R+1","Bash+1","Bloodletting+1","Fire Breathing+1","Feel No Pain+1","Seeing Red+1","Hemokinesis+1","Entrench+1","Replay:Many Hands+1","Intimidate+1","Fire Breathing+1","Replay:Many Hands+1","Reaper+1","Metallicize","Rupture+1","Exhume+1","infinitespire:Collect","infinitespire:Collect+1","ReplayTheSpireMod:Corrosion Curse+1","Seeing Red+1","hubris:SharpeningStone","Double Tap","Madness","Madness+1","Dark Embrace+1","Demonic Infusion+1","Disarm","Combust","Cleave+1","Exhume"],"relics":["Burning Blood","hubris:FunFungus","Charon\u0027s Ashes","CeramicFish","reliquary:FingerTrap","Magic Flower","HornCleat","Black Star","Nloth\u0027s Gift","hubris:FruitBowl","Dead Branch","hubris:EmptyBottle","Charon\u0027s Ashes","Replay:WaspNest","reliquary:Knoch","hubris:MobiusCoin","ReplayFunnel","reliquary:SilkGlove","Centennial Puzzle","Strange Spoon","Red Mask","infinitespire:EvilPickle","reliquary:Ember","Ring of Chaos","Replay:Multitool","hubris:Towel","Whetstone","reliquary:BallBearing","Bottled Flame","reliquary:IridiumChain","infinitespire:Beetle Shell","Chemical X","reliquary:Spinner","Orichalcum","CultistMask","reliquary:Buckler","infinitespire:WardingShard","Sling","Anchor","Tiny Chest","infinitespire:CheckeredPen","Toolbox"],"acts_visited":["Exordium","TheCity","TheBeyond","Exordium"],"potions_floor_usage":[50,50,52,52,58],"damage_taken":[{"damage":0.0,"enemies":"Small Slimes","floor":1.0,"turns":1.0},{"damage":0.0,"enemies":"Jaw Worm","floor":3.0,"turns":1.0},{"damage":0.0,"enemies":"Cultist","floor":5.0,"turns":1.0},{"damage":60.0,"enemies":"Gremlin Nob","floor":6.0,"turns":7.0},{"damage":19.0,"enemies":"3 Sentries","floor":11.0,"turns":5.0},{"damage":3.0,"enemies":"2 Fungi Beasts","floor":12.0,"turns":8.0},{"damage":22.0,"enemies":"Fading Forest","floor":16.0,"turns":11.0},{"damage":13.0,"enemies":"3 Byrds","floor":18.0,"turns":4.0},{"damage":0.0,"enemies":"2 Thieves","floor":21.0,"turns":2.0},{"damage":11.0,"enemies":"Nightmare","floor":23.0,"turns":6.0},{"damage":1.0,"enemies":"Snake Plant","floor":24.0,"turns":4.0},{"damage":7.0,"enemies":"Centurion and Healer","floor":25.0,"turns":6.0},{"damage":5.0,"enemies":"Cultist and Chosen","floor":28.0,"turns":4.0},{"damage":2.0,"enemies":"Slavers","floor":29.0,"turns":3.0},{"damage":9.0,"enemies":"Masked Bandits","floor":31.0,"turns":4.0},{"damage":13.0,"enemies":"Pondfish","floor":33.0,"turns":8.0},{"damage":0.0,"enemies":"3 Darklings","floor":35.0,"turns":1.0},{"damage":0.0,"enemies":"Orb Walker","floor":39.0,"turns":2.0},{"damage":37.0,"enemies":"Nightmare","floor":40.0,"turns":5.0},{"damage":10.0,"enemies":"Writhing Mass","floor":41.0,"turns":3.0},{"damage":0.0,"enemies":"3 Darklings","floor":44.0,"turns":1.0},{"damage":45.0,"enemies":"Nemesis","floor":45.0,"turns":3.0},{"damage":15,"enemies":"Time Eater","floor":50,"turns":8},{"damage":10,"enemies":"Jaw Worm","floor":52,"turns":2},{"damage":0,"enemies":"Cultist","floor":55,"turns":2},{"damage":10,"enemies":"2 Louse","floor":56,"turns":2},{"damage":0,"enemies":"Lots of Slimes","floor":58,"turns":1}],"seed_played":"6329415569511031417","potions_obtained":[{"floor":3.0,"key":"Energy Potion"},{"floor":11.0,"key":"Weak Potion"},{"floor":16.0,"key":"FearPotion"},{"floor":21.0,"key":"infinitespire:BlackPotion"},{"floor":23.0,"key":"EssenceOfSteel"},{"floor":24.0,"key":"SpeedPotion"},{"floor":28.0,"key":"SmokeBomb"},{"floor":29.0,"key":"Swift Potion"},{"floor":33.0,"key":"LifebloodPotion"},{"floor":45.0,"key":"Languid Potion"},{"floor":50,"key":"SteroidPotion"},{"floor":56,"key":"LiquidMemories"}],"is_trial":false,"path_per_floor":["M","?","M","?","M","E","R","?","T","$","E","M","R","T","R","B",null,"M","?","$","M","?","NM","M","M","T","R","M","E","$","?","R","B",null,"M","?","AVR","?","M","NM","M","R","T","M","E","R","?","$","R","B",null,"M","?","$","M","M","R","M","R","T","$"],"character_chosen":"IRONCLAD","items_purchased":["reliquary:FingerTrap","Hemokinesis","hubris:FruitBowl","Dead Branch","hubris:EmptyBottle","reliquary:SculptingSteel","EntropicBrew","Centennial Puzzle","Strange Spoon","Metallicize","Chemical X","reliquary:Spinner","Orichalcum","Dark Embrace","reliquary:Buckler","infinitespire:WardingShard","Sling","Combust","Tiny Chest","infinitespire:CheckeredPen","Exhume","Toolbox"],"campfire_rested":3,"item_purchase_floors":[10,10,20,20,20,20,20,30,30,30,48,48,48,48,54,54,54,54,61,61,61,61],"current_hp_per_floor":[80,60,66,66,72,21,45,45,45,45,34,51,51,51,51,76,80,76,76,4,16,16,14,22,28,28,52,56,150,150,150,150,150,150,150,150,150,150,150,124,123,123,123,132,96,141,122,122,122,133,150,149,149,149,150,149,149,150,150,150,150,150],"gold":15980,"neow_bonus":"THREE_ENEMY_KILL","is_daily":false,"chose_seed":false,"campfire_upgraded":6,"win_rate":0.0,"timestamp":1614453029,"path_taken":["M","?","M","?","?","E","R","?","T","$","E","M","R","?","R","BOSS","M","?","?","M","?","NM","M","?","T","R","M","E","$","?","R","BOSS","M","?","AVR","?","M","NM","M","R","T","?","E","R","?","$","R","BOSS","M","?","$","M","M","R","?","R","T","$"],"items_purchased_type":["Relic","Card","Relic","Relic","Relic","Relic","Potion","Relic","Relic","Card","Relic","Relic","Relic","Card","Relic","Relic","Relic","Card","Relic","Relic","Card","Relic"],"build_version":"2020-12-22","purchased_purges":0,"victory":false,"max_hp_per_floor":[80,80,80,80,80,80,80,80,80,80,80,80,80,80,80,80,80,80,80,80,80,80,80,80,80,80,80,80,150,150,150,150,150,150,150,150,150,150,150,150,150,150,150,150,150,150,150,150,150,150,150,150,150,150,150,150,150,150,150,150,150,150],"card_choices":[{"not_picked":["Armaments","True Grit"],"picked":"Bloodletting","floor":1.0},{"not_picked":["Run Through","Flex"],"picked":"Fire Breathing","floor":2.0},{"not_picked":["ReplayTheSpireMod:Stacked","Power Through"],"picked":"Feel No Pain","floor":3.0},{"not_picked":["Blood for Blood","Rage","Abandon"],"picked":"SKIP","floor":5.0},{"not_picked":["Warcry","Intimidate"],"picked":"Seeing Red","floor":6.0},{"not_picked":["Clothesline","hubris:ReadiedAction"],"picked":"Entrench","floor":11.0},{"not_picked":["Havoc","Iron Wave","Body Slam"],"picked":"SKIP","floor":12.0},{"not_picked":["Immolate","hubris:StunningStrike"],"picked":"Replay:Many Hands","floor":16.0},{"not_picked":["Headbutt","hubris:CleavingFinish","Wild Strike"],"picked":"SKIP","floor":18.0},{"not_picked":["Clothesline","Bludgeon"],"picked":"Intimidate+1","floor":21.0},{"not_picked":["True Grit","Armaments","Heavy Blade"],"picked":"SKIP","floor":23.0},{"not_picked":["Twin Strike","Demon Form"],"picked":"Fire Breathing","floor":24.0},{"not_picked":["Armaments","Headbutt","Clothesline"],"picked":"SKIP","floor":25.0},{"not_picked":["Carnage","Pommel Strike"],"picked":"Replay:Many Hands","floor":28.0},{"not_picked":["Impervious","Thunderclap+1"],"picked":"Reaper","floor":29.0},{"not_picked":["Clash","Anger+1"],"picked":"Rupture","floor":31.0},{"not_picked":["Fiend Fire","Eclipse"],"picked":"Exhume","floor":33.0},{"not_picked":["infinitespire:Punishment","infinitespire:Execution"],"picked":"infinitespire:Collect","floor":36.0},{"not_picked":["Cleave","Shrug It Off"],"picked":"ReplayTheSpireMod:Corrosion Curse+1","floor":39.0},{"not_picked":["Iron Wave","Bludgeon"],"picked":"Seeing Red+1","floor":40.0},{"not_picked":["Replay:Undeath\u0027s Touch","Havoc"],"picked":"hubris:SharpeningStone","floor":41.0},{"not_picked":["True Grit","Wild Strike","Blood for Blood+1"],"picked":"SKIP","floor":44.0},{"not_picked":["Heavy Blade","Sword Boomerang+1"],"picked":"Double Tap","floor":45.0},{"not_picked":["Replay:Many Hands","Hemogenesis"],"picked":"Demonic Infusion","floor":50},{"not_picked":["Corruption","Shrug It Off"],"picked":"Disarm","floor":52},{"not_picked":["Cleave","Sword Boomerang","Power Through"],"picked":"SKIP","floor":55},{"not_picked":["Inflame","Flame Barrier"],"picked":"Cleave","floor":56},{"not_picked":["ReplayReversal","Clash","Cleave"],"picked":"SKIP","floor":58}],"player_experience":328242,"relics_obtained":[{"floor":2.0,"key":"hubris:FunFungus"},{"floor":6.0,"key":"Charon\u0027s Ashes"},{"floor":9.0,"key":"CeramicFish"},{"floor":11.0,"key":"Magic Flower"},{"floor":15.0,"key":"HornCleat"},{"floor":23.0,"key":"Replay:WaspNest"},{"floor":23.0,"key":"reliquary:Knoch"},{"floor":26.0,"key":"hubris:MobiusCoin"},{"floor":29.0,"key":"ReplayFunnel"},{"floor":29.0,"key":"reliquary:SilkGlove"},{"floor":31.0,"key":"Red Mask"},{"floor":40.0,"key":"Whetstone"},{"floor":40.0,"key":"reliquary:BallBearing"},{"floor":43.0,"key":"Bottled Flame"},{"floor":45.0,"key":"reliquary:IridiumChain"},{"floor":45.0,"key":"infinitespire:Beetle Shell"},{"floor":60,"key":"Anchor"}],"event_choices":[{"damage_healed":0.0,"max_hp_gain":0.0,"max_hp_loss":0.0,"gold_gain":0.0,"event_name":"Upgrade Shrine","player_choice":"Upgraded","floor":4.0,"gold_loss":0.0,"damage_taken":0.0,"cards_upgraded":["Bash"]},{"damage_healed":0.0,"max_hp_gain":0.0,"max_hp_loss":0.0,"gold_gain":0.0,"event_name":"N\u0027loth","player_choice":"Traded Relic","floor":19.0,"relics_lost":["NeowsBlessing"],"gold_loss":0.0,"damage_taken":0.0,"relics_obtained":["Nloth\u0027s Gift"]},{"cards_removed":["Strike_R"],"damage_healed":0.0,"max_hp_gain":0.0,"max_hp_loss":0.0,"gold_gain":0.0,"event_name":"Bonfire Elementals","player_choice":"Offered Basic","floor":22.0,"gold_loss":0.0,"damage_taken":0.0},{"damage_healed":0.0,"max_hp_gain":0.0,"max_hp_loss":0.0,"gold_gain":0.0,"event_name":"Masked Bandits","player_choice":"Fought Bandits","floor":31.0,"gold_loss":0.0,"damage_taken":0.0},{"damage_healed":0.0,"max_hp_gain":0.0,"max_hp_loss":0.0,"gold_gain":0.0,"event_name":"Winding Halls","player_choice":"Embrace Madness","floor":47.0,"gold_loss":0.0,"damage_taken":19.0,"cards_obtained":["Madness","Madness"]},{"damage_healed":0,"gold_gain":0,"player_choice":"Trade","damage_taken":0,"relics_obtained":["CultistMask"],"max_hp_gain":0,"max_hp_loss":0,"event_name":"FaceTrader","floor":53,"gold_loss":0}],"is_beta":false,"boss_relics":[{"not_picked":["ReplayTheSpireMod:DimensionalGlitch","ChewingGum"],"picked":"Black Star"},{"not_picked":["ReplayTheSpireMod:SealedPack","Mark of Pain"],"picked":"reliquary:Ember"},{"not_picked":["reliquary:Craggleroot","hubris:VirtuousBlindfold","reliquary:KinkedSpring"]}],"items_purged_floors":[],"is_endless":true,"potions_floor_spawned":[3,11,16,21,23,24,28,29,33,39,44,45,50,56],"ascension_level":0}}