{"host":"xdbac5uiks898er5","time":1614422424,"event":{"mods":["2.2 Compatiblity","BaseMod","Become a monster ???","Lobotomy","LobotomyExtend","Minty Spire (QoL Compilation)","Spire Arcade","StSLib","SuperFastMode","Unknown Chances"],"gold_per_floor":[112,125,125,125,190,190,225,225,301,74,109,109,3,3,3,3,3],"floor_reached":16,"language":"ENG","playtime":318,"items_purged":[],"score":106,"play_id":"995dfd62-d237-479c-b72b-0b08dc2cba14","local_time":"20210227114024","is_ascension_mode":false,"campfire_choices":[{"data":"Spot Weakness","floor":6,"key":"SMITH"},{"floor":8,"key":"REST"},{"data":"True Grit","floor":12,"key":"SMITH"},{"data":"Rupture","floor":15,"key":"SMITH"}],"circlet_count":0,"master_deck":["Strike_R","Strike_R","Strike_R","Strike_R","Strike_R","Defend_R","Defend_R","Defend_R","Defend_R","Bash","UniverseFragment","Spot Weakness+1","Cleave","HeroicMonk","Disarm","Variant","Rupture+1","Rupture+1","True Grit+1"],"relics":["Burning Blood","CogitoBucket","LetterFromLob","SsserpentHead","Bag of Marbles","Frozen Egg 2","Lee\u0027s Waffle","Incense Burner","Membership Card"],"acts_visited":["Exordium"],"potions_floor_usage":[],"damage_taken":[{"damage":2,"enemies":"2 Louse","floor":1,"turns":4},{"damage":6,"enemies":"Jaw Worm","floor":2,"turns":4},{"damage":9,"enemies":"Cultist","floor":5,"turns":4},{"damage":66,"enemies":"Lagavulin","floor":7,"turns":8},{"damage":37,"enemies":"3 Sentries","floor":11,"turns":7},{"damage":60,"enemies":"Slime Boss","floor":16,"turns":7}],"seed_played":"5624173653035314714","potions_obtained":[{"floor":2,"key":"Weak Potion"},{"floor":7,"key":"CultistPotion"}],"is_trial":false,"path_per_floor":["M","M","?","?","M","R","E","R","T","$","E","R","$","M","R","B"],"character_chosen":"IRONCLAD","items_purchased":["Rupture+1","Lee\u0027s Waffle","Membership Card"],"campfire_rested":1,"item_purchase_floors":[10,10,13],"current_hp_per_floor":[80,80,80,80,77,77,17,41,41,87,56,56,56,56,56,0,0],"gold":3,"neow_bonus":"","is_daily":false,"chose_seed":false,"campfire_upgraded":3,"win_rate":0.0,"timestamp":1614422424,"path_taken":["M","M","?","?","?","R","E","R","T","$","E","R","?","M","R","BOSS"],"items_purchased_type":["Card","Relic","Relic"],"build_version":"2020-12-22","purchased_purges":0,"victory":false,"max_hp_per_floor":[80,80,80,80,80,80,80,80,80,87,87,87,87,87,87,87,87],"card_choices":[{"not_picked":["Bloodbath","PunishingBird"],"picked":"UniverseFragment","floor":1},{"not_picked":["Warcry","Wild Strike"],"picked":"Spot Weakness","floor":1},{"not_picked":["Seeing Red","Armaments"],"picked":"Cleave","floor":2},{"not_picked":["SpiderBud","OSAHOGD"],"picked":"HeroicMonk","floor":5},{"not_picked":["Hemokinesis","Warcry"],"picked":"Disarm","floor":5},{"not_picked":["Bloodbath","NakedNest"],"picked":"Variant","floor":7},{"not_picked":["Thunderclap","Hemokinesis"],"picked":"Rupture","floor":7},{"not_picked":["True Grit","Fire Breathing+1","Flex"],"picked":"SKIP","floor":11},{"not_picked":["Fire Breathing+1","Flex"],"picked":"True Grit","floor":11}],"player_experience":6649,"relics_obtained":[{"floor":1,"key":"LetterFromLob"},{"floor":7,"key":"Bag of Marbles"},{"floor":9,"key":"Frozen Egg 2"},{"floor":11,"key":"Incense Burner"}],"event_choices":[{"damage_healed":0,"gold_gain":0,"player_choice":"Trade","damage_taken":0,"relics_obtained":["SsserpentHead"],"max_hp_gain":0,"max_hp_loss":0,"event_name":"FaceTrader","floor":4,"gold_loss":0}],"is_beta":false,"boss_relics":[],"items_purged_floors":[],"is_endless":false,"potions_floor_spawned":[2,7],"killed_by":"Slime Boss","ascension_level":0}}