{"host":"2j7k79oxv8es4yqd","time":1614403057,"event":{"mods":["BaseMod","Emptier Cage","Minty Spire (QoL Compilation)","Permanent Neow","Ryuuou¡˙Õı","StSLib"],"gold_per_floor":[115,115,115,115,115,115,129,142,142,178,178,55,94,44,44,174,174,199,124,124,139,154,154,195,195,195,51,84,84,84],"floor_reached":29,"language":"ZHT","playtime":1140,"items_purged":["Defend_G"],"score":401,"play_id":"7f2dd700-8d31-465b-844d-0c48214ec6bb","local_time":"20210227131737","is_ascension_mode":true,"campfire_choices":[{"floor":6,"key":"REST"},{"floor":11,"key":"REST"},{"floor":15,"key":"REST"},{"data":"Phantasmal Killer","floor":23,"key":"SMITH"},{"data":"Cloak And Dagger","floor":25,"key":"SMITH"}],"circlet_count":0,"master_deck":["AscendersBane","Strike_G","Strike_G","Strike_G+1","Strike_G","Strike_G","Defend_G","Defend_G+1","Survivor","Neutralize","Dagger Spray","Backflip","Backflip","Phantasmal Killer+1","Calculated Gamble","Night Terror","Cloak And Dagger+1","Calculated Gamble"],"relics":["SacredBark","StrikeDummy","Golden Idol","Kunai","Dead Branch","Turnip","Black Star","Vajra","Regal Pillow","Oddly Smooth Stone","Matryoshka","Sundial"],"acts_visited":["Exordium","TheCity"],"potions_floor_usage":[13,16,21,22,24],"damage_taken":[{"damage":0,"enemies":"Small Slimes","floor":1,"turns":4},{"damage":0,"enemies":"Jaw Worm","floor":7,"turns":3},{"damage":0,"enemies":"Cultist","floor":8,"turns":4},{"damage":25,"enemies":"Gremlin Nob","floor":10,"turns":5},{"damage":7,"enemies":"3 Sentries","floor":13,"turns":4},{"damage":27,"enemies":"Slime Boss","floor":16,"turns":9},{"damage":0,"enemies":"3 Byrds","floor":18,"turns":5},{"damage":4,"enemies":"Shell Parasite","floor":21,"turns":3},{"damage":9,"enemies":"Chosen and Byrds","floor":22,"turns":4},{"damage":3,"enemies":"Slavers","floor":24,"turns":2},{"damage":40,"enemies":"Book of Stabbing","floor":28,"turns":7},{"damage":5,"enemies":"Snake Plant","floor":29,"turns":2}],"seed_played":"7605524220750654107","potions_obtained":[{"floor":1,"key":"Explosive Potion"},{"floor":13,"key":"Poison Potion"},{"floor":18,"key":"Fire Potion"},{"floor":28,"key":"Fire Potion"}],"is_trial":false,"path_per_floor":["M","?","?","?","?","R","M","M","T","E","R","$","E","?","R","B",null,"M","$","?","M","M","R","E","R","T","$","E","M"],"character_chosen":"THE_SILENT","items_purchased":["Strength Potion","DistilledChaos","Oddly Smooth Stone"],"campfire_rested":3,"item_purchase_floors":[12,12,27],"current_hp_per_floor":[63,51,37,20,20,41,41,41,41,16,37,37,30,30,51,24,59,59,59,59,55,46,46,43,43,43,43,3,0,0],"gold":84,"neow_bonus":"BOSS_RELIC","is_daily":false,"chose_seed":false,"campfire_upgraded":2,"win_rate":0.0,"timestamp":1614403057,"path_taken":["M","?","?","?","?","R","?","M","T","E","R","$","E","?","R","BOSS","M","$","?","M","M","R","E","R","T","$","E","M"],"items_purchased_type":["Potion","Potion","Relic"],"build_version":"2020-12-22","purchased_purges":1,"victory":false,"max_hp_per_floor":[70,70,70,70,70,70,70,70,70,70,70,70,70,70,70,70,70,70,70,70,70,70,70,70,70,70,70,70,70,70],"card_choices":[{"not_picked":["Calculated Gamble","Sucker Punch"],"picked":"Dagger Spray","floor":1},{"not_picked":["Distraction","Dagger Throw"],"picked":"Backflip","floor":7},{"not_picked":["Underhanded Strike","Bouncing Flask","Backstab"],"picked":"SKIP","floor":8},{"not_picked":["Dagger Spray","Caltrops","Underhanded Strike"],"picked":"SKIP","floor":10},{"not_picked":["Tactician","Slice"],"picked":"Backflip","floor":13},{"not_picked":["Bullet Time","A Thousand Cuts"],"picked":"Phantasmal Killer","floor":16},{"not_picked":["Deflect","Poisoned Stab"],"picked":"Calculated Gamble","floor":18},{"not_picked":["Prepared","Choke","Eviscerate"],"picked":"SKIP","floor":21},{"not_picked":["Flying Knee","Well Laid Plans"],"picked":"Cloak And Dagger","floor":22},{"not_picked":["Dagger Spray","Flechettes+1"],"picked":"Calculated Gamble","floor":24},{"not_picked":["Footwork","Malaise","Caltrops+1"],"picked":"SKIP","floor":28}],"player_experience":606928,"relics_obtained":[{"floor":9,"key":"Kunai"},{"floor":10,"key":"Dead Branch"},{"floor":13,"key":"Turnip"},{"floor":24,"key":"Vajra"},{"floor":24,"key":"Regal Pillow"},{"floor":28,"key":"Matryoshka"},{"floor":28,"key":"Sundial"}],"event_choices":[{"damage_healed":0,"gold_gain":0,"player_choice":"Success","damage_taken":12,"relics_obtained":["StrikeDummy"],"max_hp_gain":0,"max_hp_loss":0,"event_name":"Scrap Ooze","floor":2,"gold_loss":0},{"damage_healed":0,"gold_gain":0,"player_choice":"Entered Light","damage_taken":14,"max_hp_gain":0,"max_hp_loss":0,"event_name":"Shining Light","floor":3,"gold_loss":0,"cards_upgraded":["Defend_G","Strike_G"]},{"damage_healed":0,"gold_gain":0,"player_choice":"Take Damage","damage_taken":17,"relics_obtained":["Golden Idol"],"max_hp_gain":0,"max_hp_loss":0,"event_name":"Golden Idol","floor":4,"gold_loss":0},{"damage_healed":0,"gold_gain":0,"player_choice":"Ignored","damage_taken":0,"max_hp_gain":0,"max_hp_loss":0,"event_name":"Liars Game","floor":5,"gold_loss":0},{"cards_removed":["Defend_G"],"damage_healed":0,"gold_gain":0,"player_choice":"Card Removal","damage_taken":0,"max_hp_gain":0,"max_hp_loss":0,"event_name":"The Cleric","floor":14,"gold_loss":50},{"damage_healed":0,"gold_gain":0,"cards_transformed":["Defend_G"],"player_choice":"Transformed","damage_taken":0,"max_hp_gain":0,"max_hp_loss":0,"event_name":"Transmorgrifier","floor":20,"gold_loss":0,"cards_obtained":["Night Terror"]}],"is_beta":false,"boss_relics":[{"not_picked":["Cursed Key","Fusion Hammer"],"picked":"Black Star"}],"items_purged_floors":[19],"is_endless":false,"potions_floor_spawned":[1,13,18,28],"killed_by":"Snake Plant","ascension_level":10}}