{"host":"szp1d6dso4pv7ddl","time":1614460301,"event":{"mods":["AchievementEnabler","Alarm Clock","BaseMod","Bestiary","Block Reminder","Colored Map","Colored Powertips","Curses Come First","Dark Map","Displayed Cursed Tome","Highlight Path","Minty Spire (QoL Compilation)","Permanent Neow","Quick Restart","Relic Sorter","Relic Stats","StSLib","Synergy Search"],"gold_per_floor":[114,114,114,126,73,73,406,406,406,178,195,211,211,211],"floor_reached":13,"language":"ENG","playtime":696,"items_purged":[],"score":154,"play_id":"9c3ea57b-2b99-4b09-b856-8dc9aead50bc","local_time":"20210227131141","is_ascension_mode":true,"campfire_choices":[{"floor":6,"key":"REST"},{"data":"Redo","floor":8,"key":"SMITH"}],"circlet_count":0,"master_deck":["AscendersBane","Strike_B","Strike_B","Strike_B+1","Defend_B","Defend_B","Defend_B","Defend_B","Zap+1","Dualcast","Turbo","Barrage","Steam Power","Cold Snap","Redo+1","Cold Snap"],"relics":["Cracked Core","Old Coin","Torii","Bronze Scales"],"acts_visited":["Exordium"],"potions_floor_usage":[7],"damage_taken":[{"damage":16,"enemies":"Small Slimes","floor":1,"turns":3},{"damage":2,"enemies":"2 Louse","floor":4,"turns":2},{"damage":11,"enemies":"Lagavulin","floor":7,"turns":7},{"damage":0,"enemies":"Cultist","floor":11,"turns":3},{"damage":8,"enemies":"Large Slime","floor":12,"turns":4},{"damage":27,"enemies":"3 Sentries","floor":13,"turns":3}],"seed_played":"-3803260061003041741","potions_obtained":[{"floor":4,"key":"BlessingOfTheForge"}],"is_trial":false,"path_per_floor":["M","?","?","M","?","R","E","R","T","$","M","M","E"],"character_chosen":"DEFECT","items_purchased":["Bronze Scales","Cold Snap"],"campfire_rested":1,"item_purchase_floors":[10,10],"current_hp_per_floor":[48,27,27,25,25,46,35,35,35,35,35,27,0,0],"gold":211,"neow_bonus":"THREE_CARDS","is_daily":false,"chose_seed":false,"campfire_upgraded":1,"win_rate":0.0,"timestamp":1614460301,"path_taken":["M","?","?","M","?","R","E","R","T","$","M","M","E"],"items_purchased_type":["Relic","Card"],"build_version":"2020-12-22","purchased_purges":0,"victory":false,"max_hp_per_floor":[71,71,71,71,71,71,71,71,71,71,71,71,71,71],"relic_stats":{"Torii":0,"counters":[6,22],"Bronze Scales":[18],"obtain_stats":[{"Torii":9,"Bronze Scales":10,"Cracked Core":0,"Old Coin":7},{"Torii":3,"Bronze Scales":3,"Cracked Core":0,"Old Coin":3},{"Torii":12,"Bronze Scales":12,"Cracked Core":0,"Old Coin":12}]},"card_choices":[{"not_picked":["Beam Cell","Go for the Eyes"],"picked":"Turbo","floor":0},{"not_picked":["Turbo","Consume"],"picked":"Barrage","floor":1},{"not_picked":["Storm","Consume"],"picked":"Cold Snap","floor":4},{"not_picked":["Beam Cell","Steam Power"],"picked":"Redo","floor":7},{"not_picked":["Gash","Sweeping Beam","Sunder"],"picked":"SKIP","floor":11},{"not_picked":["Steam","Redo","Reprogram"],"picked":"SKIP","floor":12}],"player_experience":1679192,"relics_obtained":[{"floor":7,"key":"Old Coin"},{"floor":9,"key":"Torii"}],"event_choices":[{"damage_healed":0,"gold_gain":0,"player_choice":"Entered Light","damage_taken":21,"max_hp_gain":0,"max_hp_loss":0,"event_name":"Shining Light","floor":2,"gold_loss":0,"cards_upgraded":["Zap","Strike_B"]},{"damage_healed":0,"gold_gain":0,"cards_transformed":["Strike_B"],"player_choice":"Change","damage_taken":0,"max_hp_gain":0,"max_hp_loss":0,"event_name":"Living Wall","floor":3,"gold_loss":0,"cards_obtained":["Steam Power"]},{"damage_healed":0,"gold_gain":0,"player_choice":"Left Gold","damage_taken":0,"max_hp_gain":0,"max_hp_loss":0,"event_name":"World of Goop","floor":5,"gold_loss":53}],"is_beta":false,"boss_relics":[],"items_purged_floors":[],"is_endless":false,"potions_floor_spawned":[4],"killed_by":"3 Sentries","ascension_level":17}}