{"host":"7vsti54a9aip3o1e","time":1614443189,"event":{"mods":["AchievementEnabler","BaseMod","Colored Map","Colored Powertips","Highlight Path","Minty Spire (QoL Compilation)","Quick Restart","Rare Cards Sparkle","SuperFastMode"],"gold_per_floor":[110,110,110,110,35,64,29,29,29,29,40,75,87,101,101,173,173,192,210,210,210],"floor_reached":20,"language":"ENG","playtime":580,"items_purged":["Strike_B"],"score":373,"play_id":"513e7c9e-2115-4ad1-ae0d-ba9e1e027dfe","local_time":"20210227112629","is_ascension_mode":true,"campfire_choices":[{"floor":15,"key":"REST"}],"circlet_count":0,"master_deck":["AscendersBane","Strike_B+1","Strike_B+1","Strike_B","Defend_B","Defend_B","Defend_B","Defend_B","Zap","Dualcast","Streamline+1","Go for the Eyes","Gash","Coolheaded","Cold Snap","Biased Cognition","Hologram"],"relics":["Cracked Core","NeowsBlessing","Vajra","Question Card","Centennial Puzzle","Inserter"],"acts_visited":["Exordium","TheCity"],"potions_floor_usage":[16,16],"damage_taken":[{"damage":0,"enemies":"Jaw Worm","floor":1,"turns":1},{"damage":0,"enemies":"3 Sentries","floor":6,"turns":1},{"damage":0,"enemies":"Small Slimes","floor":11,"turns":1},{"damage":18,"enemies":"Gremlin Nob","floor":12,"turns":3},{"damage":3,"enemies":"2 Louse","floor":13,"turns":2},{"damage":3,"enemies":"Blue Slaver","floor":14,"turns":2},{"damage":20,"enemies":"Slime Boss","floor":16,"turns":8},{"damage":7,"enemies":"Shell Parasite","floor":18,"turns":6},{"damage":33,"enemies":"3 Byrds","floor":19,"turns":9},{"damage":27,"enemies":"Snake Plant","floor":20,"turns":6}],"seed_played":"-8434103915305986767","potions_obtained":[{"floor":6,"key":"PotionOfCapacity"},{"floor":11,"key":"DistilledChaos"}],"is_trial":false,"path_per_floor":["M","?","$","?","$","E","?","$","T","?","M","E","M","M","R","B",null,"M","M","M"],"character_chosen":"DEFECT","items_purchased":[],"campfire_rested":1,"item_purchase_floors":[],"current_hp_per_floor":[64,43,43,43,43,43,60,60,60,60,60,42,39,36,57,37,63,56,23,0,0],"gold":210,"neow_bonus":"THREE_ENEMY_KILL","is_daily":false,"chose_seed":false,"campfire_upgraded":0,"win_rate":0.0,"timestamp":1614443189,"path_taken":["M","?","$","?","$","E","?","?","T","?","?","E","M","M","R","BOSS","M","M","M"],"items_purchased_type":[],"build_version":"2020-12-22","purchased_purges":1,"victory":false,"max_hp_per_floor":[71,71,71,71,71,71,71,71,71,71,71,71,71,71,71,71,71,71,71,71,71],"card_choices":[{"not_picked":["Go for the Eyes","Turbo"],"picked":"Streamline","floor":1},{"not_picked":["Stack","Conserve Battery"],"picked":"Go for the Eyes","floor":6},{"not_picked":["Hologram","Ball Lightning","Streamline"],"picked":"Gash","floor":11},{"not_picked":["Go for the Eyes","Reprogram","Sunder","Consume"],"picked":"SKIP","floor":12},{"not_picked":["Streamline","Ball Lightning","Hello World"],"picked":"Coolheaded","floor":13},{"not_picked":["Seek","Rebound","Turbo"],"picked":"Cold Snap","floor":14},{"not_picked":["Amplify","Machine Learning","Rainbow"],"picked":"Biased Cognition","floor":16},{"not_picked":["Streamline","Turbo","Melter","Ball Lightning+1"],"picked":"SKIP","floor":18},{"not_picked":["Coolheaded","Leap","Capacitor"],"picked":"Hologram","floor":19}],"player_experience":576047,"relics_obtained":[{"floor":6,"key":"Vajra"},{"floor":9,"key":"Question Card"},{"floor":12,"key":"Centennial Puzzle"}],"event_choices":[{"damage_healed":0,"gold_gain":0,"player_choice":"Entered Light","damage_taken":21,"max_hp_gain":0,"max_hp_loss":0,"event_name":"Shining Light","floor":2,"gold_loss":0,"cards_upgraded":["Strike_B","Strike_B"]},{"damage_healed":0,"gold_gain":0,"player_choice":"Grow","damage_taken":0,"max_hp_gain":0,"max_hp_loss":0,"event_name":"Living Wall","floor":4,"gold_loss":0,"cards_upgraded":["Streamline"]},{"damage_healed":17,"gold_gain":0,"player_choice":"Healed","damage_taken":0,"max_hp_gain":0,"max_hp_loss":0,"event_name":"The Cleric","floor":7,"gold_loss":35},{"damage_healed":0,"gold_gain":0,"player_choice":"Ignored","damage_taken":0,"max_hp_gain":0,"max_hp_loss":0,"event_name":"Transmorgrifier","floor":10,"gold_loss":0}],"is_beta":false,"boss_relics":[{"not_picked":["Philosopher\u0027s Stone","Empty Cage"],"picked":"Inserter"}],"items_purged_floors":[5],"is_endless":false,"potions_floor_spawned":[6,11,12],"killed_by":"Snake Plant","ascension_level":16}}