{"host":"en4narc5947t7k9n","time":1614435846,"event":{"mods":["AchievementEnabler","BaseMod","Colored Map","Minty Spire (QoL Compilation)","SuperFastMode"],"gold_per_floor":[113,113,113,125,125,125,141,155,155,184,284,296,316,20,20,119,119,139,156,172,190,223,242,242,275,298,318,334,259,259,272,272,371,371,382,430,652,235,285,314,314,331,331,331,331,343,343,362,362,362,362],"floor_reached":50,"language":"KOR","playtime":2676,"items_purged":["Strike_R","Strike_R"],"score":571,"play_id":"fd2aeb6d-7b44-4626-96f2-668453162bd1","local_time":"20210227232406","is_ascension_mode":false,"campfire_choices":[{"data":"Armaments","floor":6.0,"key":"SMITH"},{"data":"Reaper","floor":15.0,"key":"SMITH"},{"data":"Searing Blow","floor":24.0,"key":"SMITH"},{"data":"Seeing Red","floor":30,"key":"SMITH"},{"data":"Searing Blow+1","floor":32,"key":"SMITH"},{"data":"Searing Blow+2","floor":41,"key":"SMITH"},{"data":"Searing Blow+3","floor":47,"key":"SMITH"},{"data":"Searing Blow+4","floor":49,"key":"SMITH"}],"circlet_count":0,"master_deck":["Strike_R","Strike_R","Strike_R","Defend_R+1","Defend_R","Defend_R+1","Defend_R","Bash","Thunderclap","Armaments+1","Iron Wave","Searing Blow+5","Reaper+1","True Grit","Dropkick","Double Tap","Thunderclap+1","Blood for Blood","Fire Breathing+1","Clash","Warcry","Seeing Red+1","Flex","Thunderclap+1","Limit Break","Combust+1","Impervious","Flame Barrier","Warcry+1","Limit Break","Heavy Blade","Intimidate+1"],"relics":["Black Blood","NeowsBlessing","Frozen Egg 2","Mercury Hourglass","Anchor","Brimstone","Red Mask","Bag of Preparation","Vajra","Black Star","Bird Faced Urn","Shuriken","Shovel","Torii","Eternal Feather"],"acts_visited":["Exordium","TheCity","TheBeyond"],"potions_floor_usage":[28,28,33,33,36,40,48,48,48],"damage_taken":[{"damage":0.0,"enemies":"2 Louse","floor":1.0,"turns":1.0},{"damage":0.0,"enemies":"Cultist","floor":4.0,"turns":1.0},{"damage":0.0,"enemies":"Jaw Worm","floor":7.0,"turns":1.0},{"damage":9.0,"enemies":"2 Fungi Beasts","floor":8.0,"turns":4.0},{"damage":36.0,"enemies":"Lagavulin","floor":10.0,"turns":7.0},{"damage":10.0,"enemies":"Looter","floor":12.0,"turns":2.0},{"damage":24.0,"enemies":"Exordium Wildlife","floor":13.0,"turns":5.0},{"damage":7.0,"enemies":"Slime Boss","floor":16.0,"turns":4.0},{"damage":62.0,"enemies":"3 Byrds","floor":18.0,"turns":4.0},{"damage":19.0,"enemies":"2 Thieves","floor":19.0,"turns":3.0},{"damage":13.0,"enemies":"Chosen and Byrds","floor":20.0,"turns":4.0},{"damage":0.0,"enemies":"Snecko","floor":21.0,"turns":2.0},{"damage":27.0,"enemies":"Masked Bandits","floor":22.0,"turns":4.0},{"damage":0.0,"enemies":"Cultist and Chosen","floor":23.0,"turns":4.0},{"damage":0.0,"enemies":"Gremlin Leader","floor":25.0,"turns":6.0},{"damage":13.0,"enemies":"Chosen and Byrds","floor":27.0,"turns":4.0},{"damage":33,"enemies":"Centurion and Healer","floor":28,"turns":4},{"damage":17,"enemies":"Sentry and Sphere","floor":31,"turns":4},{"damage":61,"enemies":"Automaton","floor":33,"turns":6},{"damage":14,"enemies":"3 Shapes","floor":35,"turns":3},{"damage":23,"enemies":"2 Orb Walkers","floor":36,"turns":4},{"damage":4,"enemies":"Mind Bloom Boss Battle","floor":39,"turns":4},{"damage":80,"enemies":"Giant Head","floor":40,"turns":8},{"damage":28,"enemies":"3 Darklings","floor":42,"turns":3},{"damage":32,"enemies":"Jaw Worm Horde","floor":46,"turns":3},{"damage":31,"enemies":"Maw","floor":48,"turns":6},{"damage":139,"enemies":"Awakened One","floor":50,"turns":6}],"seed_played":"-8273176641827629736","potions_obtained":[{"floor":7.0,"key":"DuplicationPotion"},{"floor":10.0,"key":"LiquidMemories"},{"floor":12.0,"key":"Explosive Potion"},{"floor":19.0,"key":"Fire Potion"},{"floor":21.0,"key":"BlessingOfTheForge"},{"floor":22.0,"key":"Explosive Potion"},{"floor":25.0,"key":"SteroidPotion"},{"floor":28,"key":"Fruit Juice"},{"floor":33,"key":"LiquidMemories"},{"floor":36,"key":"Dexterity Potion"},{"floor":39,"key":"Block Potion"},{"floor":42,"key":"Swift Potion"},{"floor":46,"key":"FearPotion"}],"is_trial":false,"path_per_floor":["M","?","$","M","$","R","M","M","T","E","?","M","M","$","R","B",null,"M","M","M","M","?","M","R","E","T","M","M","$","R","M","R","B",null,"M","?","?","$","?","E","R","M","T","?","$","M","R","M","R","B"],"character_chosen":"IRONCLAD","items_purchased":["Anchor","Brimstone","Shuriken","Impervious"],"campfire_rested":0,"item_purchase_floors":[14,14,38,38],"current_hp_per_floor":[80,64,64,70,70,70,76,73,73,43,43,39,29,29,29,50,80,32,25,44,56,48,80,80,80,80,79,64,64,64,69,69,20,85,85,74,74,74,85,21,36,55,55,55,55,35,53,58,76,0,0],"gold":362,"neow_bonus":"THREE_ENEMY_KILL","is_daily":false,"chose_seed":false,"campfire_upgraded":8,"win_rate":0.0,"timestamp":1614435846,"path_taken":["M","?","$","M","$","R","M","M","T","E","?","M","M","$","R","BOSS","M","M","?","M","?","M","R","E","T","M","M","$","R","M","R","BOSS","M","?","?","$","?","E","R","?","T","?","$","M","R","?","R","BOSS"],"items_purchased_type":["Relic","Relic","Relic","Card"],"build_version":"2020-12-22","purchased_purges":2,"victory":false,"max_hp_per_floor":[80,80,80,80,80,80,80,80,80,80,80,80,80,80,80,80,80,80,80,80,80,80,80,80,80,80,80,85,85,85,85,85,85,85,85,85,85,85,85,85,85,85,85,85,85,85,85,85,85,85,85],"card_choices":[{"not_picked":["Flex","Headbutt"],"picked":"Thunderclap","floor":1.0},{"not_picked":["Havoc","Heavy Blade"],"picked":"Armaments","floor":4.0},{"not_picked":["Twin Strike","Heavy Blade"],"picked":"Iron Wave","floor":7.0},{"not_picked":["Thunderclap","Cleave"],"picked":"Searing Blow","floor":8.0},{"not_picked":["Fiend Fire","Anger"],"picked":"Reaper","floor":10.0},{"not_picked":["Whirlwind","Clothesline"],"picked":"True Grit","floor":12.0},{"not_picked":["Iron Wave","Searing Blow"],"picked":"Dropkick","floor":13.0},{"not_picked":["Juggernaut+1","Berserk+1"],"picked":"Double Tap","floor":16.0},{"not_picked":["True Grit","Entrench+1"],"picked":"Thunderclap+1","floor":18.0},{"not_picked":["Perfected Strike","True Grit","Twin Strike"],"picked":"SKIP","floor":19.0},{"not_picked":["Hemokinesis","Pommel Strike"],"picked":"Blood for Blood","floor":20.0},{"not_picked":["Power Through","Disarm"],"picked":"Fire Breathing+1","floor":21.0},{"not_picked":["Sword Boomerang+1","Heavy Blade+1"],"picked":"Clash","floor":22.0},{"not_picked":["Metallicize+1","Pummel+1"],"picked":"Warcry","floor":23.0},{"not_picked":["Twin Strike","Headbutt+1"],"picked":"Seeing Red","floor":25.0},{"not_picked":["Metallicize+1","Burning Pact"],"picked":"Flex","floor":27},{"not_picked":["Wild Strike","Sword Boomerang"],"picked":"Thunderclap+1","floor":28},{"not_picked":["Clash","Pummel","Havoc"],"picked":"SKIP","floor":31},{"not_picked":["Brutality+1","Reaper"],"picked":"Limit Break","floor":33},{"not_picked":["Twin Strike+1","Shrug It Off"],"picked":"Combust+1","floor":35},{"not_picked":["True Grit","Twin Strike"],"picked":"Flame Barrier","floor":39},{"not_picked":["Carnage","Whirlwind"],"picked":"Warcry+1","floor":40},{"not_picked":["Shrug It Off","Warcry+1","Evolve+1"],"picked":"SKIP","floor":42},{"not_picked":["Sword Boomerang+1","Armaments"],"picked":"Heavy Blade","floor":46},{"not_picked":["Reckless Charge","Anger+1"],"picked":"Intimidate+1","floor":48}],"player_experience":234207,"relics_obtained":[{"floor":9.0,"key":"Frozen Egg 2"},{"floor":10.0,"key":"Mercury Hourglass"},{"floor":22.0,"key":"Red Mask"},{"floor":25.0,"key":"Bag of Preparation"},{"floor":26.0,"key":"Vajra"},{"floor":36,"key":"Bird Faced Urn"},{"floor":39,"key":"Shovel"},{"floor":40,"key":"Torii"},{"floor":40,"key":"Eternal Feather"}],"event_choices":[{"damage_healed":0.0,"max_hp_gain":0.0,"max_hp_loss":0.0,"gold_gain":0.0,"event_name":"Shining Light","player_choice":"Entered Light","floor":2.0,"gold_loss":0.0,"damage_taken":16.0,"cards_upgraded":["Defend_R","Defend_R"]},{"damage_healed":0.0,"max_hp_gain":0.0,"max_hp_loss":0.0,"gold_gain":100.0,"event_name":"Golden Shrine","player_choice":"Pray","floor":11.0,"gold_loss":0.0,"damage_taken":0.0},{"damage_healed":0.0,"max_hp_gain":0.0,"max_hp_loss":0.0,"gold_gain":0.0,"event_name":"Masked Bandits","player_choice":"Fought Bandits","floor":22.0,"gold_loss":0.0,"damage_taken":0.0},{"damage_healed":0,"gold_gain":0,"player_choice":"Fight","damage_taken":0,"max_hp_gain":0,"max_hp_loss":0,"event_name":"Mysterious Sphere","floor":36,"gold_loss":0},{"damage_healed":0,"gold_gain":222,"player_choice":"Wore Mask","damage_taken":0,"max_hp_gain":0,"max_hp_loss":0,"event_name":"Tomb of Lord Red Mask","floor":37,"gold_loss":0},{"damage_healed":0,"gold_gain":0,"player_choice":"Fight","damage_taken":0,"max_hp_gain":0,"max_hp_loss":0,"event_name":"MindBloom","floor":39,"gold_loss":0},{"damage_healed":0,"gold_gain":0,"player_choice":"Copied","damage_taken":0,"max_hp_gain":0,"max_hp_loss":0,"event_name":"Duplicator","floor":44,"gold_loss":0,"cards_obtained":["Limit Break"]}],"is_beta":false,"boss_relics":[{"not_picked":["Runic Pyramid","Astrolabe"],"picked":"Black Blood"},{"not_picked":["Coffee Dripper","Runic Dome"],"picked":"Black Star"}],"items_purged_floors":[29,38],"is_endless":false,"potions_floor_spawned":[7,10,12,19,21,22,25,27,28,33,36,39,42,46],"killed_by":"Awakened One","ascension_level":0}}