{"host":"eu6p4n7vldm4bcry","time":1614389865,"event":{"mods":["AchievementEnabler","BaseMod","Highlight Path","Minty Spire (QoL Compilation)","Relic Stats","StSLib","ojb\u0027s Info Mod"],"gold_per_floor":[144,189,189,234,279,369,369,414,439,538,565,610,241,286,286,604,604,658,712,766,766,766,865,919,973,982,1036,1126,1126,102,156,156,474,474,528,582,582,582,636,735,789,843,852,906,940,1030,1084,1138,1138,1147],"floor_reached":51,"language":"ENG","playtime":3151,"items_purged":["Strike_B","Decay"],"score":1419,"play_id":"c667e300-c303-4880-b5d2-c2004b5699f6","local_time":"20210226203745","daily_mods":["Cursed Run","Diverse","Midas"],"is_ascension_mode":false,"campfire_choices":[{"floor":15.0,"key":"REST"},{"floor":49,"key":"DIG"}],"circlet_count":0,"master_deck":["Strike_B+1","Strike_B+1","Defend_B+1","Defend_B+1","Defend_B+1","Defend_B+1","Zap+1","Dualcast+1","Slice+1","Glacier+1","Protect+1","Footwork+1","Wallop+1","Cold Snap+1","Ghostly Armor+1","Lockon+1","Dark Shackles+1","Zap+1","Conserve Battery+1","LessonLearned+1","CarveReality+1","Headbutt+1","BowlingBash+1","FollowUp+1","Streamline+1","Thunderclap+1","Clumsy","Leap+1","Scrawl+1","Mind Blast+1","BootSequence+1","Flechettes+1","Heatsinks+1","EmptyMind+1","Pain","Adrenaline+1","Whirlwind+1","Fasting2+1","Twin Strike+1","Defragment","Sword Boomerang+1","Dash+1","Doubt","Sweeping Beam","Shame","Skewer","Hologram+1","Injury"],"relics":["Cursed Key","Darkstone Periapt","Du-Vu Doll","Matryoshka","Blood Vial","CeramicFish","Ancient Tea Set","Shuriken","Coffee Dripper","Enchiridion","StrikeDummy","Tiny Chest","Sundial","Lizard Tail","DataDisk","Pantograph","Toolbox","Black Star","Mark of the Bloom","Potion Belt","TungstenRod","Cables","Centennial Puzzle","Shovel","Gambling Chip","Symbiotic Virus"],"acts_visited":["Exordium","TheCity","TheBeyond"],"potions_floor_usage":[39,50,50,50],"damage_taken":[{"damage":0.0,"enemies":"Small Slimes","floor":1.0,"turns":3.0},{"damage":0.0,"enemies":"Cultist","floor":2.0,"turns":3.0},{"damage":1.0,"enemies":"2 Louse","floor":4.0,"turns":2.0},{"damage":0.0,"enemies":"Large Slime","floor":5.0,"turns":6.0},{"damage":0.0,"enemies":"3 Sentries","floor":6.0,"turns":11.0},{"damage":0.0,"enemies":"Exordium Thugs","floor":8.0,"turns":4.0},{"damage":24.0,"enemies":"Gremlin Nob","floor":10.0,"turns":6.0},{"damage":0.0,"enemies":"Looter","floor":12.0,"turns":3.0},{"damage":0.0,"enemies":"2 Fungi Beasts","floor":14.0,"turns":4.0},{"damage":0.0,"enemies":"The Guardian","floor":16.0,"turns":11.0},{"damage":0.0,"enemies":"Spheric Guardian","floor":18.0,"turns":7.0},{"damage":0.0,"enemies":"Shell Parasite","floor":19.0,"turns":6.0},{"damage":10.0,"enemies":"Centurion and Healer","floor":20.0,"turns":10.0},{"damage":5.0,"enemies":"Book of Stabbing","floor":23.0,"turns":7.0},{"damage":0.0,"enemies":"3 Cultists","floor":24.0,"turns":5.0},{"damage":18.0,"enemies":"Shelled Parasite and Fungi","floor":25.0,"turns":4.0},{"damage":15.0,"enemies":"Snake Plant","floor":27.0,"turns":4.0},{"damage":0.0,"enemies":"Gremlin Leader","floor":28.0,"turns":6.0},{"damage":0.0,"enemies":"Centurion and Healer","floor":31.0,"turns":4.0},{"damage":0.0,"enemies":"Collector","floor":33.0,"turns":8.0},{"damage":3.0,"enemies":"3 Darklings","floor":35.0,"turns":4.0},{"damage":0,"enemies":"3 Shapes","floor":36,"turns":3},{"damage":0,"enemies":"3 Darklings","floor":39,"turns":4},{"damage":0,"enemies":"Reptomancer","floor":40,"turns":2},{"damage":0,"enemies":"Sphere and 2 Shapes","floor":41,"turns":7},{"damage":0,"enemies":"Transient","floor":42,"turns":5},{"damage":0,"enemies":"Spire Growth","floor":44,"turns":2},{"damage":4,"enemies":"Nemesis","floor":46,"turns":7},{"damage":0,"enemies":"Sphere and 2 Shapes","floor":47,"turns":2},{"damage":0,"enemies":"3 Darklings","floor":48,"turns":1},{"damage":0,"enemies":"Awakened One","floor":50,"turns":9}],"seed_played":"-2463471341485849212","potions_obtained":[{"floor":1.0,"key":"BlessingOfTheForge"},{"floor":4.0,"key":"LiquidBronze"},{"floor":5.0,"key":"SpeedPotion"},{"floor":16.0,"key":"Fire Potion"},{"floor":19.0,"key":"FearPotion"},{"floor":25.0,"key":"Ancient Potion"},{"floor":27.0,"key":"EssenceOfDarkness"},{"floor":28.0,"key":"Fire Potion"},{"floor":31.0,"key":"PowerPotion"},{"floor":36,"key":"Swift Potion"},{"floor":40,"key":"AttackPotion"},{"floor":47,"key":"Regen Potion"}],"is_trial":false,"path_per_floor":["M","M","?","M","M","E","?","M","T","E","?","M","$","M","R","B",null,"M","M","M","?","?","E","M","M","T","M","E","R","$","M","R","B",null,"M","M","?","?","M","E","M","M","T","M","T","E","M","M","R","B",null],"character_chosen":"DEFECT","items_purchased":["Shuriken","Conserve Battery","DataDisk","Pantograph","Toolbox","Scrawl","Mind Blast","BootSequence","Flechettes","Heatsinks"],"campfire_rested":1,"item_purchase_floors":[13,13,30,30,30,30,30,30,30,30],"current_hp_per_floor":[75,75,75,74,74,74,59,59,65,43,43,45,45,47,71,79,87,87,87,77,61,61,58,60,44,50,37,39,39,39,41,41,74,99,96,98,94,94,94,94,94,94,94,94,94,90,90,90,90,90],"gold":1147,"neow_bonus":"","is_daily":true,"chose_seed":false,"campfire_upgraded":0,"win_rate":0.0,"timestamp":1614389865,"path_taken":["M","M","?","M","M","E","?","M","T","E","?","?","$","M","R","BOSS","M","M","M","?","?","E","M","M","T","M","E","R","$","M","R","BOSS","M","M","?","?","?","E","M","M","T","M","?","E","M","M","R","BOSS"],"items_purchased_type":["Relic","Card","Relic","Relic","Relic","Card","Card","Card","Card","Card"],"build_version":"2020-12-22","purchased_purges":2,"victory":true,"max_hp_per_floor":[75,75,75,75,75,75,75,75,81,81,81,81,81,81,81,87,87,87,87,87,87,87,87,87,87,93,93,93,93,93,93,93,99,99,99,99,94,94,94,94,94,94,100,100,106,106,106,106,106,112],"relic_stats":{"Darkstone Periapt":42,"Mark of the Bloom":76,"counters":[31,160],"CeramicFish":315,"Cursed Key":4,"Cables":[13,8,4,1,0],"Blood Vial":24,"Lizard Tail":0,"Centennial Puzzle":[3],"Shovel":1,"Shuriken":[38],"Sundial":[2],"Pantograph":25,"Gambling Chip":[3],"Tiny Chest":1,"Black Star":2,"obtain_stats":[{"Darkstone Periapt":0,"Mark of the Bloom":38,"CeramicFish":9,"Enchiridion":21,"Cursed Key":0,"Ancient Tea Set":10,"Blood Vial":9,"Lizard Tail":28,"Centennial Puzzle":45,"Matryoshka":6,"Shovel":46,"Sundial":26,"Pantograph":30,"Gambling Chip":46,"Toolbox":30,"Tiny Chest":26,"Potion Belt":40,"Cables":43,"Du-Vu Doll":0,"DataDisk":30,"Shuriken":13,"Coffee Dripper":17,"Black Star":34,"StrikeDummy":23,"Symbiotic Virus":49,"TungstenRod":40},{"Darkstone Periapt":0,"Mark of the Bloom":22,"CeramicFish":6,"Enchiridion":13,"Cursed Key":0,"Ancient Tea Set":7,"Blood Vial":6,"Lizard Tail":18,"Centennial Puzzle":27,"Matryoshka":5,"Shovel":28,"Sundial":16,"Pantograph":18,"Gambling Chip":28,"Toolbox":18,"Tiny Chest":16,"Potion Belt":24,"Cables":26,"Du-Vu Doll":0,"DataDisk":18,"Shuriken":8,"Coffee Dripper":10,"Black Star":20,"StrikeDummy":14,"Symbiotic Virus":30,"TungstenRod":24},{"Darkstone Periapt":0,"Mark of the Bloom":121,"CeramicFish":29,"Enchiridion":76,"Cursed Key":0,"Ancient Tea Set":35,"Blood Vial":29,"Lizard Tail":102,"Centennial Puzzle":141,"Matryoshka":25,"Shovel":148,"Sundial":92,"Pantograph":102,"Gambling Chip":148,"Toolbox":102,"Tiny Chest":92,"Potion Belt":127,"Cables":139,"Du-Vu Doll":0,"DataDisk":102,"Shuriken":38,"Coffee Dripper":53,"Black Star":114,"StrikeDummy":83,"Symbiotic Virus":151,"TungstenRod":127}],"TungstenRod":7},"card_choices":[{"not_picked":["Infernal Blade","Catalyst"],"picked":"Slice","floor":1.0},{"not_picked":["PathToVictory","Poisoned Stab"],"picked":"Glacier","floor":2.0},{"not_picked":["EmptyFist","Skewer"],"picked":"Protect","floor":4.0},{"not_picked":["Cold Snap","Consecrate"],"picked":"Footwork","floor":5.0},{"not_picked":["A Thousand Cuts","Disarm"],"picked":"Wallop","floor":6.0},{"not_picked":["Conclude","Wild Strike"],"picked":"Cold Snap","floor":8.0},{"not_picked":["Force Field","Prepared"],"picked":"Ghostly Armor","floor":10.0},{"not_picked":["Havoc","Weave","Tantrum"],"picked":"SKIP","floor":12.0},{"not_picked":["Evaluate","ClearTheMind","JustLucky"],"picked":"SKIP","floor":14.0},{"not_picked":["DeusExMachina","Devotion"],"picked":"LessonLearned","floor":16.0},{"not_picked":["Aggregate","Study"],"picked":"CarveReality","floor":18.0},{"not_picked":["Melter","DeceiveReality"],"picked":"Headbutt","floor":19.0},{"not_picked":["Bloodletting","Wallop"],"picked":"BowlingBash","floor":20.0},{"not_picked":["ThirdEye+1","FlurryOfBlows"],"picked":"FollowUp","floor":23.0},{"not_picked":["InnerPeace","Steam Power"],"picked":"Streamline+1","floor":24.0},{"not_picked":["Hello World","Double Energy"],"picked":"Thunderclap","floor":25.0},{"not_picked":["Underhanded Strike","Catalyst"],"picked":"Leap","floor":27.0},{"not_picked":["Reckless Charge","Rebound+1","Vengeance"],"picked":"SKIP","floor":28.0},{"not_picked":["Bludgeon","Dagger Throw"],"picked":"EmptyMind","floor":31.0},{"not_picked":["Offering","Hyperbeam"],"picked":"Adrenaline","floor":33.0},{"not_picked":["Flying Knee","Cleave+1"],"picked":"Whirlwind+1","floor":35.0},{"not_picked":["Cold Snap+1","Stack+1"],"picked":"Fasting2+1","floor":36},{"not_picked":["Reckless Charge","Barrage+1"],"picked":"Twin Strike+1","floor":39},{"not_picked":["Flechettes","Berserk"],"picked":"Defragment","floor":40},{"not_picked":["Rip and Tear+1","Fusion+1"],"picked":"Sword Boomerang+1","floor":41},{"not_picked":["Perseverance","Dodge and Roll+1"],"picked":"Dash+1","floor":42},{"not_picked":["Melter+1","Dash"],"picked":"Sweeping Beam","floor":44},{"not_picked":["Slice","Steam","Twin Strike+1"],"picked":"SKIP","floor":46},{"not_picked":["Steam","Halt+1"],"picked":"Skewer","floor":47},{"not_picked":["Dodge and Roll+1","Undo+1"],"picked":"Hologram+1","floor":48}],"player_experience":1934639,"relics_obtained":[{"floor":6.0,"key":"Matryoshka"},{"floor":9.0,"key":"Blood Vial"},{"floor":9.0,"key":"CeramicFish"},{"floor":10.0,"key":"Ancient Tea Set"},{"floor":21.0,"key":"Enchiridion"},{"floor":23.0,"key":"StrikeDummy"},{"floor":26.0,"key":"Tiny Chest"},{"floor":26.0,"key":"Sundial"},{"floor":28.0,"key":"Lizard Tail"},{"floor":40,"key":"Potion Belt"},{"floor":40,"key":"TungstenRod"},{"floor":43,"key":"Cables"},{"floor":45,"key":"Centennial Puzzle"},{"floor":46,"key":"Shovel"},{"floor":46,"key":"Gambling Chip"},{"floor":49,"key":"Symbiotic Virus"}],"event_choices":[{"cards_removed":["Strike_B"],"damage_healed":0.0,"max_hp_gain":0.0,"max_hp_loss":0.0,"gold_gain":0.0,"event_name":"Living Wall","player_choice":"Forget","floor":3.0,"gold_loss":0.0,"damage_taken":0.0},{"damage_healed":0.0,"max_hp_gain":0.0,"max_hp_loss":0.0,"gold_gain":0.0,"event_name":"Shining Light","player_choice":"Entered Light","floor":7.0,"gold_loss":0.0,"damage_taken":15.0,"cards_upgraded":["Zap","Wallop"]},{"damage_healed":0.0,"max_hp_gain":0.0,"max_hp_loss":0.0,"gold_gain":0.0,"event_name":"Match and Keep!","player_choice":"3 cards matched","floor":11.0,"gold_loss":0.0,"damage_taken":0.0,"cards_obtained":["Lockon","Dark Shackles","Zap"]},{"damage_healed":0.0,"max_hp_gain":0.0,"max_hp_loss":0.0,"gold_gain":0.0,"event_name":"Cursed Tome","player_choice":"Obtained Book","floor":21.0,"gold_loss":0.0,"damage_taken":16.0},{"cards_removed":["Writhe"],"damage_healed":0.0,"max_hp_gain":0.0,"max_hp_loss":0.0,"gold_gain":0.0,"event_name":"Back to Basics","player_choice":"Elegance","floor":22.0,"gold_loss":0.0,"damage_taken":0.0},{"damage_healed":0,"gold_gain":0,"player_choice":"Max HP","damage_taken":0,"max_hp_gain":0,"max_hp_loss":5,"event_name":"Winding Halls","floor":37,"gold_loss":0},{"damage_healed":0,"gold_gain":0,"player_choice":"Upgrade","damage_taken":0,"relics_obtained":["Mark of the Bloom"],"max_hp_gain":0,"max_hp_loss":0,"event_name":"MindBloom","floor":38,"gold_loss":0,"cards_upgraded":["Strike_B","Strike_B","Defend_B","Defend_B","Defend_B","Slice","Protect","Footwork","Cold Snap","Lockon","Dark Shackles","Conserve Battery","CarveReality","BowlingBash","FollowUp","Thunderclap","Leap","Scrawl","Mind Blast","BootSequence","Flechettes","Heatsinks","EmptyMind","Adrenaline"]}],"is_beta":false,"boss_relics":[{"not_picked":["Velvet Choker","Runic Dome"],"picked":"Coffee Dripper"},{"not_picked":["Runic Pyramid","Busted Crown"],"picked":"Black Star"}],"items_purged_floors":[13,30],"is_endless":false,"potions_floor_spawned":[1,4,5,16,19,25,27,28,31,36,40,47],"ascension_level":0}}