{"host":"30jsp143e4v19aze","time":1614460603,"event":{"mods":["BaseMod","Colored Map","Colored Powertips","Curses Come First","DeckTracker","Highlight Path","Minty Spire (QoL Compilation)","Quick Restart","Relic Stats","StSLib","everything is the same but u backflip on backflip","slay the spire mod where everything is the same but ironclad has a cowboy hat"],"gold_per_floor":[117,128,128,8,21,54,54,85,136,151,169,181,206,206,206,278,278,289,339,358,375,393,427,352,384,384,384,404,404,429,429,429,429,429],"floor_reached":33,"language":"ENG","playtime":1203,"items_purged":[],"score":729,"play_id":"4c3a3c37-696c-4a82-ad25-0fbbc45d0f1c","local_time":"20210227221643","is_ascension_mode":true,"campfire_choices":[{"data":"Uppercut","floor":7,"key":"SMITH"},{"data":"Spot Weakness","floor":15,"key":"SMITH"},{"data":"Fiend Fire","floor":27,"key":"SMITH"},{"data":"Battle Trance","floor":32,"key":"SMITH"}],"circlet_count":0,"master_deck":["AscendersBane","Strike_R","Strike_R","Strike_R","Defend_R","Defend_R","Defend_R","Defend_R","Bash","Heavy Blade","Spot Weakness+1","Shrug It Off","Feel No Pain","Uppercut+1","Second Wind","Metallicize","Shrug It Off","Battle Trance+1","Sword Boomerang","Shrug It Off","Power Through","Fiend Fire+1","Second Wind","Metallicize+1","Shrug It Off","Seeing Red","Feel No Pain","Dark Embrace","Writhe"],"relics":["Burning Blood","StrikeDummy","Orichalcum","Bottled Tornado","Smiling Mask","White Beast Statue","Letter Opener","Snecko Eye","Du-Vu Doll","Eternal Feather","Pear","PreservedInsect","Thread and Needle"],"acts_visited":["Exordium","TheCity"],"potions_floor_usage":[6,10,25],"damage_taken":[{"damage":7,"enemies":"Cultist","floor":1,"turns":4},{"damage":2,"enemies":"Jaw Worm","floor":2,"turns":3},{"damage":3,"enemies":"Small Slimes","floor":5,"turns":3},{"damage":27,"enemies":"Lagavulin","floor":6,"turns":5},{"damage":19,"enemies":"Gremlin Nob","floor":8,"turns":4},{"damage":0,"enemies":"Blue Slaver","floor":10,"turns":4},{"damage":3,"enemies":"Looter","floor":11,"turns":3},{"damage":4,"enemies":"Large Slime","floor":12,"turns":6},{"damage":26,"enemies":"Lagavulin","floor":13,"turns":5},{"damage":14,"enemies":"Hexaghost","floor":16,"turns":9},{"damage":0,"enemies":"Chosen","floor":18,"turns":3},{"damage":8,"enemies":"Shell Parasite","floor":20,"turns":4},{"damage":27,"enemies":"3 Cultists","floor":21,"turns":7},{"damage":4,"enemies":"Snecko","floor":22,"turns":4},{"damage":13,"enemies":"Book of Stabbing","floor":23,"turns":6},{"damage":32,"enemies":"Slavers","floor":25,"turns":11},{"damage":28,"enemies":"Snake Plant","floor":28,"turns":3},{"damage":0,"enemies":"Book of Stabbing","floor":30,"turns":5},{"damage":61,"enemies":"Collector","floor":33,"turns":6}],"seed_played":"-2246703809346877398","potions_obtained":[{"floor":1,"key":"SpeedPotion"},{"floor":5,"key":"FearPotion"},{"floor":6,"key":"SteroidPotion"},{"floor":11,"key":"Swift Potion"},{"floor":16,"key":"Regen Potion"},{"floor":21,"key":"DuplicationPotion"},{"floor":25,"key":"SkillPotion"}],"is_trial":false,"path_per_floor":["M","M","?","$","M","E","R","E","T","M","M","M","E","T","R","B",null,"M","?","M","M","M","E","?","E","T","R","M","?","E","T","R","B"],"character_chosen":"IRONCLAD","items_purchased":["Feel No Pain","Uppercut"],"campfire_rested":0,"item_purchase_floors":[4,4],"current_hp_per_floor":[67,71,66,66,69,48,48,35,35,41,44,46,26,26,26,18,61,67,67,65,44,46,39,39,28,38,53,31,31,37,37,52,0,0],"gold":429,"neow_bonus":"TRANSFORM_CARD","is_daily":false,"chose_seed":false,"campfire_upgraded":4,"win_rate":0.0,"timestamp":1614460603,"path_taken":["M","M","?","$","M","E","R","E","T","M","M","M","E","?","R","BOSS","M","?","M","M","M","E","?","E","T","R","M","?","E","?","R","BOSS"],"items_purchased_type":["Card","Card"],"build_version":"2020-12-22","purchased_purges":0,"victory":false,"max_hp_per_floor":[75,75,75,75,75,75,75,75,75,75,75,75,75,75,75,75,75,75,75,75,75,75,75,75,75,85,85,85,85,85,85,85,85,85],"relic_stats":{"counters":[19,95],"Snecko Eye":[90,90,76,84],"Eternal Feather":30,"PreservedInsect":43,"Letter Opener":[45],"Orichalcum":[150],"Smiling Mask":0,"obtain_stats":[{"Pear":26,"Eternal Feather":25,"Thread and Needle":30,"PreservedInsect":29,"Letter Opener":14,"Orichalcum":6,"Bottled Tornado":8,"Smiling Mask":9,"Burning Blood":0,"White Beast Statue":13,"Du-Vu Doll":23,"Snecko Eye":17,"StrikeDummy":3},{"Pear":16,"Eternal Feather":16,"Thread and Needle":18,"PreservedInsect":17,"Letter Opener":9,"Orichalcum":4,"Bottled Tornado":5,"Smiling Mask":5,"Burning Blood":0,"White Beast Statue":9,"Du-Vu Doll":15,"Snecko Eye":10,"StrikeDummy":2},{"Pear":81,"Eternal Feather":81,"Thread and Needle":89,"PreservedInsect":84,"Letter Opener":37,"Orichalcum":15,"Bottled Tornado":19,"Smiling Mask":19,"Burning Blood":0,"White Beast Statue":37,"Du-Vu Doll":70,"Snecko Eye":46,"StrikeDummy":7}],"Burning Blood":108},"card_choices":[{"not_picked":["Searing Blow","Armaments"],"picked":"Spot Weakness","floor":1},{"not_picked":["Heavy Blade","Fire Breathing"],"picked":"Shrug It Off","floor":2},{"not_picked":["Iron Wave","Cleave"],"picked":"Second Wind","floor":5},{"not_picked":["Cleave","Havoc"],"picked":"Metallicize","floor":6},{"not_picked":["Rampage","Searing Blow"],"picked":"Shrug It Off","floor":8},{"not_picked":["Dropkick","Fire Breathing"],"picked":"Battle Trance","floor":10},{"not_picked":["Rage","Shrug It Off"],"picked":"Sword Boomerang","floor":11},{"not_picked":["Sever Soul","Disarm"],"picked":"Shrug It Off","floor":12},{"not_picked":["Cleave","Clothesline"],"picked":"Power Through","floor":13},{"not_picked":["Bludgeon","Double Tap"],"picked":"Fiend Fire","floor":16},{"not_picked":["Infernal Blade","Wild Strike"],"picked":"Second Wind","floor":18},{"not_picked":["Combust","Iron Wave"],"picked":"Metallicize+1","floor":20},{"not_picked":["Iron Wave","Dropkick","Flex+1"],"picked":"SKIP","floor":21},{"not_picked":["Sword Boomerang","Flex"],"picked":"Shrug It Off","floor":22},{"not_picked":["Sword Boomerang","Cleave+1"],"picked":"Seeing Red","floor":23},{"not_picked":["Armaments","Feed"],"picked":"Feel No Pain","floor":25},{"not_picked":["Entrench","Combust"],"picked":"Dark Embrace","floor":28},{"not_picked":["Rampage","Clash","Cleave"],"picked":"SKIP","floor":30}],"player_experience":3313831,"relics_obtained":[{"floor":6,"key":"Orichalcum"},{"floor":8,"key":"Bottled Tornado"},{"floor":9,"key":"Smiling Mask"},{"floor":13,"key":"White Beast Statue"},{"floor":14,"key":"Letter Opener"},{"floor":23,"key":"Du-Vu Doll"},{"floor":25,"key":"Eternal Feather"},{"floor":26,"key":"Pear"},{"floor":30,"key":"Thread and Needle"}],"event_choices":[{"damage_healed":0,"gold_gain":0,"player_choice":"Success","damage_taken":5,"relics_obtained":["StrikeDummy"],"max_hp_gain":0,"max_hp_loss":0,"event_name":"Scrap Ooze","floor":3,"gold_loss":0},{"damage_healed":0,"gold_gain":50,"player_choice":"Stole From Cult","damage_taken":0,"max_hp_gain":0,"max_hp_loss":0,"event_name":"Nest","floor":19,"gold_loss":0},{"cards_removed":["Strike_R"],"damage_healed":0,"gold_gain":0,"player_choice":"Gave Gold","damage_taken":0,"max_hp_gain":0,"max_hp_loss":0,"event_name":"Beggar","floor":24,"gold_loss":75},{"damage_healed":0,"gold_gain":0,"player_choice":"Opened","damage_taken":0,"relics_obtained":["PreservedInsect"],"max_hp_gain":0,"max_hp_loss":0,"event_name":"The Mausoleum","floor":29,"gold_loss":0,"cards_obtained":["Writhe"]}],"is_beta":false,"boss_relics":[{"not_picked":["SlaversCollar","Runic Dome"],"picked":"Snecko Eye"}],"items_purged_floors":[],"is_endless":false,"potions_floor_spawned":[1,5,6,11,16,18,20,21,22,23,25,28,30],"killed_by":"Collector","ascension_level":20}}