{"host":"wogey4gsknv4ot2d","time":1614449085,"event":{"mods":["2.2 Compatiblity","AchievementEnabler","BaseMod","Bestiary","Better Match","Better Third Choice","Colored Map","Colored Powertips","Key Reminder","Minty Spire (QoL Compilation)","Permanent Neow","Rare Cards Sparkle","Relic Stats","StSLib"],"gold_per_floor":[117,117,130,130,183,183,199,211,211,222,322,47,65,76,76,178,178,189,7,26,0,0,0,16,16,16,34,34,34],"floor_reached":28,"language":"ENG","playtime":760,"items_purged":[],"score":237,"play_id":"c17b3e55-221a-4d87-9906-d1f909441193","local_time":"20210227120445","is_ascension_mode":false,"campfire_choices":[{"data":"1","floor":6,"key":"LIFT"},{"floor":15,"key":"REST"},{"data":"2","floor":23,"key":"LIFT"},{"data":"3","floor":25,"key":"LIFT"}],"circlet_count":0,"master_deck":["Survivor","Neutralize","Distraction","Die Die Die+1","Sucker Punch","Choke","Dagger Throw","Bouncing Flask","Flechettes","Burst","Glass Knife","Dash","All Out Attack","Backflip","Deadly Poison","Backflip","Cloak And Dagger","Dash","Poisoned Stab","Cloak And Dagger+1","Wraith Form v2","Terror+1","Backflip+1","Backflip+1","Backflip+1","Well Laid Plans"],"relics":["Pandora\u0027s Box","Girya","keyreminder:keyreminder","Toxic Egg 2","HoveringKite","Lee\u0027s Waffle","WingedGreaves"],"acts_visited":["Exordium","TheCity"],"potions_floor_usage":[13,16,18,28],"damage_taken":[{"damage":5,"enemies":"Small Slimes","floor":1,"turns":2},{"damage":11,"enemies":"Jaw Worm","floor":3,"turns":2},{"damage":0,"enemies":"Cultist","floor":7,"turns":2},{"damage":4,"enemies":"Exordium Thugs","floor":8,"turns":3},{"damage":10,"enemies":"Lots of Slimes","floor":10,"turns":2},{"damage":0,"enemies":"Exordium Wildlife","floor":13,"turns":2},{"damage":0,"enemies":"3 Louse","floor":14,"turns":1},{"damage":16,"enemies":"The Guardian","floor":16,"turns":7},{"damage":16,"enemies":"2 Thieves","floor":18,"turns":4},{"damage":4,"enemies":"Chosen","floor":20,"turns":4},{"damage":8,"enemies":"Snecko","floor":24,"turns":4},{"damage":12,"enemies":"3 Cultists","floor":27,"turns":5},{"damage":53,"enemies":"Book of Stabbing","floor":28,"turns":5}],"seed_played":"4139327888127436578","potions_obtained":[{"floor":1,"key":"CunningPotion"},{"floor":7,"key":"CunningPotion"},{"floor":8,"key":"Block Potion"},{"floor":10,"key":"Regen Potion"},{"floor":16,"key":"Block Potion"}],"is_trial":false,"path_per_floor":["M","?","M","?","?","R","M","M","T","M","?","$","M","M","R","B",null,"M","$","M","?","?","R","M","R","T","M","E"],"character_chosen":"THE_SILENT","items_purchased":["Toxic Egg 2","Dash","Lee\u0027s Waffle","Backflip+1"],"campfire_rested":1,"item_purchase_floors":[12,12,19,19],"current_hp_per_floor":[65,65,54,42,42,42,42,38,38,28,28,28,37,37,58,42,70,54,77,73,73,73,73,65,65,65,53,0,0],"gold":34,"neow_bonus":"BOSS_RELIC","is_daily":false,"chose_seed":false,"campfire_upgraded":0,"win_rate":0.0,"timestamp":1614449085,"path_taken":["M","?","M","?","?","R","M","?","T","M","?","?","?","?","R","BOSS","M","?","M","?","?","R","M","R","T","M","E"],"items_purchased_type":["Relic","Card","Relic","Card"],"build_version":"2020-12-22","purchased_purges":0,"victory":false,"max_hp_per_floor":[70,70,70,70,70,70,70,70,70,70,70,70,70,70,70,70,70,70,77,77,77,77,77,77,77,77,77,77,77],"relic_stats":{"Lee\u0027s Waffle":23,"counters":[13,43],"HoveringKite":[3],"Pandora\u0027s Box":["Expertise","Distraction","Die Die Die","Sucker Punch","Choke","Dagger Throw","Bouncing Flask","Flechettes","Burst","Glass Knife"],"obtain_stats":[{"keyreminder:keyreminder":9,"Girya":4,"Lee\u0027s Waffle":19,"HoveringKite":17,"Pandora\u0027s Box":0,"WingedGreaves":26,"Toxic Egg 2":12,"Ring of the Snake":0},{"keyreminder:keyreminder":4,"Girya":2,"Lee\u0027s Waffle":9,"HoveringKite":8,"Pandora\u0027s Box":0,"WingedGreaves":11,"Toxic Egg 2":5,"Ring of the Snake":0},{"keyreminder:keyreminder":9,"Girya":4,"Lee\u0027s Waffle":25,"HoveringKite":21,"Pandora\u0027s Box":0,"WingedGreaves":33,"Toxic Egg 2":11,"Ring of the Snake":0}]},"card_choices":[{"not_picked":["Sucker Punch","Deadly Poison"],"picked":"Dash","floor":1},{"not_picked":["Backstab","Dagger Spray"],"picked":"Backflip","floor":3},{"not_picked":["Flying Knee","Glass Knife"],"picked":"Deadly Poison","floor":7},{"not_picked":["Prepared","Outmaneuver"],"picked":"Backflip","floor":8},{"not_picked":["Dagger Throw","Skewer"],"picked":"Cloak And Dagger","floor":10},{"not_picked":["Blade Dance+1","Blur+1"],"picked":"Poisoned Stab","floor":13},{"not_picked":["Heel Hook","Endless Agony"],"picked":"Cloak And Dagger+1","floor":14},{"not_picked":["Burst+1","Night Terror+1"],"picked":"Wraith Form v2","floor":16},{"not_picked":["Reflex+1","Underhanded Strike+1"],"picked":"Terror+1","floor":18},{"not_picked":["Underhanded Strike","Poisoned Stab"],"picked":"Backflip+1","floor":20},{"not_picked":["Endless Agony","Blur+1"],"picked":"Backflip+1","floor":24},{"not_picked":["Prepared+1","Backstab"],"picked":"Well Laid Plans","floor":27}],"player_experience":106002,"relics_obtained":[{"floor":26,"key":"WingedGreaves"}],"event_choices":[{"damage_healed":0,"gold_gain":0,"cards_transformed":["Expertise"],"player_choice":"Change","damage_taken":0,"max_hp_gain":0,"max_hp_loss":0,"event_name":"Living Wall","floor":2,"gold_loss":0,"cards_obtained":["All Out Attack"]},{"damage_healed":0,"gold_gain":1,"player_choice":"Relic ","damage_taken":12,"max_hp_gain":0,"max_hp_loss":0,"event_name":"betterThird:BetterScrap","floor":4,"gold_loss":0,"cards_obtained":["Meteor Strike"]},{"damage_healed":0,"gold_gain":53,"player_choice":"Gained Gold","damage_taken":0,"max_hp_gain":0,"max_hp_loss":0,"event_name":"Golden Wing","floor":5,"gold_loss":0},{"damage_healed":0,"gold_gain":100,"player_choice":"Pray","damage_taken":0,"max_hp_gain":0,"max_hp_loss":0,"event_name":"Golden Shrine","floor":11,"gold_loss":0},{"damage_healed":0,"gold_gain":0,"player_choice":"Paid Fearfully","damage_taken":0,"max_hp_gain":0,"max_hp_loss":0,"event_name":"Masked Bandits","floor":21,"gold_loss":26},{"damage_healed":0,"gold_gain":0,"player_choice":"Upgraded","damage_taken":0,"max_hp_gain":0,"max_hp_loss":0,"event_name":"Upgrade Shrine","floor":22,"gold_loss":0,"cards_upgraded":["Die Die Die"]}],"is_beta":false,"boss_relics":[{"not_picked":["Snecko Eye","Velvet Choker"],"picked":"HoveringKite"}],"items_purged_floors":[],"is_endless":false,"potions_floor_spawned":[1,7,8,10,16],"killed_by":"Book of Stabbing","ascension_level":0}}