{"host":"xp5rvh2jwe2ejyfm","time":1614456230,"event":{"mods":["2.2 Compatiblity","Aspiration","Bard","BaseMod","Beaked The Cultist","Better Altar","Better Match","Better Note","Better Sensory Stone","Better Skull","BetterRewards","Colored Powertips","Conspire","Downfall","GifTheSpireLib","Gremlin Mod","GungeonMod","Hermit","Hubris","Jorbs\u0027s Wanderer Trilogy","Mad Scientist","Minty Spire (QoL Compilation)","Potionbrewer","Quick Restart","Replay The Spire","Robot Space Explorer","Shade Mod","Somnambulant","StSLib","The Bug Knight","The Clintock","The Construct","The Cursed","The Disciple","The Forsaken","The Hierophant","The Marked","The Mystic","The Necromancer","The Runesmith","The Servant 0.9.4","The Valiant","The Witch","TheFirefly","TheVacant","thorton"],"gold_per_floor":[118,132,132,148,225,225,225],"floor_reached":6,"language":"ENG","playtime":246,"items_purged":[],"score":36,"play_id":"fdf52db9-d6b2-4a1e-b281-315215dd5716","local_time":"20210227150350","is_ascension_mode":false,"campfire_choices":[],"circlet_count":0,"master_deck":["MadScienceMod:Strike_MadScience","MadScienceMod:Strike_MadScience","MadScienceMod:Strike_MadScience","MadScienceMod:Defend_MadScience","MadScienceMod:Defend_MadScience","MadScienceMod:Defend_MadScience","MadScienceMod:Defend_MadScience","MadScienceMod:PoweredStrike","MadScienceMod:HideBehindJunk","ReplayTheSpireMod:Necrogeddon","MadScienceMod:FlexibleSpear","MadScienceMod:RadioactiveSword","downfall:Icky","MadScienceMod:CaptureMomentum","MadScienceMod:Strafe","MadScienceMod:MinatureWeapons"],"relics":["MadScienceMod:FuelTank","construct:RocketBooster","OrangePellets","DemoMod:MeltedRock"],"acts_visited":["Exordium"],"potions_floor_usage":[6],"damage_taken":[{"damage":9,"enemies":"Jaw Worm","floor":1,"turns":4},{"damage":8,"enemies":"Cultist","floor":2,"turns":6},{"damage":0,"enemies":"Small Slimes","floor":4,"turns":4},{"damage":27,"enemies":"3 Sentries","floor":6,"turns":4}],"seed_played":"-4902135491068070289","potions_obtained":[{"floor":1,"key":"DemoMod:LeadSkinPotion"},{"floor":2,"key":"Block Potion"}],"is_trial":false,"path_per_floor":["M","M","?","M","T","E"],"character_chosen":"MAD_SCIENTIST","items_purchased":["MadScienceMod:RecyclingStation+1","ReplayTheSpireMod:Necrogeddon","OrangePellets","MadScienceMod:FlexibleSpear","MadScienceMod:RadioactiveSword"],"campfire_rested":0,"item_purchase_floors":[0,0,0,0,0],"current_hp_per_floor":[31,23,23,23,23,0,0],"gold":225,"neow_bonus":"","is_daily":false,"chose_seed":false,"campfire_upgraded":0,"win_rate":0.0,"timestamp":1614456230,"path_taken":["M","M","?","?","?","E"],"items_purchased_type":["Card","Card","Relic","Card","Card"],"build_version":"2020-12-22","purchased_purges":0,"victory":false,"max_hp_per_floor":[75,75,75,75,75,75,75],"card_choices":[{"not_picked":["MadScienceMod:ShrinkRay","MadScienceMod:Refuel"],"picked":"MadScienceMod:CaptureMomentum","floor":1},{"not_picked":["MadScienceMod:FumeBlast","MadScienceMod:BoxOfScraps"],"picked":"MadScienceMod:Strafe","floor":2},{"not_picked":["MadScienceMod:OmniHammer","MadScienceMod:LightOnFire"],"picked":"MadScienceMod:MinatureWeapons","floor":4}],"player_experience":590565,"relics_obtained":[{"floor":5,"key":"DemoMod:MeltedRock"}],"event_choices":[{"damage_healed":0,"gold_gain":0,"player_choice":"Ignored","damage_taken":0,"max_hp_gain":0,"max_hp_loss":0,"event_name":"betterNote:BetterNote","floor":3,"gold_loss":0,"cards_obtained":["Death_March_Dance"]}],"is_beta":false,"boss_relics":[],"items_purged_floors":[],"is_endless":false,"potions_floor_spawned":[1,2],"killed_by":"3 Sentries","ascension_level":0}}