{"host":"ujyomg7d1f18u2we","time":1614439666,"event":{"mods":["AchievementEnabler","AlwaysNeverKeys","Aspiration","BaseMod","Colored Map","DeckTracker","Gremlin Skip","Highlight Path","Hubris","Minty Spire (QoL Compilation)","Quick Restart","Random Character Button","StSLib"],"gold_per_floor":[113,126,141,141,161,161,194,194,194,194,212,222,233,245,245,344,344,361,341,354,207,238,269,279,298,321,420,431,47,79,91,103,212,224,253,265,277,308,320,332,357,296,296,296,296,108,119,134,134,134,134],"floor_reached":50,"language":"ENG","playtime":1505,"items_purged":["Doppelganger"],"score":511,"play_id":"c952c9ca-6e9f-4e58-9aec-2a4f2e0027a3","local_time":"20210227122746","is_ascension_mode":false,"campfire_choices":[{"data":"Bash","floor":6,"key":"SMITH"},{"data":"Rampage","floor":8,"key":"SMITH"},{"data":"Metallicize","floor":10,"key":"SMITH"},{"floor":15,"key":"REST"},{"data":"Barricade","floor":32,"key":"SMITH"},{"floor":40,"key":"REST"},{"floor":44,"key":"REST"},{"data":"Blood for Blood","floor":49,"key":"SMITH"}],"circlet_count":0,"master_deck":["Strike_R","Strike_R","Strike_R","Defend_R+1","Defend_R","Bash+1","Blood for Blood+1","Metallicize+1","All Out Attack","Backstab","Rampage+1","Shrug It Off+1","Barricade+1"],"relics":["Burning Blood","aspiration:Nostalgia","Cracked Core","Sundial","aspiration:Lifesprig","SlaversCollar","PreservedInsect","Red Mask","hubris:PeanutButter","Happy Flower","Membership Card","Orichalcum","hubris:SphereOfDissonance","MawBank","Anchor","Sling","Bag of Marbles","Vajra","War Paint"],"acts_visited":["Exordium","TheCity","TheBeyond"],"potions_floor_usage":[7,11,16,16,20,22,23,24,33,35,47,48,50],"damage_taken":[{"damage":1,"enemies":"Jaw Worm","floor":1,"turns":3},{"damage":1,"enemies":"Cultist","floor":2,"turns":3},{"damage":0,"enemies":"2 Louse","floor":3,"turns":2},{"damage":6,"enemies":"Blue Slaver","floor":5,"turns":3},{"damage":10,"enemies":"3 Sentries","floor":7,"turns":5},{"damage":12,"enemies":"Exordium Wildlife","floor":11,"turns":3},{"damage":17,"enemies":"3 Louse","floor":12,"turns":2},{"damage":6,"enemies":"Blue Slaver","floor":13,"turns":4},{"damage":6,"enemies":"Exordium Wildlife","floor":14,"turns":3},{"damage":4,"enemies":"Slime Boss","floor":16,"turns":7},{"damage":10,"enemies":"Chosen","floor":18,"turns":4},{"damage":10,"enemies":"2 Thieves","floor":20,"turns":3},{"damage":19,"enemies":"Masked Bandits","floor":22,"turns":4},{"damage":30,"enemies":"Book of Stabbing","floor":23,"turns":5},{"damage":15,"enemies":"Snecko","floor":24,"turns":5},{"damage":0,"enemies":"Centurion and Healer","floor":25,"turns":6},{"damage":16,"enemies":"Sentry and Sphere","floor":28,"turns":6},{"damage":0,"enemies":"Slavers","floor":30,"turns":4},{"damage":55,"enemies":"Collector","floor":33,"turns":13},{"damage":32,"enemies":"3 Shapes","floor":35,"turns":5},{"damage":20,"enemies":"3 Darklings","floor":38,"turns":10},{"damage":19,"enemies":"Sphere and 2 Shapes","floor":41,"turns":7},{"damage":0,"enemies":"Transient","floor":47,"turns":5},{"damage":32,"enemies":"Maw","floor":48,"turns":9},{"damage":83,"enemies":"Awakened One","floor":50,"turns":10}],"seed_played":"-1736189916909962886","potions_obtained":[{"floor":2,"key":"Dexterity Potion"},{"floor":5,"key":"AttackPotion"},{"floor":11,"key":"Fruit Juice"},{"floor":14,"key":"Block Potion"},{"floor":16,"key":"Fire Potion"},{"floor":18,"key":"BlessingOfTheForge"},{"floor":19,"key":"Regen Potion"},{"floor":20,"key":"LiquidBronze"},{"floor":23,"key":"BloodPotion"},{"floor":30,"key":"ColorlessPotion"},{"floor":35,"key":"Fruit Juice"},{"floor":47,"key":"BloodPotion"},{"floor":48,"key":"LiquidMemories"}],"is_trial":false,"path_per_floor":["M","M","M","?","M","R","E","R","T","R","M","M","M","M","R","B",null,"M","?","M","$","?","E","M","M","T","?","M","$","E","$","R","B",null,"M","?","T","M","?","R","M","$","T","R","?","$","M","M","R","B"],"character_chosen":"IRONCLAD","items_purchased":["PreservedInsect","Membership Card","Orichalcum","hubris:SphereOfDissonance","Sling","Vajra","War Paint","LiquidMemories"],"campfire_rested":3,"item_purchase_floors":[21,29,29,29,42,46,46,46],"current_hp_per_floor":[80,80,80,80,80,80,76,76,76,76,75,64,64,64,85,85,85,81,81,77,77,64,54,62,68,68,68,58,58,64,64,64,15,85,64,64,64,50,50,77,64,64,64,90,90,90,90,82,82,0,0],"gold":134,"neow_bonus":"NOSTALGIA","is_daily":false,"chose_seed":false,"campfire_upgraded":5,"win_rate":0.0,"timestamp":1614439666,"path_taken":["M","M","M","?","M","R","E","R","T","R","M","?","M","M","R","BOSS","M","?","M","?","?","E","M","?","T","?","M","$","E","$","R","BOSS","M","?","?","?","?","R","M","?","T","R","?","$","M","M","R","BOSS"],"items_purchased_type":["Relic","Relic","Relic","Relic","Relic","Relic","Relic","Potion"],"build_version":"2020-12-22","purchased_purges":1,"victory":false,"max_hp_per_floor":[80,80,80,80,80,80,80,80,80,80,85,85,85,85,85,85,85,85,85,85,85,85,85,85,85,85,85,85,85,85,85,85,85,85,90,90,90,90,90,90,90,90,90,90,90,90,90,90,90,90,90],"card_choices":[{"not_picked":["Thunderclap","Second Wind"],"picked":"Blood for Blood","floor":1},{"not_picked":["Anger","Evolve","Headbutt"],"picked":"SKIP","floor":2},{"not_picked":["hubris:ReadiedAction","Rage"],"picked":"Metallicize","floor":3},{"not_picked":["Bloodletting","Disarm"],"picked":"Rampage","floor":5},{"not_picked":["Rage","Ghostly Armor","Clash"],"picked":"SKIP","floor":7},{"not_picked":["Perfected Strike","Entrench","Flame Barrier"],"picked":"SKIP","floor":11},{"not_picked":["Wild Strike","True Grit","Pommel Strike"],"picked":"SKIP","floor":12},{"not_picked":["Body Slam","Ghostly Armor","Bloodletting"],"picked":"SKIP","floor":13},{"not_picked":["Whirlwind","Seeing Red","Clash"],"picked":"SKIP","floor":14},{"not_picked":["Anger+1","True Grit"],"picked":"Shrug It Off","floor":18},{"not_picked":["Clothesline","hubris:ReadiedAction+1","Fire Breathing"],"picked":"SKIP","floor":20},{"not_picked":["Spot Weakness","Body Slam+1","Warcry"],"picked":"SKIP","floor":23},{"not_picked":["Disarm","Burning Pact","Twin Strike"],"picked":"SKIP","floor":24},{"not_picked":["hubris:SharpeningStone","Anger+1","Limit Break"],"picked":"SKIP","floor":25},{"not_picked":["Clash+1","Warcry","Dual Wield+1"],"picked":"SKIP","floor":28},{"not_picked":["Twin Strike","Perfected Strike"],"picked":"Barricade","floor":30},{"not_picked":["Shockwave","hubris:CleavingFinish","Cleave+1"],"picked":"SKIP","floor":35},{"not_picked":["Anger+1","hubris:ReadiedAction","Shockwave"],"picked":"SKIP","floor":38},{"not_picked":["Clash+1","Sword Boomerang","Thunderclap+1"],"picked":"SKIP","floor":41},{"not_picked":["Havoc","Sword Boomerang+1","Headbutt+1"],"picked":"SKIP","floor":47},{"not_picked":["Combust+1","Reckless Charge+1","Burning Pact+1"],"picked":"SKIP","floor":48}],"player_experience":1595567,"relics_obtained":[{"floor":7,"key":"Sundial"},{"floor":9,"key":"aspiration:Lifesprig"},{"floor":22,"key":"Red Mask"},{"floor":23,"key":"hubris:PeanutButter"},{"floor":26,"key":"Happy Flower"},{"floor":30,"key":"MawBank"},{"floor":37,"key":"Anchor"},{"floor":43,"key":"Bag of Marbles"}],"event_choices":[{"damage_healed":0,"gold_gain":0,"player_choice":"Bought 1 Potion","damage_taken":0,"max_hp_gain":0,"max_hp_loss":0,"event_name":"The Woman in Blue","floor":19,"gold_loss":0},{"damage_healed":0,"gold_gain":0,"player_choice":"Fought Bandits","damage_taken":0,"max_hp_gain":0,"max_hp_loss":0,"event_name":"Masked Bandits","floor":22,"gold_loss":0},{"damage_healed":0,"gold_gain":99,"player_choice":"Stole From Cult","damage_taken":0,"max_hp_gain":0,"max_hp_loss":0,"event_name":"Nest","floor":27,"gold_loss":0},{"cards_removed":["Defend_R"],"damage_healed":0,"gold_gain":0,"player_choice":"Removed Skill","damage_taken":0,"max_hp_gain":0,"max_hp_loss":0,"event_name":"Falling","floor":36,"gold_loss":0}],"is_beta":false,"boss_relics":[{"not_picked":["Velvet Choker","hubris:BlackHole"],"picked":"SlaversCollar"},{"not_picked":["Philosopher\u0027s Stone","Coffee Dripper","hubris:VirtuousBlindfold"]}],"items_purged_floors":[29],"is_endless":false,"potions_floor_spawned":[2,5,11,14,16,18,20,23,30,35,47,48],"killed_by":"Awakened One","ascension_level":0}}