{"host":"3l94tha3a4jgu0q4","time":1614444088,"event":{"mods":["2.2 Compatiblity","AchievementEnabler","Aspiration","BaseMod","Better Altar","Better Match","Better Note","Better Sensory Stone","Better Skull","Better Third Choice","Colored Map","Colored Powertips","Fox Events","Hermit","Highlight Path","Hubris","Humility","Minty Spire (QoL Compilation)","Monster B Gone","Permanent Neow","Relic Stats","Replay The Spire","StSLib","SuperFastMode","The IronCluck","Wandering Minibosses","slay the spire mod where everything is the same but ironclad has a cowboy hat"],"gold_per_floor":[114,214,227,177,177,202,202,202,202,231,53,65,65,65,65,170,170,190,190,0,17,32,65,81,81,107,120,120,131,141,141,141,245,245,258,258,258,268,280,309,309,209,233,233,252,252,267,267,267,64,64,64,64],"floor_reached":52,"language":"ENG","playtime":1218,"items_purged":["Strike_G","Strike_G","Strike_G+1"],"score":610,"play_id":"906356fe-2aec-482e-a834-95a9a051702a","local_time":"20210227084128","is_ascension_mode":false,"campfire_choices":[{"floor":8,"key":"REST"},{"data":"Footwork","floor":15,"key":"SMITH"},{"data":"Adrenaline","floor":25,"key":"SMITH"},{"data":"Neutralize","floor":28,"key":"SMITH"},{"data":"Finisher","floor":32,"key":"SMITH"},{"data":"Phantasmal Killer","floor":41,"key":"SMITH"},{"data":"Blade Dance","floor":44,"key":"SMITH"},{"data":"Choke","floor":46,"key":"SMITH"},{"data":"After Image","floor":51,"key":"SMITH"}],"circlet_count":0,"master_deck":["Defend_G","Defend_G","Defend_G+1","Defend_G","Survivor","Neutralize+1","Cloak And Dagger+1","Finisher+1","Predator","Blade Dance+1","Footwork+1","Dagger Spray","Prepared","Adrenaline+1","AbeCurse","hubris:Sniper+1","Cloak And Dagger+1","Prepared+1","Hidden Blade+1","Quick Slash+1","Doppelganger","Dagger Throw+1","Infinite Blades+1","Phantasmal Killer+1","Backstab+1","Masterful Stab+1","Underhanded Strike+1","Choke+1","After Image+1"],"relics":["Ring of the Snake","aspiration:Nostalgia","Cracked Core","Lantern","Replay:Rubber Ducky","hubris:Icosahedron","Abe\u0027s Treasure","Nunchaku","Bag of Preparation","Simple Rune","Philosopher\u0027s Stone","Potion Belt","Ancient Tea Set"],"acts_visited":["Exordium","TheCity","TheBeyond"],"potions_floor_usage":[16,16,23,29,30,40,52,52],"damage_taken":[{"damage":2,"enemies":"Small Slimes","floor":1,"turns":4},{"damage":4,"enemies":"Cultist","floor":3,"turns":3},{"damage":52,"enemies":"Gremlin Nob","floor":6,"turns":5},{"damage":15,"enemies":"Lagavulin","floor":10,"turns":8},{"damage":0,"enemies":"2 Louse","floor":12,"turns":2},{"damage":7,"enemies":"Slime Boss","floor":16,"turns":8},{"damage":0,"enemies":"3 Byrds","floor":18,"turns":3},{"damage":0,"enemies":"Chosen","floor":21,"turns":2},{"damage":23,"enemies":"3 Cultists","floor":22,"turns":4},{"damage":1,"enemies":"Book of Stabbing","floor":23,"turns":5},{"damage":0,"enemies":"Shelled Parasite and Fungi","floor":24,"turns":2},{"damage":0,"enemies":"Snake Plant","floor":27,"turns":3},{"damage":0,"enemies":"Centurion and Healer","floor":29,"turns":2},{"damage":5,"enemies":"3 Cultists","floor":30,"turns":6},{"damage":0,"enemies":"Collector","floor":33,"turns":5},{"damage":3,"enemies":"Orb Walker","floor":35,"turns":2},{"damage":0,"enemies":"3 Darklings","floor":38,"turns":2},{"damage":21,"enemies":"Writhing Mass","floor":39,"turns":4},{"damage":0,"enemies":"Reptomancer","floor":40,"turns":2},{"damage":0,"enemies":"Jaw Worm Horde","floor":45,"turns":2},{"damage":0,"enemies":"Maw","floor":47,"turns":4},{"damage":48,"enemies":"Time Eater","floor":52,"turns":5}],"seed_played":"-6297864124590954476","potions_obtained":[{"floor":10,"key":"Cursed Concoction"},{"floor":12,"key":"Dexterity Potion"},{"floor":18,"key":"BlessingOfTheForge"},{"floor":27,"key":"DistilledChaos"},{"floor":29,"key":"BlessingOfTheForge"},{"floor":33,"key":"Cursed Concoction"},{"floor":35,"key":"ColorlessPotion"},{"floor":40,"key":"Fire Potion"}],"is_trial":false,"path_per_floor":["M","?","M","?","?","E","?","R","T","E","$","M","?","?","R","B",null,"M","?","$","M","M","E","M","R","T","M","R","M","M","?","R","B",null,"M","?","?","M","M","E","R","$","T","R","M","R","M","PTL","PTL","$","R","B"],"character_chosen":"THE_SILENT","items_purchased":["Footwork","Dagger Spray","Nunchaku","Prepared+1","After Image"],"campfire_rested":1,"item_purchase_floors":[11,11,20,20,50],"current_hp_per_floor":[68,68,64,64,57,5,28,49,49,34,34,34,34,34,34,27,70,70,70,70,70,47,46,46,46,46,46,46,46,41,41,41,41,70,67,67,67,67,46,46,46,46,46,46,46,46,46,46,46,46,46,0,0],"gold":64,"neow_bonus":"NOSTALGIA","is_daily":false,"chose_seed":false,"campfire_upgraded":8,"win_rate":0.0,"timestamp":1614444088,"path_taken":["M","?","?","?","?","E","?","R","T","E","?","?","?","?","R","BOSS","M","?","$","?","M","E","M","R","T","?","R","M","M","?","R","BOSS","M","?","?","M","?","E","R","$","T","R","M","R","?","PTL","PTL","$","R","BOSS"],"items_purchased_type":["Card","Card","Relic","Card","Card"],"build_version":"2020-12-22","purchased_purges":3,"victory":false,"max_hp_per_floor":[70,70,70,70,70,70,70,70,70,70,70,70,70,70,70,70,70,70,70,70,70,70,70,70,70,70,70,70,70,70,70,70,70,70,70,70,70,70,70,70,70,70,70,70,70,70,70,70,70,70,70,70,70],"relic_stats":{"Nunchaku":[28],"counters":[22,83],"Bag of Preparation":[24],"obtain_stats":[{"Potion Belt":40,"Lantern":6,"aspiration:Nostalgia":0,"Bag of Preparation":23,"Ancient Tea Set":43,"Replay:Rubber Ducky":10,"Nunchaku":20,"hubris:Icosahedron":14,"Simple Rune":26,"Philosopher\u0027s Stone":34,"Cracked Core":0,"Abe\u0027s Treasure":17,"Ring of the Snake":0},{"Potion Belt":19,"Lantern":3,"aspiration:Nostalgia":0,"Bag of Preparation":10,"Ancient Tea Set":19,"Replay:Rubber Ducky":4,"Nunchaku":7,"hubris:Icosahedron":5,"Simple Rune":11,"Philosopher\u0027s Stone":15,"Cracked Core":0,"Abe\u0027s Treasure":6,"Ring of the Snake":0},{"Potion Belt":72,"Lantern":12,"aspiration:Nostalgia":0,"Bag of Preparation":44,"Ancient Tea Set":72,"Replay:Rubber Ducky":20,"Nunchaku":33,"hubris:Icosahedron":22,"Simple Rune":46,"Philosopher\u0027s Stone":62,"Cracked Core":0,"Abe\u0027s Treasure":30,"Ring of the Snake":0}],"Ring of the Snake":[44]},"card_choices":[{"not_picked":["Dagger Throw","Outmaneuver"],"picked":"Cloak And Dagger","floor":1},{"not_picked":["Poisoned Stab","Deadly Poison"],"picked":"Finisher","floor":3},{"not_picked":["Dagger Throw","Terror"],"picked":"Predator","floor":6},{"not_picked":["Catalyst","hubris:Sniper"],"picked":"Blade Dance","floor":10},{"not_picked":["ReplayTheSpireMod:Shiv Toss","Quick Slash"],"picked":"Prepared","floor":12},{"not_picked":["Wraith Form v2","Atom Bomb"],"picked":"Adrenaline","floor":16},{"not_picked":["Deadly Poison","ReplayTheSpireMod:Tripwire"],"picked":"hubris:Sniper+1","floor":18},{"not_picked":["Dodge and Roll","Deadly Poison"],"picked":"Hidden Blade+1","floor":21},{"not_picked":["Flying Knee","Slice"],"picked":"Quick Slash+1","floor":22},{"not_picked":["hubris:TrickCloak+1","Hidden Blade","Underhanded Strike+1"],"picked":"SKIP","floor":23},{"not_picked":["Outmaneuver","Calculated Gamble"],"picked":"Doppelganger","floor":24},{"not_picked":["Heel Hook","Noxious Fumes"],"picked":"Dagger Throw+1","floor":27},{"not_picked":["Outmaneuver","hubris:SlightOfHand","Sucker Punch"],"picked":"SKIP","floor":29},{"not_picked":["ReplayTheSpireMod:Exploit Weakness+1","Prepared"],"picked":"Infinite Blades+1","floor":30},{"not_picked":["Venomology","Die Die Die"],"picked":"Phantasmal Killer","floor":33},{"not_picked":["Quick Slash","ReplayTheSpireMod:Speed Training+1","Deadly Poison"],"picked":"SKIP","floor":35},{"not_picked":["Underhanded Strike+1","Predator+1"],"picked":"Backstab+1","floor":38},{"not_picked":["Dodge and Roll+1","Slice+1"],"picked":"Masterful Stab+1","floor":39},{"not_picked":["Backflip","Quick Slash"],"picked":"Underhanded Strike+1","floor":40},{"not_picked":["Deadly Poison+1","Outmaneuver+1"],"picked":"Choke","floor":45},{"not_picked":["hubris:SlightOfHand+1","Blade Dance","Dodge and Roll"],"picked":"SKIP","floor":47}],"player_experience":2002213,"relics_obtained":[{"floor":6,"key":"Lantern"},{"floor":10,"key":"Replay:Rubber Ducky"},{"floor":23,"key":"Bag of Preparation"},{"floor":26,"key":"Simple Rune"},{"floor":40,"key":"Potion Belt"},{"floor":43,"key":"Ancient Tea Set"}],"event_choices":[{"damage_healed":0,"gold_gain":100,"player_choice":"Pray","damage_taken":0,"max_hp_gain":0,"max_hp_loss":0,"event_name":"Golden Shrine","floor":2,"gold_loss":0},{"cards_removed":["Strike_G"],"damage_healed":0,"gold_gain":0,"player_choice":"Card Removal","damage_taken":0,"max_hp_gain":0,"max_hp_loss":0,"event_name":"The Cleric","floor":4,"gold_loss":50},{"cards_removed":["Defend_G"],"damage_healed":0,"gold_gain":0,"player_choice":"Card Removal","damage_taken":7,"max_hp_gain":0,"max_hp_loss":0,"event_name":"Golden Wing","floor":5,"gold_loss":0},{"damage_healed":23,"gold_gain":0,"player_choice":"Banana","damage_taken":0,"max_hp_gain":0,"max_hp_loss":0,"event_name":"Big Fish","floor":7,"gold_loss":0},{"damage_healed":0,"gold_gain":0,"player_choice":"Grow","damage_taken":0,"max_hp_gain":0,"max_hp_loss":0,"event_name":"Living Wall","floor":13,"gold_loss":0,"cards_upgraded":["Cloak And Dagger"]},{"damage_healed":0,"gold_gain":0,"player_choice":"Copied","damage_taken":0,"max_hp_gain":0,"max_hp_loss":0,"event_name":"Duplicator","floor":19,"gold_loss":0,"cards_obtained":["Cloak And Dagger"]},{"cards_removed":["Strike_G"],"damage_healed":0,"gold_gain":0,"player_choice":"Purged","damage_taken":0,"max_hp_gain":0,"max_hp_loss":0,"event_name":"Purifier","floor":31,"gold_loss":0},{"damage_healed":0,"gold_gain":0,"player_choice":"Ignored","damage_taken":0,"max_hp_gain":0,"max_hp_loss":0,"event_name":"Tomb of Lord Red Mask","floor":36,"gold_loss":0},{"damage_healed":0,"gold_gain":0,"player_choice":"Ignored","damage_taken":0,"max_hp_gain":0,"max_hp_loss":0,"event_name":"betterNote:BetterNote","floor":37,"gold_loss":0,"cards_obtained":["Devotion"]}],"is_beta":false,"boss_relics":[{"not_picked":["Ring of Chaos","Busted Crown"],"picked":"Abe\u0027s Treasure"},{"not_picked":["aspiration:RitualDagger","aspiration:FutureDiary"],"picked":"Philosopher\u0027s Stone"}],"items_purged_floors":[11,42,50],"is_endless":false,"potions_floor_spawned":[10,12,18,27,29,33,35,40],"killed_by":"Time Eater","ascension_level":0,"is_humility":true}}