{"host":"xdbac5uiks898er5","time":1614420991,"event":{"mods":["2.2 Compatiblity","BaseMod","Become a monster ???","Lobotomy","LobotomyExtend","Minty Spire (QoL Compilation)","Spire Arcade","StSLib","SuperFastMode","Unknown Chances"],"gold_per_floor":[112,123,123,141,216,216,216],"floor_reached":6,"language":"ENG","playtime":172,"items_purged":[],"score":36,"play_id":"f13d77de-575e-4b08-9bf8-88e3fd69ced3","local_time":"20210227111631","is_ascension_mode":false,"campfire_choices":[],"circlet_count":0,"master_deck":["Strike_R","Strike_R","Strike_R","Strike_R","Strike_R","Defend_R","Defend_R","Defend_R","Defend_R","Bash","CherryBlossoms","Sword Boomerang","MeatLantern","Berserk","BeautyBeast"],"relics":["Burning Blood","CogitoBucket","LetterFromLob"],"acts_visited":["Exordium"],"potions_floor_usage":[],"damage_taken":[{"damage":14,"enemies":"Jaw Worm","floor":1,"turns":4},{"damage":1,"enemies":"Cultist","floor":2,"turns":3},{"damage":0,"enemies":"Small Slimes","floor":4,"turns":4},{"damage":70,"enemies":"3 Sentries","floor":6,"turns":8}],"seed_played":"3036183359584062514","potions_obtained":[{"floor":2,"key":"SpeedPotion"},{"floor":4,"key":"LiquidMemories"}],"is_trial":false,"path_per_floor":["M","M","?","M","?","E"],"character_chosen":"IRONCLAD","items_purchased":[],"campfire_rested":0,"item_purchase_floors":[],"current_hp_per_floor":[72,77,77,80,69,0,0],"gold":216,"neow_bonus":"","is_daily":false,"chose_seed":false,"campfire_upgraded":0,"win_rate":0.0,"timestamp":1614420991,"path_taken":["M","M","?","?","?","E"],"items_purchased_type":[],"build_version":"2020-12-22","purchased_purges":0,"victory":false,"max_hp_per_floor":[80,80,80,80,80,80,80],"card_choices":[{"not_picked":["Wellcheers","SpiderBud"],"picked":"CherryBlossoms","floor":1},{"not_picked":["Shockwave","Warcry"],"picked":"Sword Boomerang","floor":1},{"not_picked":["WallGazer","ShyLook"],"picked":"MeatLantern","floor":2},{"not_picked":["Thunderclap","Flame Barrier"],"picked":"Berserk","floor":2},{"not_picked":["HeroicMonk","CrumblingArmor"],"picked":"BeautyBeast","floor":4},{"not_picked":["Perfected Strike","Pommel Strike","Rampage"],"picked":"SKIP","floor":4}],"player_experience":5400,"relics_obtained":[{"floor":1,"key":"LetterFromLob"}],"event_choices":[{"damage_healed":0,"gold_gain":0,"player_choice":"Ignored","damage_taken":0,"max_hp_gain":0,"max_hp_loss":0,"event_name":"NoteForYourself","floor":3,"gold_loss":0},{"damage_healed":0,"gold_gain":75,"player_choice":"Gather Gold","damage_taken":11,"max_hp_gain":0,"max_hp_loss":0,"event_name":"World of Goop","floor":5,"gold_loss":0}],"is_beta":false,"boss_relics":[],"items_purged_floors":[],"is_endless":false,"potions_floor_spawned":[2,4],"killed_by":"3 Sentries","ascension_level":0}}