{"host":"nwd160me4iqdtr8u","time":1614397749,"event":{"mods":["AchievementEnabler","Act Like it!","BaseMod","Colored Map","DeckTracker","Keyboard Shortcuts","Minty Spire (QoL Compilation)","Quick Restart","Rare Cards Sparkle","Smile Girya","StSLib","SuperFastMode","everything is the same but u backflip on backflip"],"gold_per_floor":[111,33,53,53,63,92,92,107,133,133,143,143,143,17,17,116,116,135,234,252,252,252],"floor_reached":21,"language":"KOR","playtime":1166,"items_purged":[],"score":298,"play_id":"4cb2badc-8e62-4761-82bb-0b92dd406588","local_time":"20210227124909","is_ascension_mode":true,"campfire_choices":[{"data":"Barricade","floor":7.0,"key":"SMITH"},{"data":"Blood for Blood","floor":10,"key":"SMITH"},{"data":"Master of Strategy","floor":13,"key":"SMITH"},{"data":"Feel No Pain","floor":15,"key":"SMITH"}],"circlet_count":0,"master_deck":["Strike_R","Strike_R+1","Strike_R","Strike_R","Strike_R","Defend_R","Defend_R","Defend_R","Defend_R","Bash","Regret","Master of Strategy+1","Pommel Strike+1","Blood for Blood+1","Corruption","Barricade+1","Bloodletting","Shrug It Off","Feel No Pain+1","Immolate","Ghostly Armor","Armaments+1"],"relics":["Burning Blood","Juzu Bracelet","Omamori","SlaversCollar"],"acts_visited":["Exordium","TheCity"],"potions_floor_usage":[16,21],"damage_taken":[{"damage":8.0,"enemies":"2 Louse","floor":1.0,"turns":3.0},{"damage":6.0,"enemies":"Jaw Worm","floor":3.0,"turns":4.0},{"damage":6.0,"enemies":"Cultist","floor":5.0,"turns":3.0},{"damage":14.0,"enemies":"Lagavulin","floor":6.0,"turns":4.0},{"damage":19,"enemies":"Large Slime","floor":8,"turns":7},{"damage":10,"enemies":"Blue Slaver","floor":11,"turns":3},{"damage":10,"enemies":"Slime Boss","floor":16,"turns":5},{"damage":24,"enemies":"Shell Parasite","floor":18,"turns":6},{"damage":30,"enemies":"Spheric Guardian","floor":20,"turns":6},{"damage":42,"enemies":"Masked Bandits","floor":21,"turns":3}],"seed_played":"5706394014544097325","potions_obtained":[{"floor":3.0,"key":"FearPotion"},{"floor":5.0,"key":"AttackPotion"},{"floor":8,"key":"PowerPotion"},{"floor":16,"key":"FearPotion"}],"is_trial":false,"path_per_floor":["M","$","M","?","M","E","R","M","T","R","M","?","R","$","R","B",null,"M","?","M","?"],"character_chosen":"IRONCLAD","items_purchased":["Blood for Blood","Shrug It Off","Feel No Pain"],"campfire_rested":0,"item_purchase_floors":[2,14,14],"current_hp_per_floor":[70,70,70,54,54,46,46,33,33,33,29,55,55,55,55,51,73,55,55,31,0,0],"gold":252,"neow_bonus":"RANDOM_COLORLESS_2","is_daily":false,"chose_seed":false,"campfire_upgraded":4,"win_rate":0.0,"timestamp":1614397749,"path_taken":["M","$","M","?","M","E","R","M","T","R","M","?","R","?","R","BOSS","M","?","M","?"],"items_purchased_type":["Card","Card","Card"],"build_version":"2020-12-22","purchased_purges":0,"victory":false,"max_hp_per_floor":[80,80,80,80,80,80,80,80,80,80,80,80,80,80,80,80,80,80,80,80,80,80],"card_choices":[{"not_picked":["Magnetism","The Bomb"],"picked":"Master of Strategy","floor":0.0},{"not_picked":["Iron Wave","Rampage"],"picked":"Pommel Strike","floor":1.0},{"not_picked":["Whirlwind","Cleave"],"picked":"Corruption","floor":3.0},{"not_picked":["Thunderclap","Headbutt","Metallicize"],"picked":"SKIP","floor":5.0},{"not_picked":["Headbutt","Wild Strike"],"picked":"Barricade","floor":6.0},{"not_picked":["Headbutt","Combust"],"picked":"Bloodletting","floor":8},{"not_picked":["Rage","Dropkick","Perfected Strike"],"picked":"SKIP","floor":11},{"not_picked":["Rage","Dropkick","Perfected Strike"],"picked":"SKIP","floor":11},{"not_picked":["Brutality","Impervious"],"picked":"Immolate","floor":16},{"not_picked":["Body Slam","Anger+1"],"picked":"Ghostly Armor","floor":18},{"not_picked":["Feel No Pain","Spot Weakness"],"picked":"Armaments+1","floor":20}],"player_experience":448496,"relics_obtained":[{"floor":6.0,"key":"Juzu Bracelet"},{"floor":9,"key":"Omamori"}],"event_choices":[{"damage_healed":0.0,"max_hp_gain":0.0,"max_hp_loss":0.0,"gold_gain":0.0,"event_name":"Shining Light","player_choice":"Entered Light","floor":4.0,"gold_loss":0.0,"damage_taken":16.0,"cards_upgraded":["Pommel Strike","Strike_R"]},{"damage_healed":26,"gold_gain":0,"player_choice":"Banana","damage_taken":0,"max_hp_gain":0,"max_hp_loss":0,"event_name":"Big Fish","floor":12,"gold_loss":0},{"damage_healed":0,"gold_gain":99,"player_choice":"Stole From Cult","damage_taken":0,"max_hp_gain":0,"max_hp_loss":0,"event_name":"Nest","floor":19,"gold_loss":0},{"damage_healed":0,"gold_gain":0,"player_choice":"Fought Bandits","damage_taken":0,"max_hp_gain":0,"max_hp_loss":0,"event_name":"Masked Bandits","floor":21,"gold_loss":0}],"is_beta":false,"boss_relics":[{"not_picked":["Coffee Dripper","Velvet Choker"],"picked":"SlaversCollar"}],"items_purged_floors":[],"is_endless":false,"potions_floor_spawned":[3,5,8,16],"killed_by":"Masked Bandits","ascension_level":6}}