{"host":"19r1ww88x2tc73i0","time":1614406657,"event":{"mods":["BaseMod","BetterRewards","Colored Map","Minty Spire (QoL Compilation)","Relic Stats","StSLib","SuperFastMode","slay the spire mod where everything is the same but ironclad has a cowboy hat"],"gold_per_floor":[16,32,43,60,60,60,91,106,106,134,145,145,145,164,164,240,240,254,254,10,10,29,29,29,79,104,123,123,148,166,181,181,255,255,267,292,292,217,232,263,263,280,280,280,280,300,12,12,12,12,12],"floor_reached":50,"language":"ENG","playtime":2143,"items_purged":["Strike_B"],"score":1054,"play_id":"f4ec0788-9f5a-4db1-90c8-565a44dc29c2","local_time":"25640227131737","is_ascension_mode":true,"campfire_choices":[{"data":"Ball Lightning","floor":6.0,"key":"SMITH"},{"floor":12.0,"key":"REST"},{"data":"Capacitor","floor":15.0,"key":"SMITH"},{"data":"Fusion","floor":23,"key":"SMITH"},{"floor":28,"key":"REST"},{"floor":32,"key":"REST"},{"floor":41,"key":"REST"},{"floor":49,"key":"RECALL"}],"circlet_count":0,"master_deck":["AscendersBane","Dualcast","Electrodynamics","Beam Cell","Hologram","Skim","Ball Lightning+1","Streamline","Cold Snap","Go for the Eyes","Capacitor+1","Seek","Compile Driver","Electrodynamics","Turbo","Leap","Fusion+1","BootSequence","Tempest","Cold Snap","Leap+1","Buffer","Rebound","Melter","Reboot","Creative AI+1","Amplify+1","Creative AI+1","Conserve Battery+1","Defragment","Multi-Cast","Defragment","Hologram+1","Recycle+1"],"relics":["Cracked Core","Dream Catcher","FossilizedHelix","Emotion Chip","Torii","Gremlin Horn","Empty Cage","Runic Capacitor","Nilry\u0027s Codex","Anchor","Bag of Marbles","Astrolabe","Unceasing Top","PreservedInsect","Mummified Hand"],"acts_visited":["Exordium","TheCity","TheBeyond"],"potions_floor_usage":[30,33,40],"damage_taken":[{"damage":7.0,"enemies":"Small Slimes","floor":1.0,"turns":4.0},{"damage":0.0,"enemies":"Cultist","floor":2.0,"turns":3.0},{"damage":4.0,"enemies":"2 Louse","floor":3.0,"turns":3.0},{"damage":4.0,"enemies":"Large Slime","floor":4.0,"turns":4.0},{"damage":24.0,"enemies":"Lagavulin","floor":7.0,"turns":5.0},{"damage":14.0,"enemies":"Exordium Wildlife","floor":8.0,"turns":3.0},{"damage":0.0,"enemies":"Gremlin Nob","floor":10.0,"turns":3.0},{"damage":3.0,"enemies":"2 Fungi Beasts","floor":11.0,"turns":3.0},{"damage":0.0,"enemies":"Large Slime","floor":14.0,"turns":3.0},{"damage":14.0,"enemies":"Hexaghost","floor":16.0,"turns":8.0},{"damage":8.0,"enemies":"2 Thieves","floor":18.0,"turns":2.0},{"damage":13,"enemies":"Shell Parasite","floor":22,"turns":4},{"damage":1,"enemies":"Snecko","floor":27,"turns":6},{"damage":18,"enemies":"Book of Stabbing","floor":29,"turns":5},{"damage":8,"enemies":"Snake Plant","floor":30,"turns":5},{"damage":0,"enemies":"Centurion and Healer","floor":31,"turns":6},{"damage":9,"enemies":"Collector","floor":33,"turns":9},{"damage":0,"enemies":"Orb Walker","floor":35,"turns":5},{"damage":0,"enemies":"Mind Bloom Boss Battle","floor":36,"turns":8},{"damage":11,"enemies":"3 Shapes","floor":39,"turns":4},{"damage":48,"enemies":"Reptomancer","floor":40,"turns":5},{"damage":23,"enemies":"Sphere and 2 Shapes","floor":42,"turns":4},{"damage":22,"enemies":"Jaw Worm Horde","floor":46,"turns":3},{"damage":46,"enemies":"Time Eater","floor":50,"turns":5}],"seed_played":"2923933131830801361","potions_obtained":[{"floor":1.0,"key":"BlessingOfTheForge"},{"floor":3.0,"key":"Fruit Juice"},{"floor":7.0,"key":"Swift Potion"},{"floor":10.0,"key":"Energy Potion"},{"floor":14.0,"key":"Dexterity Potion"},{"floor":18.0,"key":"Explosive Potion"},{"floor":29,"key":"PowerPotion"},{"floor":31,"key":"SteroidPotion"},{"floor":40,"key":"Ancient Potion"}],"is_trial":false,"path_per_floor":["M","M","M","M","?","R","E","M","T","E","M","R","T","M","R","B",null,"M","?","$","?","M","R","?","?","T","M","R","E","M","M","R","B",null,"M","?","?","$","M","E","R","M","T","$","?","M","$","?","R","B"],"character_chosen":"DEFECT","items_purchased":["Runic Capacitor","Defragment","Mummified Hand"],"campfire_rested":4,"item_purchase_floors":[20,38,47],"current_hp_per_floor":[57,57,53,49,49,49,25,11,11,16,13,35,35,35,35,21,62,54,54,54,54,41,41,20,20,20,19,41,23,15,15,37,28,64,64,64,64,64,53,5,26,3,3,3,59,37,37,37,37,0,0],"gold":12,"neow_bonus":"THREE_RARE_CARDS","is_daily":false,"chose_seed":false,"campfire_upgraded":3,"win_rate":0.0,"timestamp":1614406657,"path_taken":["M","M","M","M","?","R","E","?","T","E","M","R","?","M","R","BOSS","M","?","$","?","?","R","?","?","T","M","R","E","M","M","R","BOSS","M","?","?","$","M","E","R","M","T","$","?","M","?","?","R","BOSS"],"items_purchased_type":["Relic","Card","Relic"],"build_version":"2020-12-22","purchased_purges":1,"victory":false,"max_hp_per_floor":[71,71,71,71,71,71,71,71,71,76,76,76,76,76,76,76,76,76,76,76,76,76,76,76,76,76,76,76,76,76,76,76,76,76,76,76,72,72,72,72,72,72,72,72,59,59,59,59,59,59,59],"relic_stats":{"Dream Catcher":4,"Emotion Chip":[113,87,17,0,9],"Torii":23,"Gremlin Horn":[19,19],"counters":[24,110],"Mummified Hand":[7],"Astrolabe":["Creative AI","Amplify","Creative AI"],"PreservedInsect":0,"obtain_stats":[{"Torii":10,"Gremlin Horn":13,"Nilry\u0027s Codex":24,"Astrolabe":34,"PreservedInsect":40,"Runic Capacitor":20,"Empty Cage":17,"Dream Catcher":5,"Emotion Chip":9,"Anchor":26,"Mummified Hand":47,"Bag of Marbles":29,"Cracked Core":0,"FossilizedHelix":7,"Unceasing Top":36},{"Torii":7,"Gremlin Horn":8,"Nilry\u0027s Codex":12,"Astrolabe":17,"PreservedInsect":21,"Runic Capacitor":11,"Empty Cage":10,"Dream Catcher":4,"Emotion Chip":6,"Anchor":12,"Mummified Hand":23,"Bag of Marbles":14,"Cracked Core":0,"FossilizedHelix":5,"Unceasing Top":19},{"Torii":25,"Gremlin Horn":28,"Nilry\u0027s Codex":45,"Astrolabe":76,"PreservedInsect":98,"Runic Capacitor":41,"Empty Cage":39,"Dream Catcher":14,"Emotion Chip":22,"Anchor":45,"Mummified Hand":105,"Bag of Marbles":56,"Cracked Core":0,"FossilizedHelix":19,"Unceasing Top":89}],"Unceasing Top":[4]},"card_choices":[{"not_picked":["Creative AI","Biased Cognition"],"picked":"Electrodynamics","floor":0.0},{"not_picked":["White Noise","Redo"],"picked":"Beam Cell","floor":1.0},{"not_picked":["Conserve Battery","Aggregate"],"picked":"Hologram","floor":2.0},{"not_picked":["Aggregate","Heatsinks"],"picked":"Skim","floor":3.0},{"not_picked":["Barrage","Reinforced Body"],"picked":"Ball Lightning","floor":4.0},{"not_picked":["Beam Cell","Barrage"],"picked":"Streamline","floor":7.0},{"not_picked":["White Noise","Turbo"],"picked":"Cold Snap","floor":8.0},{"not_picked":["Hologram","Compile Driver"],"picked":"Go for the Eyes","floor":10.0},{"not_picked":["Compile Driver","Chaos"],"picked":"Capacitor","floor":11.0},{"not_picked":["Ball Lightning","Force Field"],"picked":"Seek","floor":12.0},{"not_picked":["Blizzard","Sweeping Beam"],"picked":"Compile Driver","floor":14.0},{"not_picked":["Seek","Machine Learning"],"picked":"Electrodynamics","floor":16.0},{"not_picked":["Beam Cell","Steam"],"picked":"Turbo","floor":18.0},{"not_picked":["Sweeping Beam","Heatsinks"],"picked":"BootSequence","floor":22},{"not_picked":["Steam","Gash"],"picked":"Tempest","floor":27},{"not_picked":["Rebound","Self Repair"],"picked":"Cold Snap","floor":28},{"not_picked":["Reprogram+1","Steam"],"picked":"Leap+1","floor":29},{"not_picked":["Gash","Leap"],"picked":"Buffer","floor":30},{"not_picked":["Skim","Streamline"],"picked":"Rebound","floor":31},{"not_picked":["Hologram","Chaos"],"picked":"Melter","floor":32},{"not_picked":["Creative AI","Seek"],"picked":"Reboot","floor":33},{"not_picked":["Capacitor","Compile Driver","Turbo"],"picked":"SKIP","floor":35},{"not_picked":["FTL","Go for the Eyes"],"picked":"Conserve Battery+1","floor":36},{"not_picked":["Force Field","Streamline"],"picked":"Multi-Cast","floor":39},{"not_picked":["Sweeping Beam","Steam Power+1"],"picked":"Defragment","floor":40},{"not_picked":["Turbo","Cold Snap+1"],"picked":"Hologram+1","floor":42},{"not_picked":["Hologram","Capacitor"],"picked":"Recycle+1","floor":46}],"player_experience":1171537,"relics_obtained":[{"floor":5.0,"key":"Dream Catcher"},{"floor":7.0,"key":"FossilizedHelix"},{"floor":9.0,"key":"Emotion Chip"},{"floor":10.0,"key":"Torii"},{"floor":13.0,"key":"Gremlin Horn"},{"floor":24,"key":"Nilry\u0027s Codex"},{"floor":26,"key":"Anchor"},{"floor":29,"key":"Bag of Marbles"},{"floor":36,"key":"Unceasing Top"},{"floor":40,"key":"PreservedInsect"}],"event_choices":[{"damage_healed":0.0,"max_hp_gain":0.0,"max_hp_loss":0.0,"gold_gain":0.0,"event_name":"Wheel of Change","player_choice":"Relic","floor":5.0,"gold_loss":0.0,"damage_taken":0.0},{"damage_healed":0.0,"max_hp_gain":0.0,"max_hp_loss":0.0,"gold_gain":0.0,"event_name":"Beggar","player_choice":"Ignored","floor":19.0,"gold_loss":0.0,"damage_taken":0.0},{"damage_healed":0.0,"max_hp_gain":0.0,"max_hp_loss":0.0,"gold_gain":0.0,"cards_transformed":["Strike_B","Defend_B"],"event_name":"Drug Dealer","player_choice":"Became Test Subject","floor":21.0,"gold_loss":0.0,"damage_taken":0.0,"cards_obtained":["Leap","Fusion"]},{"damage_healed":0,"gold_gain":0,"player_choice":"Obtained Book","damage_taken":21,"max_hp_gain":0,"max_hp_loss":0,"event_name":"Cursed Tome","floor":24,"gold_loss":0},{"damage_healed":0,"gold_gain":50,"player_choice":"Stole From Cult","damage_taken":0,"max_hp_gain":0,"max_hp_loss":0,"event_name":"Nest","floor":25,"gold_loss":0},{"damage_healed":0,"gold_gain":0,"player_choice":"Fight","damage_taken":0,"max_hp_gain":0,"max_hp_loss":0,"event_name":"MindBloom","floor":36,"gold_loss":0},{"damage_healed":0,"gold_gain":0,"player_choice":"Max HP","damage_taken":0,"max_hp_gain":0,"max_hp_loss":4,"event_name":"Winding Halls","floor":37,"gold_loss":0},{"damage_healed":59,"gold_gain":0,"player_choice":"Heal","damage_taken":0,"max_hp_gain":0,"max_hp_loss":13,"event_name":"The Moai Head","floor":45,"gold_loss":0},{"cards_removed":["Zap"],"damage_healed":0,"gold_gain":0,"player_choice":"Removed Skill","damage_taken":0,"max_hp_gain":0,"max_hp_loss":0,"event_name":"Falling","floor":48,"gold_loss":0}],"is_beta":false,"boss_relics":[{"not_picked":["Busted Crown","Black Star"],"picked":"Empty Cage"},{"not_picked":["Velvet Choker","Cursed Key"],"picked":"Astrolabe"}],"items_purged_floors":[20],"is_endless":false,"potions_floor_spawned":[1,3,7,10,14,18,29,31,40],"killed_by":"Time Eater","ascension_level":20}}