{"host":"ugys05tpep779cl6","time":1614444308,"event":{"mods":["AchievementEnabler","Aspiration","BaseMod","Beaked The Cultist","CatGirl Mod","Colored Powertips","HololiveMod","Lobotomy","Minty Spire (QoL Compilation)","Quick Restart","Replay The Spire","Spicy Shops","StSLib","The Druid"],"gold_per_floor":[11,25,100,118,137,170,170,199,225,256,256,276,310,360,360,465,465,437,214,214,214,226,253,253,279,303,303,303],"floor_reached":27,"language":"ENG","playtime":986,"items_purged":["Strike_R"],"score":380,"play_id":"0f41e472-42fe-4e61-9790-7cf6b706bd2a","local_time":"20210227174508","is_ascension_mode":true,"campfire_choices":[{"data":"Iron Wave","floor":7.0,"key":"SMITH"},{"data":"ReplayTheSpireMod:Limb From Limb","floor":11.0,"key":"SMITH"},{"floor":15.0,"key":"REST"},{"floor":24.0,"key":"REST"}],"circlet_count":0,"master_deck":["Strike_R","Strike_R","Strike_R","Strike_R+1","Defend_R","Defend_R","Defend_R","Defend_R+1","Bash","Iron Wave+1","ReplayTheSpireMod:Limb From Limb+1","Metallicize","Warcry","Body Slam","Inflame","ReplayReversal","ReplayReversal","Barricade"],"relics":["Burning Blood","Turnip","HornCleat","Gremlin Food","Mercury Hourglass","aspiration:FetidBarrel","Hololive_ChaosS","Replay:Baseball","aspiration:RitualStick","Nloth\u0027s Gift","Letter Opener","Shovel","MealTicket"],"acts_visited":["Exordium","TheCity"],"potions_floor_usage":[],"damage_taken":[{"damage":7.0,"enemies":"2 Louse","floor":1.0,"turns":3.0},{"damage":0.0,"enemies":"Small Slimes","floor":2.0,"turns":3.0},{"damage":1.0,"enemies":"Cultist","floor":4.0,"turns":3.0},{"damage":9.0,"enemies":"Blue Slaver","floor":5.0,"turns":6.0},{"damage":50.0,"enemies":"Lagavulin","floor":6.0,"turns":6.0},{"damage":0.0,"enemies":"Gremlin Nob","floor":8.0,"turns":3.0},{"damage":12.0,"enemies":"3 Sentries","floor":10.0,"turns":9.0},{"damage":9.0,"enemies":"Exordium Thugs","floor":12.0,"turns":4.0},{"damage":18.0,"enemies":"Gremlin Nob","floor":13.0,"turns":4.0},{"damage":35.0,"enemies":"Slime Boss","floor":16.0,"turns":7.0},{"damage":8.0,"enemies":"2 Thieves","floor":18.0,"turns":5.0},{"damage":0.0,"enemies":"Spheric Guardian","floor":22.0,"turns":2.0},{"damage":42.0,"enemies":"Gremlin Leader","floor":23.0,"turns":9.0},{"damage":35.0,"enemies":"Slavers","floor":25.0,"turns":5.0},{"damage":0,"enemies":"Snake Plant","floor":27,"turns":2}],"seed_played":"8854618625268850550","potions_obtained":[{"floor":5.0,"key":"Reflective Coating"},{"floor":8.0,"key":"Elixir"},{"floor":10.0,"key":"Dexterity Potion"},{"floor":12.0,"key":"SpeedPotion"},{"floor":23.0,"key":"Adrenaline Potion"},{"floor":25.0,"key":"SkillPotion"}],"is_trial":false,"path_per_floor":["M","M","?","M","M","E","R","E","T","E","R","M","E","?","R","B",null,"M","$","?","?","M","E","R","E","T","M"],"character_chosen":"IRONCLAD","items_purchased":["ReplayReversal","Replay:Baseball"],"campfire_rested":2,"item_purchase_floors":[19,19],"current_hp_per_floor":[79,80,69,74,71,27,27,33,33,27,27,24,12,12,36,7,62,60,60,44,44,50,14,38,9,9,9,9],"gold":303,"neow_bonus":"ONE_RARE_RELIC","is_daily":false,"chose_seed":false,"campfire_upgraded":2,"win_rate":0.0,"timestamp":1614444308,"path_taken":["M","M","?","M","M","E","R","E","T","E","R","M","E","?","R","BOSS","M","$","?","?","M","E","R","E","T","M"],"items_purchased_type":["Card","Relic"],"build_version":"2020-12-22","purchased_purges":1,"victory":false,"max_hp_per_floor":[80,80,80,80,80,80,80,80,80,80,80,80,80,80,80,80,80,80,80,80,80,80,80,80,80,80,80,80],"card_choices":[{"not_picked":["Heavy Blade","Armaments"],"picked":"Iron Wave","floor":1.0},{"not_picked":["Cleave","Clash","Pommel Strike"],"picked":"SKIP","floor":2.0},{"not_picked":["Sword Boomerang","Rage","Warcry"],"picked":"SKIP","floor":4.0},{"not_picked":["Headbutt","Clothesline"],"picked":"ReplayTheSpireMod:Limb From Limb","floor":5.0},{"not_picked":["Seeing Red","Sword Boomerang"],"picked":"Metallicize","floor":6.0},{"not_picked":["Sword Boomerang","Replay:Undeath\u0027s Touch","Wild Strike"],"picked":"SKIP","floor":8.0},{"not_picked":["Blood for Blood","Reaper","Twin Strike"],"picked":"SKIP","floor":10.0},{"not_picked":["Bloodletting","ReplayTheSpireMod:LeadingStrike"],"picked":"Warcry","floor":12.0},{"not_picked":["Thunderclap","Power Through"],"picked":"Body Slam","floor":13.0},{"not_picked":["Hemokinesis","Life Link"],"picked":"Inflame","floor":14.0},{"not_picked":["Searing Blow","Body Slam+1","Twin Strike"],"picked":"SKIP","floor":18.0},{"not_picked":["Searing Blow","Shockwave","Whirlwind"],"picked":"SKIP","floor":22.0},{"not_picked":["Hemokinesis","Demonic Infusion"],"picked":"Barricade","floor":23.0},{"not_picked":["Wild Strike","Brutality","Corruption"],"picked":"SKIP","floor":25.0}],"player_experience":790940,"relics_obtained":[{"floor":6.0,"key":"HornCleat"},{"floor":8.0,"key":"Du-Vu Doll"},{"floor":10.0,"key":"Gremlin Food"},{"floor":13.0,"key":"Mercury Hourglass"},{"floor":14.0,"key":"aspiration:FetidBarrel"},{"floor":23.0,"key":"Letter Opener"},{"floor":25.0,"key":"Shovel"},{"floor":26.0,"key":"MealTicket"}],"event_choices":[{"damage_healed":0.0,"max_hp_gain":0.0,"max_hp_loss":0.0,"gold_gain":75.0,"event_name":"World of Goop","player_choice":"Gather Gold","floor":3.0,"gold_loss":0.0,"damage_taken":11.0},{"damage_healed":0.0,"max_hp_gain":0.0,"max_hp_loss":0.0,"gold_gain":0.0,"event_name":"N\u0027loth","player_choice":"Traded Relic","floor":21.0,"relics_lost":["Du-Vu Doll"],"gold_loss":0.0,"damage_taken":0.0,"relics_obtained":["Nloth\u0027s Gift"]}],"is_beta":false,"boss_relics":[{"not_picked":["Hololive_Finger","Replay:Bronze Core"],"picked":"Hololive_ChaosS"}],"items_purged_floors":[19],"is_endless":false,"potions_floor_spawned":[5,8,10,12,23,25],"killed_by":"Snake Plant","ascension_level":5}}