{"host":"zxd2l8an9de7z7b9","time":1614409474,"event":{"mods":["100% Spire Juice","2.2 Compatiblity","AchievementEnabler","BaseMod","CapriCore","Colored Map","Colored Powertips","Marisa£¨Ùöéë¡¡Øª×âÞÞ£©","Minty Spire (QoL Compilation)","Rare Cards Sparkle","StSLib","SuperFastMode","Td1madao Mod","everything is the same but u backflip on backflip"],"gold_per_floor":[115,290,290,307,322,322,350,350,350,384,384,399,418,70,70,175,175,194,210,210,6,20,45,45,45,45,45,59,59,72,88,88,88,88],"floor_reached":33,"language":"KOR","playtime":677,"items_purged":["Strike_R","Doubt"],"score":277,"play_id":"656db8a9-e36b-49a0-9bff-9abb32a84c2b","local_time":"20210227160434","is_ascension_mode":false,"campfire_choices":[{"data":"Perfected Strike","floor":6.0,"key":"SMITH"},{"data":"Pommel Strike","floor":8.0,"key":"SMITH"},{"data":"Offering","floor":15.0,"key":"SMITH"},{"data":"Perfected Strike","floor":24.0,"key":"SMITH"},{"data":"Pommel Strike","floor":27,"key":"SMITH"},{"data":"Bash","floor":29,"key":"SMITH"},{"data":"Whirlwind","floor":32,"key":"SMITH"}],"circlet_count":0,"master_deck":["Strike_R+1","Strike_R+1","Strike_R+1","Strike_R+1","Defend_R+1","Defend_R+1","Defend_R+1","Defend_R+1","Bash+1","Pommel Strike+1","Perfected Strike+1","Wild Strike","Headbutt","Offering+1","Wild Strike","Reaper","Whirlwind+1","Perfected Strike+1","Writhe","Pommel Strike+1","Pommel Strike+1"],"relics":["Burning Blood","Bag of Marbles","Turnip","Gambling Chip","Pocketwatch","Vajra","Eternal Feather","Coffee Dripper","Paper Frog","Membership Card","StoneCalendar","Regal Pillow"],"acts_visited":["Exordium","TheCity"],"potions_floor_usage":[33],"damage_taken":[{"damage":8.0,"enemies":"Small Slimes","floor":1.0,"turns":3.0},{"damage":0.0,"enemies":"2 Louse","floor":4.0,"turns":1.0},{"damage":11.0,"enemies":"Jaw Worm","floor":5.0,"turns":2.0},{"damage":14.0,"enemies":"Gremlin Nob","floor":7.0,"turns":3.0},{"damage":28.0,"enemies":"Lagavulin","floor":10.0,"turns":4.0},{"damage":0.0,"enemies":"Looter","floor":12.0,"turns":1.0},{"damage":0.0,"enemies":"Blue Slaver","floor":13.0,"turns":1.0},{"damage":21.0,"enemies":"Slime Boss","floor":16.0,"turns":5.0},{"damage":6.0,"enemies":"Shell Parasite","floor":18.0,"turns":1.0},{"damage":0.0,"enemies":"3 Byrds","floor":19.0,"turns":2.0},{"damage":0.0,"enemies":"Snake Plant","floor":22.0,"turns":1.0},{"damage":36.0,"enemies":"Book of Stabbing","floor":23.0,"turns":3.0},{"damage":8,"enemies":"Centurion and Healer","floor":28,"turns":2},{"damage":6,"enemies":"Snecko","floor":30,"turns":1},{"damage":0,"enemies":"Shelled Parasite and Fungi","floor":31,"turns":2},{"damage":56,"enemies":"Automaton","floor":33,"turns":6}],"seed_played":"-5214480614894064274","potions_obtained":[{"floor":5.0,"key":"Swift Potion"},{"floor":12.0,"key":"Swift Potion"},{"floor":13.0,"key":"Dexterity Potion"},{"floor":19.0,"key":"Explosive Potion"},{"floor":22.0,"key":"PowerPotion"},{"floor":23.0,"key":"ColorlessPotion"},{"floor":28,"key":"HeartOfIron"}],"is_trial":false,"path_per_floor":["M","?","?","M","M","R","E","R","T","E","?","M","M","$","R","B",null,"M","M","?","$","M","E","R","?","T","R","M","R","M","M","R","B"],"character_chosen":"IRONCLAD","items_purchased":["Wild Strike","Eternal Feather","Membership Card"],"campfire_rested":0,"item_purchase_floors":[14,14,21],"current_hp_per_floor":[78,78,62,68,63,63,55,55,55,33,26,32,38,38,47,32,80,80,80,80,80,80,50,62,62,62,74,72,80,80,80,80,24,24],"gold":88,"neow_bonus":"RANDOM_COMMON_RELIC","is_daily":false,"chose_seed":false,"campfire_upgraded":7,"win_rate":0.0,"timestamp":1614409474,"path_taken":["M","?","?","?","M","R","E","R","T","E","?","M","M","$","R","BOSS","M","M","?","$","M","E","R","?","T","R","M","R","M","M","R","BOSS"],"items_purchased_type":["Card","Relic","Relic"],"build_version":"2020-12-22","purchased_purges":2,"victory":false,"max_hp_per_floor":[80,80,80,80,80,80,80,80,80,80,80,80,80,80,80,80,80,80,80,80,80,80,80,80,80,80,80,80,80,80,80,80,80,80],"card_choices":[{"not_picked":["Sword Boomerang","Havoc"],"picked":"Pommel Strike","floor":1.0},{"not_picked":["Whirlwind","Fire Breathing"],"picked":"Perfected Strike","floor":4.0},{"not_picked":["Sword Boomerang","Flex"],"picked":"Wild Strike","floor":5.0},{"not_picked":["Entrench","Battle Trance","Reckless Charge"],"picked":"SKIP","floor":7.0},{"not_picked":["Spot Weakness","Shrug It Off","Sever Soul"],"picked":"SKIP","floor":10.0},{"not_picked":["Dark Embrace","Metallicize"],"picked":"Headbutt","floor":12.0},{"not_picked":["Twin Strike","Sentinel"],"picked":"Offering","floor":13.0},{"not_picked":["Limit Break","Impervious"],"picked":"Reaper","floor":16.0},{"not_picked":["Wild Strike","Clash+1"],"picked":"Whirlwind","floor":18.0},{"not_picked":["Searing Blow","Flex"],"picked":"Perfected Strike","floor":19.0},{"not_picked":["Dark Embrace","Metallicize","Clash"],"picked":"SKIP","floor":22.0},{"not_picked":["Dark Embrace","Metallicize","Clash"],"picked":"SKIP","floor":22.0},{"not_picked":["Clothesline","Second Wind+1"],"picked":"Pommel Strike","floor":23.0},{"not_picked":["Burning Pact","Sentinel","Clothesline+1"],"picked":"SKIP","floor":28},{"not_picked":["Twin Strike","Searing Blow"],"picked":"Pommel Strike+1","floor":30},{"not_picked":["Fire Breathing","Twin Strike+1","Searing Blow+1"],"picked":"SKIP","floor":31}],"player_experience":484054,"relics_obtained":[{"floor":7.0,"key":"Turnip"},{"floor":9.0,"key":"Gambling Chip"},{"floor":10.0,"key":"Pocketwatch"},{"floor":23.0,"key":"StoneCalendar"},{"floor":26,"key":"Regal Pillow"}],"event_choices":[{"damage_healed":0.0,"max_hp_gain":0.0,"max_hp_loss":0.0,"gold_gain":175.0,"event_name":"Liars Game","player_choice":"AGREE","floor":2.0,"gold_loss":0.0,"damage_taken":0.0,"cards_obtained":["Doubt"]},{"damage_healed":0.0,"max_hp_gain":0.0,"max_hp_loss":0.0,"gold_gain":0.0,"event_name":"Shining Light","player_choice":"Entered Light","floor":3.0,"gold_loss":0.0,"damage_taken":16.0,"cards_upgraded":["Defend_R","Strike_R"]},{"damage_healed":0.0,"max_hp_gain":0.0,"max_hp_loss":0.0,"gold_gain":0.0,"event_name":"Scrap Ooze","player_choice":"Success","floor":11.0,"gold_loss":0.0,"damage_taken":7.0,"relics_obtained":["Vajra"]},{"damage_healed":0.0,"max_hp_gain":0.0,"max_hp_loss":0.0,"gold_gain":0.0,"event_name":"The Mausoleum","player_choice":"Opened","floor":20.0,"gold_loss":0.0,"damage_taken":0.0,"relics_obtained":["Paper Frog"],"cards_obtained":["Writhe"]},{"damage_healed":0,"gold_gain":0,"player_choice":"Simplicity","damage_taken":0,"max_hp_gain":0,"max_hp_loss":0,"event_name":"Back to Basics","floor":25,"gold_loss":0,"cards_upgraded":["Strike_R","Strike_R","Strike_R","Defend_R","Defend_R","Defend_R"]}],"is_beta":false,"boss_relics":[{"not_picked":["Cursed Key","SacredBark"],"picked":"Coffee Dripper"}],"items_purged_floors":[14,21],"is_endless":false,"potions_floor_spawned":[5,12,13,19,22,23,28],"killed_by":"Automaton","ascension_level":0}}