{"host":"wshey5htrz8rni6u","time":1614458738,"event":{"mods":["2.2 Compatiblity","BaseMod","Block Reminder","Colored Map","Colored Powertips","Current Relic Mod","Curses Come First","Dark Map","Key Reminder","Keyboard Shortcuts","Minty Spire (QoL Compilation)","Potion Indicator Mod","Quick Restart","Random Character Button","Relic Sorter","Relic Stats","StSLib","SuperFastMode","Unceasing Turn Reminder","UnlockEverythingMod","Weighted Paths"],"gold_per_floor":[118,118,129,129,129,159,84,84,108,134,150,160,178,210,210,283,283,295,312,312,227,274,288,288,304,304,381,399,10,10,10,29,61,61,134,134,173,12,23,64,14,72,108,136,136,180,192,246,258,312,324,336,348,360,1,35,35,35],"floor_reached":57,"language":"ENG","playtime":3301,"items_purged":["Strike_P","Decay"],"score":1593,"play_id":"af040975-fff7-403c-ba43-12447f4473be","local_time":"20210227124538","is_ascension_mode":true,"campfire_choices":[{"data":"Eruption","floor":8.0,"key":"SMITH"},{"data":"Worship","floor":15.0,"key":"SMITH"},{"floor":24.0,"key":"REST"},{"data":"Establishment","floor":26.0,"key":"SMITH"},{"floor":30.0,"key":"REST"},{"floor":34.0,"key":"REST"},{"floor":49.0,"key":"REST"},{"floor":51.0,"key":"RECALL"},{"data":"Fasting2","floor":54.0,"key":"SMITH"}],"circlet_count":0,"master_deck":["AscendersBane","Strike_P+1","Defend_P","Defend_P","Defend_P","Defend_P","Eruption+1","Vigilance","BattleHymn","SandsOfTime+1","BowlingBash","EmptyMind","Adaptation","Worship+1","FearNoEvil","Adaptation","Establishment+1","Prostrate","BowlingBash+1","Consecrate","Crescendo","Sanctity","Fasting2+1","Brilliance","ClearTheMind","Wish","CutThroughFate","EmptyBody+1","Halt","EmptyBody","Crescendo","Halt","Good Instincts"],"relics":["PureWater","NeowsBlessing","Mercury Hourglass","Whetstone","Ginger","Mango","Busted Crown","Pear","Centennial Puzzle","Matryoshka","PreservedInsect","Turnip","Sozu","Damaru","MealTicket","Orichalcum","MawBank","Shuriken","Toy Ornithopter","Kunai","Ice Cream"],"acts_visited":["Exordium","TheCity","TheBeyond","TheEnding"],"potions_floor_usage":[],"damage_taken":[{"damage":0.0,"enemies":"Jaw Worm","floor":1.0,"turns":1.0},{"damage":0.0,"enemies":"Cultist","floor":3.0,"turns":1.0},{"damage":0.0,"enemies":"3 Sentries","floor":6.0,"turns":2.0},{"damage":0.0,"enemies":"Gremlin Nob","floor":10.0,"turns":2.0},{"damage":0.0,"enemies":"Small Slimes","floor":11.0,"turns":2.0},{"damage":10.0,"enemies":"Gremlin Gang","floor":12.0,"turns":4.0},{"damage":24.0,"enemies":"Exordium Wildlife","floor":13.0,"turns":4.0},{"damage":0.0,"enemies":"Lagavulin","floor":14.0,"turns":4.0},{"damage":13.0,"enemies":"Hexaghost","floor":16.0,"turns":6.0},{"damage":29.0,"enemies":"Shell Parasite","floor":18.0,"turns":3.0},{"damage":13.0,"enemies":"Chosen","floor":19.0,"turns":4.0},{"damage":0.0,"enemies":"Snecko","floor":23.0,"turns":4.0},{"damage":20.0,"enemies":"Centurion and Healer","floor":25.0,"turns":3.0},{"damage":15.0,"enemies":"3 Cultists","floor":28.0,"turns":4.0},{"damage":7.0,"enemies":"Cultist and Chosen","floor":32.0,"turns":3.0},{"damage":26.0,"enemies":"Gremlin Leader","floor":33.0,"turns":3.0},{"damage":37.0,"enemies":"Collector","floor":35.0,"turns":6.0},{"damage":5.0,"enemies":"3 Shapes","floor":37.0,"turns":5.0},{"damage":0.0,"enemies":"Orb Walker","floor":39.0,"turns":2.0},{"damage":11.0,"enemies":"Sphere and 2 Shapes","floor":40.0,"turns":6.0},{"damage":6.0,"enemies":"Reptomancer","floor":42.0,"turns":3.0},{"damage":5.0,"enemies":"Jaw Worm Horde","floor":43.0,"turns":5.0},{"damage":27.0,"enemies":"Nemesis","floor":44.0,"turns":3.0},{"damage":8.0,"enemies":"Giant Head","floor":46.0,"turns":5.0},{"damage":3.0,"enemies":"Writhing Mass","floor":48.0,"turns":5.0},{"damage":0.0,"enemies":"4 Shapes","floor":50.0,"turns":6.0},{"damage":22.0,"enemies":"Awakened One","floor":52.0,"turns":8.0},{"damage":56,"enemies":"Shield and Spear","floor":56,"turns":5},{"damage":86,"enemies":"The Heart","floor":57,"turns":3}],"seed_played":"-6970873532501241098","potions_obtained":[{"floor":1.0,"key":"Block Potion"},{"floor":2.0,"key":"PowerPotion"},{"floor":2.0,"key":"StancePotion"},{"floor":10.0,"key":"BlessingOfTheForge"},{"floor":11.0,"key":"Block Potion"},{"floor":12.0,"key":"CultistPotion"},{"floor":16.0,"key":"Ancient Potion"},{"floor":23.0,"key":"Strength Potion"},{"floor":25.0,"key":"StancePotion"}],"is_trial":false,"path_per_floor":["M","?","M","?","?","E","$","R","T","E","M","M","M","E","R","B",null,"M","M","?","?","T","M","R","M","R","T","M","$","R","R","M","E","R","B",null,"M","$","M","M","$","E","M","E","T","E","?","M","R","M","R","B",null,"R","$","E","B"],"character_chosen":"WATCHER","items_purchased":["PreservedInsect","Sanctity","Fasting2","Damaru","Halt","Kunai","Good Instincts"],"campfire_rested":4,"item_purchase_floors":[29,29,29,38,41,55,55],"current_hp_per_floor":[61,61,61,54,54,54,54,54,54,54,54,44,20,34,34,21,67,38,25,25,35,35,35,62,42,42,42,27,27,54,54,47,21,48,11,72,67,67,67,56,56,50,45,18,18,10,10,7,34,34,34,12,72,72,87,31,0,0],"gold":35,"neow_bonus":"THREE_ENEMY_KILL","is_daily":false,"chose_seed":false,"campfire_upgraded":4,"win_rate":0.0,"timestamp":1614458738,"path_taken":["M","?","?","?","?","E","$","R","T","E","M","M","M","E","R","BOSS","M","?","?","?","?","M","R","M","R","T","M","$","R","R","?","E","R","BOSS","M","?","M","M","?","E","M","E","T","E","?","M","R","M","R","BOSS","R","$","E","BOSS"],"items_purchased_type":["Relic","Card","Card","Relic","Card","Relic","Card"],"build_version":"2020-12-13","purchased_purges":2,"victory":false,"max_hp_per_floor":[68,68,68,68,68,68,68,68,68,68,68,68,68,82,82,82,82,82,82,82,92,92,92,92,92,92,92,92,92,92,92,92,92,92,92,92,92,92,92,92,92,92,92,92,92,92,92,92,92,92,92,92,92,92,92,92,92,92],"relic_stats":{"counters":[29,112],"PreservedInsect":368,"Whetstone":["Strike_P","SandsOfTime"],"Ginger":[20],"Orichalcum":[18],"MawBank":120,"Mercury Hourglass":[432],"Sozu":5,"Centennial Puzzle":[45],"Busted Crown":36,"Shuriken":[7],"MealTicket":15,"Turnip":[10],"Kunai":[0],"obtain_stats":[{"Ice Cream":56,"Pear":21,"NeowsBlessing":0,"Damaru":38,"Mango":14,"PreservedInsect":29,"Whetstone":9,"Ginger":10,"Orichalcum":44,"MawBank":45,"Mercury Hourglass":6,"Sozu":36,"keyreminder:keyreminder":44,"Centennial Puzzle":22,"Busted Crown":17,"Matryoshka":27,"Shuriken":46,"MealTicket":42,"Turnip":33,"Kunai":55,"PureWater":0,"Toy Ornithopter":47},{"Ice Cream":28,"Pear":11,"NeowsBlessing":0,"Damaru":18,"Mango":8,"PreservedInsect":14,"Whetstone":3,"Ginger":4,"Orichalcum":23,"MawBank":23,"Mercury Hourglass":3,"Sozu":17,"keyreminder:keyreminder":23,"Centennial Puzzle":11,"Busted Crown":9,"Matryoshka":13,"Shuriken":24,"MealTicket":21,"Turnip":16,"Kunai":27,"PureWater":0,"Toy Ornithopter":24},{"Ice Cream":109,"Pear":33,"NeowsBlessing":0,"Damaru":61,"Mango":20,"PreservedInsect":44,"Whetstone":4,"Ginger":6,"Orichalcum":80,"MawBank":80,"Mercury Hourglass":4,"Sozu":56,"keyreminder:keyreminder":80,"Centennial Puzzle":33,"Busted Crown":26,"Matryoshka":40,"Shuriken":85,"MealTicket":72,"Turnip":50,"Kunai":104,"PureWater":0,"Toy Ornithopter":85}],"Toy Ornithopter":0},"card_choices":[{"not_picked":["EmptyBody","Evaluate"],"picked":"BattleHymn","floor":1.0},{"not_picked":["BowlingBash","CutThroughFate"],"picked":"SandsOfTime","floor":3.0},{"not_picked":["SignatureMove","Halt"],"picked":"BowlingBash","floor":6.0},{"not_picked":["Sanctity","Protect"],"picked":"EmptyMind","floor":10.0},{"not_picked":["BowlingBash","CrushJoints"],"picked":"Adaptation","floor":11.0},{"not_picked":["FlyingSleeves","SashWhip"],"picked":"Worship","floor":12.0},{"not_picked":["EmptyBody","Conclude"],"picked":"FearNoEvil","floor":13.0},{"not_picked":["BattleHymn","CarveReality"],"picked":"Adaptation","floor":14.0},{"not_picked":["ConjureBlade","Brilliance"],"picked":"Establishment","floor":16.0},{"not_picked":[],"picked":"Prostrate","floor":18.0},{"not_picked":[],"picked":"BowlingBash+1","floor":23.0},{"not_picked":[],"picked":"Consecrate","floor":25.0},{"not_picked":[],"picked":"Crescendo","floor":28.0},{"not_picked":[],"picked":"Brilliance","floor":32.0},{"not_picked":[],"picked":"ClearTheMind","floor":33.0},{"not_picked":[],"picked":"Wish","floor":35.0},{"not_picked":[],"picked":"CutThroughFate","floor":37.0},{"not_picked":[],"picked":"EmptyBody+1","floor":39.0},{"not_picked":["EmptyFist"],"picked":"SKIP","floor":40.0},{"not_picked":["Nirvana"],"picked":"SKIP","floor":42.0},{"not_picked":["FlyingSleeves"],"picked":"SKIP","floor":43.0},{"not_picked":[],"picked":"EmptyBody","floor":44.0},{"not_picked":[],"picked":"CutThroughFate","floor":46.0},{"not_picked":[],"picked":"Crescendo","floor":48.0},{"not_picked":[],"picked":"Halt","floor":50.0},{"not_picked":["JustLucky"],"picked":"SKIP","floor":56}],"player_experience":245295,"relics_obtained":[{"floor":6.0,"key":"Mercury Hourglass"},{"floor":9.0,"key":"Whetstone"},{"floor":10.0,"key":"Ginger"},{"floor":14.0,"key":"Mango"},{"floor":22.0,"key":"Centennial Puzzle"},{"floor":27.0,"key":"Matryoshka"},{"floor":33.0,"key":"Turnip"},{"floor":42.0,"key":"MealTicket"},{"floor":44.0,"key":"Orichalcum"},{"floor":45.0,"key":"MawBank"},{"floor":46.0,"key":"Shuriken"},{"floor":56,"key":"Ice Cream"}],"event_choices":[{"damage_healed":0.0,"max_hp_gain":0.0,"max_hp_loss":0.0,"gold_gain":0.0,"event_name":"Lab","player_choice":"Got Potions","floor":2.0,"gold_loss":0.0,"damage_taken":0.0},{"cards_removed":["Strike_P"],"damage_healed":0.0,"max_hp_gain":0.0,"max_hp_loss":0.0,"gold_gain":0.0,"event_name":"Golden Wing","player_choice":"Card Removal","floor":4.0,"gold_loss":0.0,"damage_taken":7.0},{"cards_removed":["Strike_P"],"damage_healed":0.0,"max_hp_gain":0.0,"max_hp_loss":0.0,"gold_gain":0.0,"event_name":"Purifier","player_choice":"Purged","floor":5.0,"gold_loss":0.0,"damage_taken":0.0},{"damage_healed":0.0,"max_hp_gain":0.0,"max_hp_loss":0.0,"gold_gain":0.0,"event_name":"Forgotten Altar","player_choice":"Smashed Altar","floor":20.0,"gold_loss":0.0,"damage_taken":0.0,"cards_obtained":["Decay"]},{"damage_healed":0.0,"max_hp_gain":0.0,"max_hp_loss":0.0,"gold_gain":0.0,"event_name":"Addict","player_choice":"Obtained Relic","floor":21.0,"gold_loss":85.0,"damage_taken":0.0,"relics_obtained":["Pear"]},{"cards_removed":["CutThroughFate"],"damage_healed":0.0,"max_hp_gain":0.0,"max_hp_loss":0.0,"gold_gain":0.0,"event_name":"WeMeetAgain","player_choice":"Gave Card","floor":47.0,"gold_loss":0.0,"damage_taken":0.0,"relics_obtained":["Toy Ornithopter"]}],"is_beta":false,"boss_relics":[{"not_picked":["Empty Cage","Coffee Dripper"],"picked":"Busted Crown"},{"not_picked":["Velvet Choker","Fusion Hammer"],"picked":"Sozu"}],"items_purged_floors":[7,29],"is_endless":false,"potions_floor_spawned":[1,10,11,12,16,23,25,28,37,42,43,44,46],"killed_by":"The Heart","ascension_level":17}}