{"host":"5ksdyw07v7d4yepu","time":1614454184,"event":{"mods":["BaseMod","Block Reminder","Colored Map","Colored Powertips","Highlight Path","Minty Spire (QoL Compilation)","Relic Stats","StSLib"],"gold_per_floor":[115,18,30,30,68,99,99,129,129,129,16,0,0,17,17,113,113,127,142,57,71,71,71],"floor_reached":22,"language":"ENG","playtime":1826,"items_purged":["Regret"],"score":281,"play_id":"6015c089-737c-4fbe-90ff-03058e866cbd","local_time":"20210227142944","is_ascension_mode":true,"campfire_choices":[{"data":"Eruption","floor":7,"key":"SMITH"},{"floor":15,"key":"REST"}],"circlet_count":0,"master_deck":["Strike_P","Strike_P","Strike_P","Strike_P","Defend_P","Defend_P","Defend_P","Defend_P","Eruption+1","Vigilance","WheelKick","Adaptation+1","EmptyBody","MentalFortress+1","CutThroughFate","Fasting2","FlurryOfBlows","LessonLearned","CutThroughFate","ThirdEye+1"],"relics":["SacredBark","Singing Bowl","Blue Candle","Pear","Fusion Hammer","InkBottle"],"acts_visited":["Exordium","TheCity"],"potions_floor_usage":[5,6,8,16,16,19],"damage_taken":[{"damage":0,"enemies":"2 Louse","floor":1,"turns":2},{"damage":0,"enemies":"Small Slimes","floor":3,"turns":2},{"damage":0,"enemies":"Cultist","floor":5,"turns":2},{"damage":33,"enemies":"3 Sentries","floor":6,"turns":10},{"damage":18,"enemies":"Lagavulin","floor":8,"turns":6},{"damage":19,"enemies":"3 Louse","floor":14,"turns":4},{"damage":19,"enemies":"The Guardian","floor":16,"turns":11},{"damage":20,"enemies":"Spheric Guardian","floor":18,"turns":7},{"damage":19,"enemies":"2 Thieves","floor":19,"turns":5},{"damage":22,"enemies":"Snake Plant","floor":21,"turns":7},{"damage":18,"enemies":"Centurion and Healer","floor":22,"turns":3}],"seed_played":"-4676900416697750779","potions_obtained":[{"floor":3,"key":"ColorlessPotion"},{"floor":8,"key":"CultistPotion"},{"floor":14,"key":"Energy Potion"},{"floor":18,"key":"Dexterity Potion"}],"is_trial":false,"path_per_floor":["M","$","M","?","M","E","R","E","T","?","$","?","?","M","R","B",null,"M","M","?","M","M"],"character_chosen":"WATCHER","items_purchased":["Strength Potion","Dexterity Potion","Fasting2"],"campfire_rested":1,"item_purchase_floors":[2,2,11],"current_hp_per_floor":[65,65,65,65,65,32,32,14,14,24,24,24,24,5,29,10,64,44,27,27,5,0,0],"gold":71,"neow_bonus":"BOSS_RELIC","is_daily":false,"chose_seed":false,"campfire_upgraded":1,"win_rate":0.0,"timestamp":1614454184,"path_taken":["M","$","M","?","M","E","R","E","T","?","$","?","?","M","R","BOSS","M","M","?","M","M"],"items_purchased_type":["Potion","Potion","Card"],"build_version":"2020-12-22","purchased_purges":1,"victory":false,"max_hp_per_floor":[72,72,72,72,72,72,72,72,72,82,82,82,82,82,82,82,82,82,84,84,84,84,84],"relic_stats":{"Singing Bowl":2,"counters":[11,59],"Blue Candle":[0],"obtain_stats":[{"Pear":10,"Singing Bowl":8,"SacredBark":0,"Blue Candle":9,"Fusion Hammer":17,"PureWater":0,"InkBottle":20},{"Pear":5,"Singing Bowl":5,"SacredBark":0,"Blue Candle":5,"Fusion Hammer":7,"PureWater":0,"InkBottle":9},{"Pear":22,"Singing Bowl":22,"SacredBark":0,"Blue Candle":22,"Fusion Hammer":37,"PureWater":0,"InkBottle":49}],"InkBottle":[4]},"card_choices":[{"not_picked":["PathToVictory","JustLucky"],"picked":"WheelKick","floor":1},{"not_picked":["DeceiveReality","Vengeance"],"picked":"Adaptation","floor":3},{"not_picked":["Protect","InnerPeace"],"picked":"EmptyBody","floor":5},{"not_picked":["Crescendo","BowlingBash"],"picked":"MentalFortress","floor":6},{"not_picked":["CarveReality","CrushJoints"],"picked":"CutThroughFate","floor":8},{"not_picked":["Brilliance","Crescendo"],"picked":"FlurryOfBlows","floor":14},{"not_picked":["MasterReality","SpiritShield"],"picked":"LessonLearned","floor":16},{"not_picked":["EmptyMind","Consecrate"],"picked":"CutThroughFate","floor":18},{"not_picked":["CrushJoints","Swivel","EmptyMind"],"picked":"Singing Bowl","floor":19},{"not_picked":["FlyingSleeves","Consecrate"],"picked":"ThirdEye+1","floor":21}],"player_experience":599358,"relics_obtained":[{"floor":8,"key":"Singing Bowl"},{"floor":9,"key":"Blue Candle"}],"event_choices":[{"damage_healed":0,"gold_gain":0,"player_choice":"Ignored","damage_taken":0,"max_hp_gain":0,"max_hp_loss":0,"event_name":"Liars Game","floor":4,"gold_loss":0},{"damage_healed":0,"gold_gain":0,"player_choice":"Box","damage_taken":0,"relics_obtained":["Pear"],"max_hp_gain":0,"max_hp_loss":0,"event_name":"Big Fish","floor":10,"gold_loss":0,"cards_obtained":["Regret"]},{"damage_healed":0,"gold_gain":0,"player_choice":"Left Gold","damage_taken":0,"max_hp_gain":0,"max_hp_loss":0,"event_name":"World of Goop","floor":12,"gold_loss":16},{"damage_healed":0,"gold_gain":0,"player_choice":"Forge","damage_taken":0,"max_hp_gain":0,"max_hp_loss":0,"event_name":"Accursed Blacksmith","floor":13,"gold_loss":0,"cards_upgraded":["Adaptation"]},{"damage_healed":0,"gold_gain":0,"player_choice":"Obtained Relic","damage_taken":0,"relics_obtained":["InkBottle"],"max_hp_gain":0,"max_hp_loss":0,"event_name":"Addict","floor":20,"gold_loss":85}],"is_beta":false,"boss_relics":[{"not_picked":["Tiny House","Runic Dome"],"picked":"Fusion Hammer"}],"items_purged_floors":[11],"is_endless":false,"potions_floor_spawned":[3,8,14,18],"killed_by":"Centurion and Healer","ascension_level":9}}