{"host":"kjgzfbg2u01m7isv","time":1614441214,"event":{"mods":["BaseMod","Minty Spire (QoL Compilation)"],"gold_per_floor":[144,189,189,2,47,137,137,137,162,252,261,306,81,90,90,408,408,462,462,516,431,476,476,201,201,210,309,309,399,85,130,130,448,448,493,538,72,1089,542,542,42,76,85,85,127,127,136,190,190,199],"floor_reached":51,"language":"RUS","playtime":2732,"items_purged":["Strike_B","Defend_B","Defend_B","Normality","Normality","Normality"],"score":937,"play_id":"d106b8a8-0595-417f-9b12-9317a058c60b","local_time":"20210227185334","daily_mods":["Cursed Run","Diverse","Midas"],"is_ascension_mode":false,"campfire_choices":[{"floor":8,"key":"REST"},{"floor":15,"key":"REST"},{"floor":23,"key":"REST"},{"floor":25,"key":"REST"},{"floor":28,"key":"REST"},{"floor":32,"key":"REST"},{"floor":40,"key":"REST"},{"floor":44,"key":"REST"},{"floor":46,"key":"REST"},{"floor":49,"key":"REST"}],"circlet_count":0,"master_deck":["Strike_B","Strike_B+1","Strike_B","Defend_B","Defend_B","Zap+1","Dualcast","Slice","Glacier","Armaments","Conclude","Sword Boomerang+1","CutThroughFate","Writhe","Thunder Strike","Injury","Injury","Fission","Study","DeceiveReality","Wireheading","Regret","Heavy Blade","Ball Lightning","Biased Cognition","Blade Dance","Apotheosis","Clumsy","Injury","Heavy Blade","Compile Driver","Regret"],"relics":["Cursed Key","Darkstone Periapt","Du-Vu Doll","Matryoshka","Blood Vial","CeramicFish","Ancient Tea Set","DataDisk","Tiny Chest","StrikeDummy","Velvet Choker","Sundial","ClockworkSouvenir","Cables","Lizard Tail","Potion Belt","Sling","Busted Crown","Ice Cream","Frozen Eye","Runic Capacitor","Vajra","Centennial Puzzle","Symbiotic Virus","TungstenRod"],"acts_visited":["Exordium","TheCity","TheBeyond"],"potions_floor_usage":[6,10,50,50,50,50],"damage_taken":[{"damage":0,"enemies":"Small Slimes","floor":1,"turns":4},{"damage":0,"enemies":"Cultist","floor":2,"turns":4},{"damage":0,"enemies":"2 Louse","floor":5,"turns":2},{"damage":1,"enemies":"3 Sentries","floor":6,"turns":7},{"damage":10,"enemies":"Gremlin Nob","floor":10,"turns":4},{"damage":0,"enemies":"Large Slime","floor":12,"turns":3},{"damage":30,"enemies":"The Guardian","floor":16,"turns":10},{"damage":11,"enemies":"Spheric Guardian","floor":18,"turns":4},{"damage":21,"enemies":"Shell Parasite","floor":20,"turns":4},{"damage":19,"enemies":"Centurion and Healer","floor":22,"turns":6},{"damage":41,"enemies":"Book of Stabbing","floor":27,"turns":6},{"damage":26,"enemies":"Gremlin Leader","floor":29,"turns":7},{"damage":0,"enemies":"3 Cultists","floor":31,"turns":3},{"damage":31,"enemies":"Collector","floor":33,"turns":9},{"damage":57,"enemies":"3 Darklings","floor":35,"turns":7},{"damage":26,"enemies":"3 Shapes","floor":36,"turns":5},{"damage":20,"enemies":"2 Orb Walkers","floor":45,"turns":3},{"damage":11,"enemies":"3 Darklings","floor":48,"turns":5},{"damage":43,"enemies":"Awakened One","floor":50,"turns":8}],"seed_played":"-2463471341485849212","potions_obtained":[{"floor":1,"key":"BlessingOfTheForge"},{"floor":6,"key":"Swift Potion"},{"floor":10,"key":"Dexterity Potion"},{"floor":20,"key":"Ancient Potion"},{"floor":27,"key":"CultistPotion"},{"floor":29,"key":"SpeedPotion"},{"floor":33,"key":"Dexterity Potion"}],"is_trial":false,"path_per_floor":["M","M","?","$","M","E","?","R","T","E","?","M","$","T","R","B",null,"M","?","M","?","M","R","$","R","T","E","R","E","$","M","R","B",null,"M","M","$","?","$","R","$","T","T","R","?","R","?","M","R","B",null],"character_chosen":"DEFECT","items_purchased":["Armaments","Conclude","Sword Boomerang","DataDisk","ClockworkSouvenir","Wireheading","Sling","Ball Lightning","Ice Cream","Blade Dance","Frozen Eye","Apotheosis","SteroidPotion","Runic Capacitor","Vajra"],"campfire_rested":10,"item_purchase_floors":[4,4,4,13,24,24,30,30,37,37,39,39,39,41,41],"current_hp_per_floor":[75,75,75,75,75,74,59,75,81,71,71,73,73,79,87,63,93,82,82,63,63,46,73,73,93,99,58,87,63,63,65,94,71,105,48,24,24,36,36,71,71,77,83,121,103,129,129,118,129,92],"gold":199,"neow_bonus":"","is_daily":true,"chose_seed":false,"campfire_upgraded":0,"win_rate":0.0,"timestamp":1614441214,"path_taken":["M","M","?","$","M","E","?","R","T","E","?","?","$","?","R","BOSS","M","?","M","?","M","R","$","R","T","E","R","E","$","M","R","BOSS","M","M","$","?","$","R","$","?","T","R","?","R","?","?","R","BOSS"],"items_purchased_type":["Card","Card","Card","Relic","Relic","Card","Relic","Card","Relic","Card","Relic","Card","Potion","Relic","Relic"],"build_version":"2020-12-22","purchased_purges":6,"victory":true,"max_hp_per_floor":[75,75,75,75,75,75,75,75,81,81,81,81,81,87,87,93,93,93,93,93,93,93,93,93,93,99,99,99,99,99,99,99,105,105,105,105,105,117,117,117,117,123,129,129,129,129,129,129,129,135],"card_choices":[{"not_picked":["Infernal Blade","Catalyst"],"picked":"Slice","floor":1},{"not_picked":["PathToVictory","Poisoned Stab"],"picked":"Glacier","floor":2},{"not_picked":["Meditate","Deflect","Dual Wield"],"picked":"SKIP","floor":5},{"not_picked":["Wallop","Conclude"],"picked":"CutThroughFate","floor":6},{"not_picked":["Storm","Hemokinesis","Force Field"],"picked":"SKIP","floor":10},{"not_picked":["Venomology","Blood for Blood","Havoc"],"picked":"SKIP","floor":12},{"not_picked":["Bullet Time","Juggernaut"],"picked":"Fission","floor":16},{"not_picked":["Aggregate","CarveReality"],"picked":"Study","floor":18},{"not_picked":["Melter","Headbutt"],"picked":"DeceiveReality","floor":20},{"not_picked":["BowlingBash","Bloodletting","Wallop"],"picked":"SKIP","floor":22},{"not_picked":["Steam Power+1","Flying Knee"],"picked":"Heavy Blade","floor":27},{"not_picked":["Double Energy+1","Perfected Strike","Slice+1"],"picked":"SKIP","floor":29},{"not_picked":["Distraction","Twin Strike","FlurryOfBlows"],"picked":"SKIP","floor":31},{"not_picked":["Feed","Bullet Time"],"picked":"Biased Cognition","floor":33},{"not_picked":["Flying Knee+1"],"picked":"SKIP","floor":35},{"not_picked":["Indignation"],"picked":"SKIP","floor":36},{"not_picked":[],"picked":"Compile Driver","floor":48}],"player_experience":393100,"relics_obtained":[{"floor":6,"key":"Matryoshka"},{"floor":9,"key":"Blood Vial"},{"floor":9,"key":"CeramicFish"},{"floor":10,"key":"Ancient Tea Set"},{"floor":14,"key":"Tiny Chest"},{"floor":14,"key":"StrikeDummy"},{"floor":26,"key":"Cables"},{"floor":27,"key":"Lizard Tail"},{"floor":29,"key":"Potion Belt"},{"floor":42,"key":"Centennial Puzzle"},{"floor":43,"key":"Symbiotic Virus"},{"floor":45,"key":"TungstenRod"}],"event_choices":[{"damage_healed":0,"gold_gain":0,"player_choice":"Grow","damage_taken":0,"max_hp_gain":0,"max_hp_loss":0,"event_name":"Living Wall","floor":3,"gold_loss":0,"cards_upgraded":["Zap"]},{"damage_healed":0,"gold_gain":0,"player_choice":"Entered Light","damage_taken":15,"max_hp_gain":0,"max_hp_loss":0,"event_name":"Shining Light","floor":7,"gold_loss":0,"cards_upgraded":["Strike_B","Sword Boomerang"]},{"damage_healed":0,"gold_gain":0,"player_choice":"1 cards matched","damage_taken":0,"max_hp_gain":0,"max_hp_loss":0,"event_name":"Match and Keep!","floor":11,"gold_loss":0,"cards_obtained":["Thunder Strike"]},{"damage_healed":0,"gold_gain":0,"player_choice":"Ignored","damage_taken":0,"max_hp_gain":0,"max_hp_loss":0,"event_name":"Vampires","floor":19,"gold_loss":0},{"damage_healed":0,"gold_gain":0,"player_choice":"Obtained Relic","damage_taken":0,"relics_obtained":["Sundial"],"max_hp_gain":0,"max_hp_loss":0,"event_name":"Addict","floor":21,"gold_loss":85},{"damage_healed":0,"gold_gain":999,"player_choice":"Gold","damage_taken":0,"max_hp_gain":0,"max_hp_loss":0,"event_name":"MindBloom","floor":38,"gold_loss":0,"cards_obtained":["Normality","Normality"]},{"damage_healed":0,"gold_gain":0,"player_choice":"Fight","damage_taken":0,"max_hp_gain":0,"max_hp_loss":0,"event_name":"Mysterious Sphere","floor":45,"gold_loss":0},{"damage_healed":0,"gold_gain":0,"player_choice":"Copied","damage_taken":0,"max_hp_gain":0,"max_hp_loss":0,"event_name":"Duplicator","floor":47,"gold_loss":0,"cards_obtained":["Heavy Blade"]}],"is_beta":false,"boss_relics":[{"not_picked":["Coffee Dripper","Runic Dome"],"picked":"Velvet Choker"},{"not_picked":["Runic Pyramid","Black Star"],"picked":"Busted Crown"}],"items_purged_floors":[13,24,30,37,39,41],"is_endless":false,"potions_floor_spawned":[1,6,10,20,27,29,33,45,48],"ascension_level":0}}