{"host":"ty9fb48q9oru32qm","time":1614447341,"event":{"mods":["2.2 Compatiblity","AchievementEnabler","Act Like it!","Aspiration","Astrologer","BaseMod","Beaked The Cultist","Better Synergies","Block Reminder","Colored Powertips","Conspire","DeckTracker","Downfall","Friendly Minions","GifTheSpireLib","Halation","Hermit","Hubris","Infinite Spire","Jorbs\u0027s Wanderer Trilogy","Marisa????????","Minty Spire (QoL Compilation)","Permanent Neow","Quick Restart","Random Character Button","Reliquary","Replay The Spire","Somnambulant","StSLib","Stuff the Spire","The Cursed","The Jungle","The Marked","The Runesmith","TheVacant","Wandering Minibosses"],"gold_per_floor":[115,40,40,51,61,96,106,106,132,132,162,162,162,162,162,162,162],"floor_reached":16,"language":"ENG","playtime":970,"items_purged":["TheCursedMod:Strike_TheCursed"],"score":108,"play_id":"4771ec1b-80a4-437c-9b27-3a670d34ce31","local_time":"20210227183541","is_ascension_mode":false,"campfire_choices":[{"floor":8,"key":"REST"},{"data":"TheCursedMod:CircleOfCorruption","floor":10,"key":"SMITH"},{"floor":15,"key":"REST"}],"circlet_count":0,"master_deck":["TheCursedMod:Strike_TheCursed","TheCursedMod:Strike_TheCursed","TheCursedMod:Strike_TheCursed","TheCursedMod:Defend_TheCursed","TheCursedMod:Defend_TheCursed","TheCursedMod:Defend_TheCursed","TheCursedMod:Defend_TheCursed","TheCursedMod:CursedWand+1","TheCursedMod:CleanUpWorkshop","TheCursedMod:Dregs","TheCursedMod:HellfireBreathing+1","TheCursedMod:Stretching","TheCursedMod:CursedBlade","TheCursedMod:Grudge+1","TheCursedMod:CircleOfCorruption+1"],"relics":["TheCursedMod:BlackMagic101","reliquary:Sod","ReplayFunnel","TheCursedMod:MagicCandle","hubris:Icosahedron","aspiration:BabyByrd"],"acts_visited":["Exordium"],"potions_floor_usage":[],"damage_taken":[{"damage":10,"enemies":"Small Slimes","floor":1,"turns":4},{"damage":0,"enemies":"Cultist","floor":4,"turns":5},{"damage":15,"enemies":"Jaw Worm","floor":5,"turns":9},{"damage":37,"enemies":"Lagavulin","floor":6,"turns":7},{"damage":0,"enemies":"Large Slime","floor":7,"turns":6},{"damage":12,"enemies":"Gremlin Nob","floor":11,"turns":4},{"damage":39,"enemies":"Slime Boss","floor":16,"turns":5}],"seed_played":"-6735069642588403516","potions_obtained":[{"floor":6,"key":"SkillPotion"},{"floor":7,"key":"Toxic Potion"}],"is_trial":false,"path_per_floor":["M","$","?","M","M","E","M","R","T","R","E","?","?","?","R","B"],"character_chosen":"THE_CURSED","items_purchased":[],"campfire_rested":2,"item_purchase_floors":[],"current_hp_per_floor":[65,65,73,73,58,21,21,43,43,43,31,31,16,16,38,0,0],"gold":162,"neow_bonus":"UPGRADE_CARD","is_daily":false,"chose_seed":false,"campfire_upgraded":1,"win_rate":0.0,"timestamp":1614447341,"path_taken":["M","$","?","M","M","E","?","R","T","R","E","?","?","?","R","BOSS"],"items_purchased_type":[],"build_version":"2020-12-22","purchased_purges":1,"victory":false,"max_hp_per_floor":[75,75,75,75,75,75,75,75,75,75,75,75,75,75,75,75,75],"card_choices":[{"not_picked":["TheCursedMod:StingEye","TheCursedMod:Torture"],"picked":"TheCursedMod:HellfireBreathing","floor":1},{"not_picked":["TheCursedMod:Evocation","TheCursedMod:Wield"],"picked":"TheCursedMod:Stretching","floor":4},{"not_picked":["TheCursedMod:HellsGateOpen","TheCursedMod:CursedSpellbook"],"picked":"TheCursedMod:CursedBlade","floor":5},{"not_picked":["TheCursedMod:Mangle","TheCursedMod:CursedBlade"],"picked":"TheCursedMod:Grudge","floor":6},{"not_picked":["TheCursedMod:Obscuration","TheCursedMod:RavingStaff"],"picked":"TheCursedMod:CircleOfCorruption","floor":7},{"not_picked":["TheCursedMod:CursedShiv","TheCursedMod:TacticalStrike","TheCursedMod:Wield"],"picked":"SKIP","floor":11}],"player_experience":363442,"relics_obtained":[{"floor":6,"key":"reliquary:Sod"},{"floor":9,"key":"ReplayFunnel"},{"floor":11,"key":"TheCursedMod:MagicCandle"}],"event_choices":[{"damage_healed":0,"gold_gain":0,"player_choice":"Entered Light","damage_taken":15,"max_hp_gain":0,"max_hp_loss":0,"event_name":"Shining Light","floor":13,"gold_loss":0,"cards_upgraded":["TheCursedMod:Grudge","TheCursedMod:HellfireBreathing"]}],"is_beta":false,"boss_relics":[],"items_purged_floors":[2],"is_endless":false,"potions_floor_spawned":[6,7],"killed_by":"Slime Boss","ascension_level":0}}