{"host":"nkolxg4se00n20yf","time":1614423546,"event":{"mods":["BaseMod","CatGirl Mod","Chen","Colored Map","Colored Powertips","Downfall","Friendly Minions","Infinite Spire","Kiyohime????","Marisa????????","Minty Spire (QoL Compilation)","StSLib","Td1madao Mod","The Administrix","The Cursed","The Exalted","The Hierophant","The Servant 0.9.4"],"gold_per_floor":[113,10,10,25,43,59,59,59,59,78,78,109,124,140,140,218,218,218,218],"floor_reached":18,"language":"ENG","playtime":1260,"items_purged":[],"score":320,"play_id":"d7fe8434-3cc5-4bd7-a3e1-ba839daeb9dc","local_time":"20210227115906","is_ascension_mode":true,"campfire_choices":[{"data":"Burst","floor":7,"key":"SMITH"},{"floor":11,"key":"REST"},{"floor":15,"key":"REST"}],"circlet_count":0,"master_deck":["AscendersBane","Strike_G","Strike_G","Strike_G","Strike_G","Strike_G","Defend_G","Defend_G","Defend_G","Defend_G","Survivor","Neutralize","Acrobatics","Bandage Up","Blade Dance","PiercingWail","Burst+1","Dash","Noxious Fumes","Caltrops","Backstab","Venomology"],"relics":["Ring of the Snake","infinitespire:PuzzleCube","Blue Candle","The Courier","Bromod:ArcaneGrace"],"acts_visited":["Exordium","TheCity"],"potions_floor_usage":[13,16],"damage_taken":[{"damage":1,"enemies":"Cultist","floor":1,"turns":3},{"damage":9,"enemies":"Jaw Worm","floor":4,"turns":7},{"damage":7,"enemies":"Small Slimes","floor":5,"turns":4},{"damage":7,"enemies":"Gremlin Gang","floor":6,"turns":7},{"damage":8,"enemies":"Blue Slaver","floor":10,"turns":5},{"damage":36,"enemies":"3 Sentries","floor":12,"turns":10},{"damage":2,"enemies":"Exordium Wildlife","floor":13,"turns":4},{"damage":4,"enemies":"Looter","floor":14,"turns":3},{"damage":81,"enemies":"Hexaghost","floor":16,"turns":12},{"damage":63,"enemies":"Chosen","floor":18,"turns":6}],"seed_played":"-388060553597911759","potions_obtained":[{"floor":4,"key":"Poison Potion"},{"floor":6,"key":"FairyPotion"},{"floor":13,"key":"sneckomod:MuddlingPotion"},{"floor":14,"key":"DuplicationPotion"}],"is_trial":false,"path_per_floor":["M","$","?","M","M","M","R","?","T","M","R","E","M","M","R","B",null,"M"],"character_chosen":"THE_SILENT","items_purchased":["Bandage Up"],"campfire_rested":2,"item_purchase_floors":[2],"current_hp_per_floor":[58,58,58,53,50,47,47,47,47,43,62,30,32,32,51,11,52,0,0],"gold":218,"neow_bonus":"RANDOM_COMMON_RELIC","is_daily":false,"chose_seed":false,"campfire_upgraded":1,"win_rate":0.0,"timestamp":1614423546,"path_taken":["M","?","?","M","M","M","R","?","T","M","R","E","?","M","R","BOSS","M"],"items_purchased_type":["Card"],"build_version":"2020-12-22","purchased_purges":0,"victory":false,"max_hp_per_floor":[66,66,66,66,66,66,66,66,66,66,66,66,66,66,66,66,66,66,66],"card_choices":[{"not_picked":["Backflip","Finisher"],"picked":"Acrobatics","floor":1},{"not_picked":["Prepared","Bane"],"picked":"Blade Dance","floor":4},{"not_picked":["Poisoned Stab","Concentrate"],"picked":"PiercingWail","floor":5},{"not_picked":["Backflip","Bane"],"picked":"Burst","floor":6},{"not_picked":["Outmaneuver","Acrobatics"],"picked":"Noxious Fumes","floor":10},{"not_picked":["Predator","Bouncing Flask"],"picked":"Caltrops","floor":12},{"not_picked":["Acrobatics","Cloak And Dagger"],"picked":"Backstab","floor":13},{"not_picked":["Riddle With Holes","All Out Attack","Dagger Throw"],"picked":"SKIP","floor":14},{"not_picked":["Grand Finale","Glass Knife"],"picked":"Venomology","floor":16}],"player_experience":1158869,"relics_obtained":[{"floor":9,"key":"Blue Candle"},{"floor":12,"key":"The Courier"}],"event_choices":[{"damage_healed":0,"gold_gain":0,"player_choice":"Ignored","damage_taken":0,"max_hp_gain":0,"max_hp_loss":0,"event_name":"Shining Light","floor":3,"gold_loss":0},{"damage_healed":0,"gold_gain":0,"cards_transformed":["Defend_G"],"player_choice":"Transformed","damage_taken":0,"max_hp_gain":0,"max_hp_loss":0,"event_name":"Transmorgrifier","floor":8,"gold_loss":0,"cards_obtained":["Dash"]}],"is_beta":false,"boss_relics":[{"not_picked":["Astrolabe","Sozu"],"picked":"Bromod:ArcaneGrace"}],"items_purged_floors":[],"is_endless":false,"potions_floor_spawned":[4,6,10,13,14],"killed_by":"Chosen","ascension_level":19}}