{"host":"x73jdofm2fk9hsud","time":1614385728,"event":{"mods":["BaseMod","Bestiary","Minty Spire (QoL Compilation)","Relic Stats","ojb\u0027s Better Paths Mod","ojb\u0027s Info Mod"],"gold_per_floor":[359,359,376,387,357,390,259,291,291,216,216,240,240,200,200,278,278,294,344,344,47,58,58,84,84,129,129,139,139,155,174,174,247,247,258,258,283,295,306,336,336,355,381,381,162,176,193,221,221,221,221,221,221,8,38,38,38],"floor_reached":56,"language":"ENG","playtime":4937,"items_purged":["Writhe","Strike_G","Parasite","Infinite Blades"],"score":1920,"play_id":"320860c1-eeda-4903-b80e-d72b071bcc5b","local_time":"20210226192848","is_ascension_mode":true,"campfire_choices":[{"data":"Noxious Fumes","floor":11.0,"key":"SMITH"},{"data":"Caltrops","floor":13.0,"key":"SMITH"},{"floor":15.0,"key":"REST"},{"floor":23.0,"key":"REST"},{"data":"Neutralize","floor":25.0,"key":"SMITH"},{"data":"Cloak And Dagger","floor":27.0,"key":"SMITH"},{"data":"Cloak And Dagger","floor":32.0,"key":"SMITH"},{"data":"Prepared","floor":41,"key":"SMITH"},{"floor":44,"key":"RECALL"},{"floor":49,"key":"REST"},{"floor":53,"key":"REST"}],"circlet_count":0,"master_deck":["AscendersBane","Strike_G","Defend_G","Defend_G","Defend_G","Defend_G","Defend_G","Survivor","Neutralize+1","Burst","Caltrops+1","Blade Dance","Noxious Fumes+1","Cloak And Dagger+1","Malaise","Leg Sweep","Finisher","Blur","Heel Hook","Outmaneuver+1","Cloak And Dagger+1","Adrenaline","Footwork+1","PiercingWail","Cloak And Dagger","Prepared+1","Deflect+1","Footwork+1","Deflect","Footwork+1","Envenom","Calculated Gamble","Burst"],"relics":["Ring of the Snake","Smiling Mask","Sundial","Kunai","Runic Pyramid","Art of War","Strawberry","Bronze Scales","Mummified Hand","Empty Cage","Anchor","Bag of Marbles","DollysMirror","Prayer Wheel","Bottled Tornado"],"acts_visited":["Exordium","TheCity","TheBeyond","TheEnding"],"potions_floor_usage":[42,56,56],"damage_taken":[{"damage":11.0,"enemies":"Jaw Worm","floor":1.0,"turns":7.0},{"damage":3.0,"enemies":"Cultist","floor":3.0,"turns":5.0},{"damage":2.0,"enemies":"2 Louse","floor":4.0,"turns":4.0},{"damage":12.0,"enemies":"Gremlin Nob","floor":6.0,"turns":4.0},{"damage":15.0,"enemies":"3 Sentries","floor":8.0,"turns":7.0},{"damage":1.0,"enemies":"Exordium Thugs","floor":14.0,"turns":5.0},{"damage":11.0,"enemies":"Hexaghost","floor":16.0,"turns":9.0},{"damage":12.0,"enemies":"Spheric Guardian","floor":18.0,"turns":6.0},{"damage":4.0,"enemies":"Chosen","floor":22.0,"turns":8.0},{"damage":6.0,"enemies":"Book of Stabbing","floor":24.0,"turns":6.0},{"damage":7.0,"enemies":"Centurion and Healer","floor":28.0,"turns":9.0},{"damage":5.0,"enemies":"Cultist and Chosen","floor":30.0,"turns":7.0},{"damage":0.0,"enemies":"Chosen and Byrds","floor":31.0,"turns":6.0},{"damage":25.0,"enemies":"Champ","floor":33.0,"turns":17.0},{"damage":0.0,"enemies":"Orb Walker","floor":35.0,"turns":4.0},{"damage":0.0,"enemies":"Mind Bloom Boss Battle","floor":37.0,"turns":6.0},{"damage":0,"enemies":"3 Shapes","floor":38,"turns":7},{"damage":1,"enemies":"Spire Growth","floor":39,"turns":8},{"damage":14,"enemies":"Nemesis","floor":40,"turns":9},{"damage":2,"enemies":"Writhing Mass","floor":42,"turns":6},{"damage":3,"enemies":"Maw","floor":46,"turns":11},{"damage":0,"enemies":"Sphere and 2 Shapes","floor":47,"turns":7},{"damage":0,"enemies":"Giant Head","floor":48,"turns":13},{"damage":33,"enemies":"Time Eater","floor":50,"turns":19},{"damage":9,"enemies":"Donu and Deca","floor":51,"turns":15},{"damage":32,"enemies":"Shield and Spear","floor":55,"turns":12},{"damage":29,"enemies":"The Heart","floor":56,"turns":3}],"seed_played":"1719134005730113955","potions_obtained":[{"floor":3.0,"key":"SteroidPotion"},{"floor":4.0,"key":"EssenceOfSteel"},{"floor":5.0,"key":"AttackPotion"},{"floor":5.0,"key":"GhostInAJar"},{"floor":6.0,"key":"Explosive Potion"},{"floor":14.0,"key":"Block Potion"},{"floor":18.0,"key":"PowerPotion"},{"floor":39,"key":"SkillPotion"},{"floor":40,"key":"FearPotion"},{"floor":46,"key":"Dexterity Potion"},{"floor":55,"key":"ColorlessPotion"}],"is_trial":false,"path_per_floor":["M","?","M","M","?","E","$","E","T","?","R","T","R","M","R","B",null,"M","?","?","$","M","R","E","R","T","R","M","T","M","M","R","B",null,"M","?","?","M","M","E","R","M","T","R","$","M","M","E","R","B","B",null,"R","$","E","B"],"character_chosen":"THE_SILENT","items_purchased":["Noxious Fumes","Blur","Art of War","DollysMirror","Envenom","Calculated Gamble"],"campfire_rested":4,"item_purchase_floors":[7,21,21,45,54,54],"current_hp_per_floor":[48,48,45,43,43,31,31,16,16,16,16,16,16,15,33,22,51,39,39,39,39,35,53,54,54,54,54,47,47,42,42,42,17,55,55,55,55,55,54,40,40,38,38,38,38,35,35,35,53,20,11,49,61,61,29,0,0],"gold":38,"neow_bonus":"TWO_FIFTY_GOLD","is_daily":false,"chose_seed":false,"campfire_upgraded":6,"win_rate":0.0,"timestamp":1614385728,"path_taken":["M","?","M","?","?","E","?","E","T","?","R","?","R","M","R","BOSS","M","?","?","$","M","R","E","R","T","R","?","?","M","M","R","BOSS","M","?","?","M","M","E","R","M","T","R","$","M","M","E","R","BOSS","BOSS","R","$","E","BOSS"],"items_purchased_type":["Card","Card","Relic","Relic","Card","Card"],"build_version":"2020-12-22","purchased_purges":4,"victory":false,"max_hp_per_floor":[60,60,60,60,60,60,60,60,60,60,60,60,60,60,60,60,60,60,60,60,60,60,60,67,67,67,67,67,67,67,67,67,67,67,67,64,64,64,64,64,64,64,64,64,61,61,61,61,61,61,61,61,61,61,61,61,61],"relic_stats":{"counters":[27,220],"Sundial":[24],"Mummified Hand":[63],"Bronze Scales":[507],"Prayer Wheel":0,"Art of War":[46],"Kunai":[133],"Smiling Mask":250,"obtain_stats":[{"Bottled Tornado":55,"Smiling Mask":6,"Empty Cage":34,"Anchor":40,"Sundial":8,"Mummified Hand":29,"DollysMirror":45,"Strawberry":24,"Bronze Scales":26,"Prayer Wheel":48,"Art of War":21,"Bag of Marbles":43,"Kunai":9,"Ring of the Snake":0,"Runic Pyramid":17},{"Bottled Tornado":26,"Smiling Mask":4,"Empty Cage":14,"Anchor":19,"Sundial":5,"Mummified Hand":11,"DollysMirror":20,"Strawberry":10,"Bronze Scales":10,"Prayer Wheel":23,"Art of War":8,"Bag of Marbles":20,"Kunai":5,"Ring of the Snake":0,"Runic Pyramid":7},{"Bottled Tornado":217,"Smiling Mask":20,"Empty Cage":100,"Anchor":134,"Sundial":27,"Mummified Hand":70,"DollysMirror":140,"Strawberry":61,"Bronze Scales":61,"Prayer Wheel":171,"Art of War":47,"Bag of Marbles":140,"Kunai":27,"Ring of the Snake":0,"Runic Pyramid":41}],"Ring of the Snake":[54]},"card_choices":[{"not_picked":["Quick Slash","Outmaneuver"],"picked":"Infinite Blades","floor":1.0},{"not_picked":["Slice","Dash"],"picked":"Caltrops","floor":3.0},{"not_picked":["All Out Attack","Riddle With Holes"],"picked":"Blade Dance","floor":4.0},{"not_picked":["Masterful Stab","Flying Knee"],"picked":"Unload","floor":6.0},{"not_picked":["Backflip","PiercingWail"],"picked":"Cloak And Dagger","floor":8.0},{"not_picked":["Slice","Outmaneuver","Underhanded Strike"],"picked":"SKIP","floor":14.0},{"not_picked":["Glass Knife","Tools of the Trade"],"picked":"Malaise","floor":16.0},{"not_picked":["Finisher","Slice"],"picked":"Leg Sweep","floor":18.0},{"not_picked":["Dagger Throw","Dagger Spray","Endless Agony"],"picked":"SKIP","floor":22.0},{"not_picked":["Flying Knee","Crippling Poison"],"picked":"Heel Hook","floor":24.0},{"not_picked":["Sucker Punch","Bouncing Flask","Flying Knee"],"picked":"SKIP","floor":28.0},{"not_picked":["Night Terror","Dagger Spray"],"picked":"Outmaneuver+1","floor":30.0},{"not_picked":["Endless Agony","Underhanded Strike"],"picked":"Cloak And Dagger","floor":31.0},{"not_picked":["Venomology","Grand Finale"],"picked":"Adrenaline","floor":33.0},{"not_picked":["Deflect","Blade Dance"],"picked":"Footwork+1","floor":35.0},{"not_picked":["Eviscerate","Prepared"],"picked":"PiercingWail","floor":37},{"not_picked":["Bane","Quick Slash+1","Flying Knee"],"picked":"SKIP","floor":38},{"not_picked":["Dagger Spray","Outmaneuver+1"],"picked":"Cloak And Dagger","floor":39},{"not_picked":["Night Terror","Eviscerate"],"picked":"Prepared","floor":40},{"not_picked":["Leg Sweep","Riddle With Holes"],"picked":"Deflect+1","floor":42},{"not_picked":["Catalyst+1","Footwork"],"picked":"Deflect","floor":46},{"not_picked":["Quick Slash","Acrobatics","Outmaneuver"],"picked":"SKIP","floor":47},{"not_picked":["Poisoned Stab","Prepared"],"picked":"Footwork+1","floor":48},{"not_picked":["Sucker Punch+1","PiercingWail"],"picked":"Burst","floor":55}],"player_experience":5441048,"relics_obtained":[{"floor":6.0,"key":"Smiling Mask"},{"floor":8.0,"key":"Sundial"},{"floor":9.0,"key":"Kunai"},{"floor":24.0,"key":"Strawberry"},{"floor":26.0,"key":"Bronze Scales"},{"floor":29.0,"key":"Mummified Hand"},{"floor":40,"key":"Anchor"},{"floor":43,"key":"Bag of Marbles"},{"floor":48,"key":"Prayer Wheel"},{"floor":55,"key":"Bottled Tornado"}],"event_choices":[{"damage_healed":0.0,"max_hp_gain":0.0,"max_hp_loss":0.0,"gold_gain":0.0,"event_name":"Match and Keep!","player_choice":"2 cards matched","floor":2.0,"gold_loss":0.0,"damage_taken":0.0,"cards_obtained":["Writhe","Burst"]},{"damage_healed":0.0,"max_hp_gain":0.0,"max_hp_loss":0.0,"gold_gain":0.0,"event_name":"The Woman in Blue","player_choice":"Bought 2 Potions","floor":5.0,"gold_loss":0.0,"damage_taken":0.0},{"cards_removed":["Strike_G"],"damage_healed":0.0,"max_hp_gain":0.0,"max_hp_loss":0.0,"gold_gain":0.0,"event_name":"The Cleric","player_choice":"Card Removal","floor":10.0,"gold_loss":75.0,"damage_taken":0.0},{"damage_healed":0.0,"max_hp_gain":0.0,"max_hp_loss":0.0,"gold_gain":50.0,"event_name":"Nest","player_choice":"Stole From Cult","floor":19.0,"gold_loss":0.0,"damage_taken":0.0},{"damage_healed":0.0,"max_hp_gain":0.0,"max_hp_loss":0.0,"gold_gain":0.0,"cards_transformed":["Strike_G"],"event_name":"Transmorgrifier","player_choice":"Transformed","floor":20.0,"gold_loss":0.0,"damage_taken":0.0,"cards_obtained":["Finisher"]},{"damage_healed":0.0,"max_hp_gain":0.0,"max_hp_loss":3.0,"gold_gain":0.0,"event_name":"Winding Halls","player_choice":"Max HP","floor":36.0,"gold_loss":0.0,"damage_taken":0.0},{"damage_healed":0.0,"max_hp_gain":0.0,"max_hp_loss":0.0,"gold_gain":0.0,"event_name":"MindBloom","player_choice":"Fight","floor":37.0,"gold_loss":0.0,"damage_taken":0.0}],"is_beta":false,"boss_relics":[{"not_picked":["Coffee Dripper","Fusion Hammer"],"picked":"Runic Pyramid"},{"not_picked":["Calling Bell","Ring of the Serpent"],"picked":"Empty Cage"}],"items_purged_floors":[7,21,45,54],"is_endless":false,"potions_floor_spawned":[3,4,6,14,18,22,39,40,46,47,55],"killed_by":"The Heart","ascension_level":20}}