{"host":"w4b7hmige5bnqipq","time":1614457394,"event":{"mods":["2.2 Compatiblity","BaseMod","Colored Map","DeckTracker","Keyboard Shortcuts","Minty Spire (QoL Compilation)","Permanent Neow","Rare Cards Sparkle","SuperFastMode","everything is the same but u backflip on backflip","slay the spire mod where everything is the same but ironclad has a cowboy hat"],"gold_per_floor":[18,18,34,34,46,46,80,80,80,90,119,44,78,152,152,152,152],"floor_reached":16,"language":"KOR","playtime":361,"items_purged":[],"score":328,"play_id":"295d8825-7cc0-4b1a-be4f-b25cdfb8d1f5","local_time":"20210228042314","is_ascension_mode":true,"campfire_choices":[{"data":"Reboot","floor":6,"key":"SMITH"},{"data":"Zap","floor":8,"key":"SMITH"},{"data":"White Noise","floor":15,"key":"SMITH"}],"circlet_count":0,"master_deck":["AscendersBane","Strike_B","Strike_B","Strike_B","Defend_B","Defend_B","Defend_B","Defend_B","Zap+1","Dualcast","Apotheosis+1","Beam Cell","Reboot+1","Cold Snap","Recycle","Amplify","White Noise+1"],"relics":["Cracked Core","Mercury Hourglass","Lantern","Meat on the Bone","CaptainsWheel","Blue Candle"],"acts_visited":["Exordium"],"potions_floor_usage":[7,7,7,11,11,16],"damage_taken":[{"damage":4,"enemies":"Jaw Worm","floor":1,"turns":3},{"damage":0,"enemies":"Cultist","floor":3,"turns":3},{"damage":0,"enemies":"2 Louse","floor":5,"turns":2},{"damage":2,"enemies":"3 Sentries","floor":7,"turns":8},{"damage":6,"enemies":"Blue Slaver","floor":10,"turns":2},{"damage":8,"enemies":"Lagavulin","floor":11,"turns":5},{"damage":34,"enemies":"Gremlin Nob","floor":13,"turns":4}],"seed_played":"-3971240807716360536","potions_obtained":[{"floor":3,"key":"Swift Potion"},{"floor":4,"key":"EntropicBrew"},{"floor":4,"key":"Fire Potion"},{"floor":10,"key":"FearPotion"},{"floor":13,"key":"Explosive Potion"}],"is_trial":false,"path_per_floor":["M","?","M","?","M","R","E","R","T","M","E","?","E","T","R","B"],"character_chosen":"DEFECT","items_purchased":[],"campfire_rested":0,"item_purchase_floors":[],"current_hp_per_floor":[60,60,60,60,60,60,58,58,58,52,44,44,22,22,22,0,0],"gold":152,"neow_bonus":"RANDOM_COLORLESS_2","is_daily":false,"chose_seed":false,"campfire_upgraded":3,"win_rate":0.0,"timestamp":1614457394,"path_taken":["M","?","M","?","M","R","E","R","T","?","E","?","E","?","R","BOSS"],"items_purchased_type":[],"build_version":"2020-12-22","purchased_purges":0,"victory":false,"max_hp_per_floor":[71,71,71,71,71,71,71,71,71,71,71,71,71,71,71,71,71],"card_choices":[{"not_picked":["Secret Weapon","Mayhem"],"picked":"Apotheosis","floor":0},{"not_picked":["Turbo","Redo"],"picked":"Beam Cell","floor":1},{"not_picked":["Sweeping Beam","Reinforced Body"],"picked":"Reboot","floor":3},{"not_picked":["Blizzard","BootSequence"],"picked":"Cold Snap","floor":5},{"not_picked":["Static Discharge","Sweeping Beam","Hello World"],"picked":"SKIP","floor":7},{"not_picked":["Conserve Battery","FTL"],"picked":"Recycle","floor":10},{"not_picked":["Streamline","Barrage"],"picked":"Amplify","floor":11},{"not_picked":["Hologram","Steam Power"],"picked":"White Noise","floor":13}],"player_experience":804216,"relics_obtained":[{"floor":7,"key":"Mercury Hourglass"},{"floor":9,"key":"Lantern"},{"floor":11,"key":"Meat on the Bone"},{"floor":13,"key":"CaptainsWheel"},{"floor":14,"key":"Blue Candle"}],"event_choices":[{"damage_healed":0,"gold_gain":0,"player_choice":"Grow","damage_taken":0,"max_hp_gain":0,"max_hp_loss":0,"event_name":"Living Wall","floor":2,"gold_loss":0,"cards_upgraded":["Apotheosis"]},{"damage_healed":0,"gold_gain":0,"player_choice":"Got Potions","damage_taken":0,"max_hp_gain":0,"max_hp_loss":0,"event_name":"Lab","floor":4,"gold_loss":0},{"cards_removed":["Strike_B"],"damage_healed":0,"gold_gain":0,"player_choice":"Card Removal","damage_taken":0,"max_hp_gain":0,"max_hp_loss":0,"event_name":"The Cleric","floor":12,"gold_loss":75}],"is_beta":false,"boss_relics":[],"items_purged_floors":[],"is_endless":false,"potions_floor_spawned":[3,10,13],"killed_by":"The Guardian","ascension_level":19}}