{"host":"ffjrj7fisyni1ebk","time":1614418394,"event":{"mods":["2.2 Compatiblity","BaseMod","Bestiary","Colored Map","Colored Powertips","Curses Come First","Highlight Path","Keyboard Shortcuts","Minty Spire (QoL Compilation)","Relic Stats","Slay the Relics Exporter","StSLib","SuperFastMode"],"gold_per_floor":[144,189,189,39,84,174,174,174,199,217,217,271,21,75,75,393,393,447,447,501,501,501,501],"floor_reached":22,"language":"ENG","playtime":887,"items_purged":[],"score":209,"play_id":"1ea23c21-37bb-4192-bfa5-7bbc2740c715","local_time":"20210227113314","daily_mods":["Cursed Run","Diverse","Midas"],"is_ascension_mode":false,"campfire_choices":[{"floor":8.0,"key":"REST"},{"floor":11.0,"key":"REST"},{"floor":15.0,"key":"REST"}],"circlet_count":0,"master_deck":["Strike_B+1","Strike_B+1","Strike_B","Defend_B","Defend_B","Defend_B","Defend_B","Zap","Dualcast","Infernal Blade","PathToVictory","Conclude","Armaments","Writhe","Thunder Strike","Venomology","Inflame","Writhe","Offering","Aggregate","DeceiveReality"],"relics":["Cursed Key","Darkstone Periapt","Du-Vu Doll","Cauldron","Matryoshka","Blood Vial","CeramicFish","Pantograph","Velvet Choker","Nilry\u0027s Codex"],"acts_visited":["Exordium","TheCity"],"potions_floor_usage":[20,20,22],"damage_taken":[{"damage":0.0,"enemies":"Small Slimes","floor":1.0,"turns":3.0},{"damage":4.0,"enemies":"Cultist","floor":2.0,"turns":4.0},{"damage":0.0,"enemies":"2 Louse","floor":5.0,"turns":2.0},{"damage":14.0,"enemies":"3 Sentries","floor":6.0,"turns":5.0},{"damage":0.0,"enemies":"Large Slime","floor":12.0,"turns":5.0},{"damage":11.0,"enemies":"Exordium Thugs","floor":14.0,"turns":3.0},{"damage":48.0,"enemies":"The Guardian","floor":16.0,"turns":8.0},{"damage":35.0,"enemies":"Spheric Guardian","floor":18.0,"turns":6.0},{"damage":38,"enemies":"Shell Parasite","floor":20,"turns":5},{"damage":18,"enemies":"Centurion and Healer","floor":22,"turns":2}],"seed_played":"-2463471341485849212","potions_obtained":[{"floor":1.0,"key":"BlessingOfTheForge"},{"floor":4.0,"key":"Fruit Juice"},{"floor":4.0,"key":"Fruit Juice"},{"floor":4.0,"key":"SneckoOil"},{"floor":4.0,"key":"Weak Potion"},{"floor":5.0,"key":"Swift Potion"},{"floor":6.0,"key":"Dexterity Potion"},{"floor":18.0,"key":"LiquidMemories"},{"floor":20,"key":"FocusPotion"}],"is_trial":false,"path_per_floor":["M","M","?","$","M","E","?","R","T","?","R","M","$","M","R","B",null,"M","?","M","?","M"],"character_chosen":"DEFECT","items_purchased":["Cauldron","Pantograph"],"campfire_rested":3,"item_purchase_floors":[4,13],"current_hp_per_floor":[75,71,71,81,81,67,50,75,81,87,97,97,97,86,97,55,103,68,52,16,16,0,0],"gold":501,"neow_bonus":"","is_daily":true,"chose_seed":false,"campfire_upgraded":0,"win_rate":0.0,"timestamp":1614418394,"path_taken":["M","M","?","$","M","E","?","R","T","?","R","M","$","?","R","BOSS","M","?","M","?","M"],"items_purchased_type":["Relic","Relic"],"build_version":"2020-12-22","purchased_purges":0,"victory":false,"max_hp_per_floor":[75,75,75,85,85,85,85,85,91,97,97,97,97,97,97,103,103,103,103,103,100,100,100],"relic_stats":{"Darkstone Periapt":18,"Blood Vial":4,"counters":[10,43],"CeramicFish":72,"Pantograph":0,"Cursed Key":1,"obtain_stats":[{"Darkstone Periapt":0,"Du-Vu Doll":0,"Blood Vial":9,"Cauldron":4,"Matryoshka":6,"Nilry\u0027s Codex":19,"CeramicFish":9,"Pantograph":13,"Velvet Choker":17,"Cursed Key":0},{"Darkstone Periapt":0,"Du-Vu Doll":0,"Blood Vial":4,"Cauldron":2,"Matryoshka":4,"Nilry\u0027s Codex":8,"CeramicFish":4,"Pantograph":5,"Velvet Choker":7,"Cursed Key":0},{"Darkstone Periapt":0,"Du-Vu Doll":0,"Blood Vial":14,"Cauldron":7,"Matryoshka":14,"Nilry\u0027s Codex":36,"CeramicFish":14,"Pantograph":19,"Velvet Choker":30,"Cursed Key":0}]},"card_choices":[{"not_picked":["Slice","Catalyst"],"picked":"Infernal Blade","floor":1.0},{"not_picked":["Glacier","Poisoned Stab"],"picked":"PathToVictory","floor":2.0},{"not_picked":["Wallop","CutThroughFate"],"picked":"Conclude","floor":5.0},{"not_picked":["Hologram","Study"],"picked":"Armaments","floor":6.0},{"not_picked":["Blood for Blood","Havoc"],"picked":"Venomology","floor":12.0},{"not_picked":["Cleave","WindmillStrike"],"picked":"Inflame","floor":14.0},{"not_picked":["Amplify","Brutality"],"picked":"Offering","floor":16.0},{"not_picked":["Study","CarveReality"],"picked":"Aggregate","floor":18.0},{"not_picked":["Melter","Headbutt"],"picked":"DeceiveReality","floor":20}],"player_experience":352962,"relics_obtained":[{"floor":6.0,"key":"Matryoshka"},{"floor":9.0,"key":"Blood Vial"},{"floor":9.0,"key":"CeramicFish"},{"floor":19,"key":"Nilry\u0027s Codex"}],"event_choices":[{"cards_removed":["Strike_B"],"damage_healed":0.0,"max_hp_gain":0.0,"max_hp_loss":0.0,"gold_gain":0.0,"event_name":"Living Wall","player_choice":"Forget","floor":3.0,"gold_loss":0.0,"damage_taken":0.0},{"damage_healed":0.0,"max_hp_gain":0.0,"max_hp_loss":0.0,"gold_gain":0.0,"event_name":"Shining Light","player_choice":"Entered Light","floor":7.0,"gold_loss":0.0,"damage_taken":17.0,"cards_upgraded":["Strike_B","Strike_B"]},{"damage_healed":0.0,"max_hp_gain":0.0,"max_hp_loss":0.0,"gold_gain":0.0,"event_name":"Match and Keep!","player_choice":"2 cards matched","floor":10.0,"gold_loss":0.0,"damage_taken":0.0,"cards_obtained":["Parasite","Thunder Strike"]},{"damage_healed":0,"gold_gain":0,"player_choice":"Obtained Book","damage_taken":16,"max_hp_gain":0,"max_hp_loss":0,"event_name":"Cursed Tome","floor":19,"gold_loss":0},{"cards_removed":["Parasite"],"damage_healed":0,"gold_gain":0,"player_choice":"Elegance","damage_taken":0,"max_hp_gain":0,"max_hp_loss":0,"event_name":"Back to Basics","floor":21,"gold_loss":0}],"is_beta":false,"boss_relics":[{"not_picked":["Coffee Dripper","Runic Dome"],"picked":"Velvet Choker"}],"items_purged_floors":[],"is_endless":false,"potions_floor_spawned":[1,5,6,18,20],"killed_by":"Centurion and Healer","ascension_level":0}}