{"host":"bplbr8uekuotory4","time":1614420908,"event":{"mods":["Act Like it!","BaseMod","GungeonMod","Hermit","KinomotoSakuraMod(木之本樱)","Marisa（F雨　魔理沙）","Minty Spire (QoL Compilation)","Prisma Mod","Quick Restart","Reimu（博丽灵梦）","SOS（斯巴达之子）","Spicy Shops","StSLib","TestMod","The Blackbeard","The Cursed","The Mystic","The Saiyan","The Senshi","The Servant 0.9.4","Yuri Mod","[IsaacMod]以撒尖塔"],"gold_per_floor":[116,135,151,326,340,340,357,387,387,164,176,204,204,216,216,318,318,338,338,357,357,371,371,173,173,173,38,50,50,50,64,64,161,161,177,177,577,389,405,434,453,463,542,542,575,625,644,569,569,569,569,569,569,597,597],"floor_reached":56,"language":"ZHS","playtime":1707,"items_purged":["Doubt","PrismaMod:IllyaCommonAttack","PrismaMod:IllyaCommonDefend","PrismaMod:IllyaCommonAttack","PrismaMod:IllyaCommonDefend","PrismaMod:IllyaCommonAttack","PrismaMod:IllyaCommonDefend"],"score":2335,"play_id":"d3d1febf-8764-496f-b896-81b3f64b172c","local_time":"20210227181508","is_ascension_mode":true,"campfire_choices":[{"data":"PrismaMod:IllyaUncommonDefend","floor":6,"key":"SMITH"},{"floor":15,"key":"REST"},{"data":"PrismaMod:IllyaUberPoisonChannel","floor":23,"key":"SMITH"},{"data":"PrismaMod:IllyaCommandSeal","floor":25,"key":"SMITH"},{"data":"PrismaMod:IllyaCarnivalAttack","floor":32,"key":"SMITH"},{"floor":49,"key":"RECALL"},{"data":"PrismaMod:IllyaUncommonAttack","floor":52,"key":"SMITH"}],"circlet_count":0,"master_deck":["AscendersBane","PrismaMod:IllyaUncommonAttack+1","PrismaMod:IllyaUncommonDefend+1","PrismaMod:IllyaUberPoisonChannel+1","PrismaMod:IllyaCarnivalAttack+1","PrismaMod:IllyaStunPoison+1","PrismaMod:IllyaGrail+1","Discovery"],"relics":["PrismaMod:PrismaRuby","HushsDoor","DeathBook","testmod-PortableAltar","Odd Mushroom","BookOfRevelations","Potion Belt","testmod-OneHitWonder","testmod-Prudence","SteamSale","Bag of Marbles","testmod-TimeTraveler","GuppysTail","Lantern","PreservedInsect","BFFS","TheBean","White Beast Statue","Mango","testmod-RealStoneCalender","Membership Card","Strange Spoon","Vajra","Bag of Preparation","Blue Candle","MoneyPower","ClockworkSouvenir","Shuriken","Oddly Smooth Stone","CrazyTorch:ReiMu","DemoMod:GlassGuonStoneRelic","testmod-BalancedPeriapt"],"acts_visited":["Exordium","TheCity","TheBeyond","TheEnding"],"potions_floor_usage":[12,12,16,16,33,47,53,55,55,55,55,55,55,55,55,55,55],"damage_taken":[{"damage":5,"enemies":"Cultist","floor":1,"turns":5},{"damage":7,"enemies":"Small Slimes","floor":2,"turns":3},{"damage":2,"enemies":"2 Louse","floor":3,"turns":2},{"damage":12,"enemies":"Gremlin Gang","floor":5,"turns":7},{"damage":31,"enemies":"Exordium Wildlife","floor":7,"turns":6},{"damage":0,"enemies":"The Mushroom Lair","floor":8,"turns":1},{"damage":2,"enemies":"2 Fungi Beasts","floor":11,"turns":4},{"damage":2,"enemies":"Lagavulin","floor":12,"turns":4},{"damage":2,"enemies":"Large Slime","floor":14,"turns":4},{"damage":0,"enemies":"Hexaghost","floor":16,"turns":10},{"damage":30,"enemies":"3 Byrds","floor":18,"turns":6},{"damage":0,"enemies":"Chosen","floor":20,"turns":4},{"damage":0,"enemies":"Centurion and Healer","floor":22,"turns":4},{"damage":18,"enemies":"Snecko","floor":28,"turns":5},{"damage":0,"enemies":"Sentry and Sphere","floor":31,"turns":6},{"damage":0,"enemies":"Collector","floor":33,"turns":8},{"damage":0,"enemies":"Orb Walker","floor":35,"turns":2},{"damage":0,"enemies":"3 Darklings","floor":39,"turns":3},{"damage":0,"enemies":"Reptomancer","floor":40,"turns":5},{"damage":0,"enemies":"4 Shapes","floor":41,"turns":3},{"damage":0,"enemies":"Writhing Mass","floor":42,"turns":4},{"damage":0,"enemies":"Giant Head","floor":45,"turns":6},{"damage":0,"enemies":"Mind Bloom Boss Battle","floor":46,"turns":4},{"damage":9,"enemies":"Spire Growth","floor":47,"turns":2},{"damage":3,"enemies":"Time Eater","floor":50,"turns":6},{"damage":1,"enemies":"Shield and Spear","floor":54,"turns":2},{"damage":0,"enemies":"The Heart","floor":55,"turns":6}],"seed_played":"6108114804649336939","potions_obtained":[{"floor":3,"key":"GamblersBrew"},{"floor":7,"key":"AttackPotion"},{"floor":8,"key":"Explosive Potion"},{"floor":12,"key":"Block Potion"},{"floor":14,"key":"AttackPotion"},{"floor":18,"key":"Energy Potion"},{"floor":20,"key":"SkillPotion"},{"floor":39,"key":"Regen Potion"},{"floor":40,"key":"SpeedPotion"},{"floor":47,"key":"testmod-SpacePotion"}],"is_trial":false,"path_per_floor":["M","M","M","?","M","R","M","?","T","$","M","E","?","M","R","B",null,"M","?","M","?","M","R","$","R","T","$","M","?","$","M","R","B",null,"M","?","?","$","M","E","M","M","T","?","E","?","M","$","R","B",null,"R","$","E","B",null],"character_chosen":"ILLYA","items_purchased":["Potion Belt","PrismaMod:IllyaCarnivalAttack","SteamSale","Bag of Marbles","GuppysTail","EntropicBrew","Lantern","PreservedInsect","BFFS","Membership Card","Strange Spoon","Vajra","Bag of Preparation","Blue Candle","Swift Potion","DuplicationPotion","MoneyPower","ClockworkSouvenir","Shuriken","Oddly Smooth Stone","CrazyTorch:ReiMu","Discovery","Fruit Juice","Block Potion"],"campfire_rested":1,"item_purchase_floors":[10,17,24,27,34,34,38,38,38,48,48,48,48,48,48,48,53,53,53,53,53,53,53,53],"current_hp_per_floor":[63,56,54,54,42,42,11,11,11,11,9,7,7,5,23,23,43,16,16,19,19,22,22,22,22,22,22,9,46,46,51,51,56,48,47,46,45,44,43,42,41,40,39,38,51,50,40,40,40,37,43,43,48,46,45],"gold":597,"neow_bonus":"REMOVE_CARD","is_daily":false,"chose_seed":false,"campfire_upgraded":5,"win_rate":0.0,"timestamp":1614420908,"path_taken":["M","?","M","?","?","R","M","?","T","$","M","E","?","M","R","BOSS","M","?","M","?","?","R","$","R","T","$","?","?","?","M","R","BOSS","M","?","?","$","?","E","M","M","T","?","E","?","M","$","R","BOSS","R","$","E","BOSS"],"items_purchased_type":["Relic","Card","Relic","Relic","Relic","Potion","Relic","Relic","Relic","Relic","Relic","Relic","Relic","Relic","Potion","Potion","Relic","Relic","Relic","Relic","Relic","Card","Potion","Potion"],"build_version":"2020-12-22","purchased_purges":7,"victory":true,"max_hp_per_floor":[74,73,72,71,70,69,68,67,66,65,64,63,62,61,60,59,49,48,47,46,45,44,43,42,41,40,39,38,74,73,72,71,70,48,47,46,45,44,43,42,41,40,39,38,51,50,49,48,47,46,45,44,48,47,46],"card_choices":[{"not_picked":["PrismaMod:IllyaSaphire","PrismaMod:IllyaBride","PrismaMod:IllyaPartialInstallAssassin"],"picked":"SKIP","floor":1},{"not_picked":["PrismaMod:IllyaSaphire","PrismaMod:IllyaUpgradeOrbs","PrismaMod:IllyaHassanGift"],"picked":"SKIP","floor":2},{"not_picked":["PrismaMod:IllyaUncommonAttack","PrismaMod:IllyaCommonEvoke","PrismaMod:IllyaGrailKun"],"picked":"SKIP","floor":3},{"not_picked":["PrismaMod:IllyaUberAttackChannel","PrismaMod:IllyaHassanGift","PrismaMod:IllyaTestament"],"picked":"SKIP","floor":5},{"not_picked":["PrismaMod:IllyaUberPoisonBlock","PrismaMod:IllyaBoysLove"],"picked":"Bomb","floor":7},{"not_picked":["PrismaMod:IllyaMaid","PrismaMod:IllyaHassanGift","PrismaMod:IllyaTestament"],"picked":"SKIP","floor":11},{"not_picked":["PrismaMod:IllyaUncommonAttack","PrismaMod:IllyaGun"],"picked":"PrismaMod:IllyaCommandSeal","floor":12},{"not_picked":["PrismaMod:IllyaPoisonTippedWeapons","PrismaMod:IllyaInstallLancer","PrismaMod:IllyaMinorZwei"],"picked":"SKIP","floor":14},{"not_picked":["PrismaMod:IllyaInstallAlterEgo","PrismaMod:IllyaZwei"],"picked":"PrismaMod:IllyaUberPoisonChannel","floor":16},{"not_picked":["PrismaMod:IllyaMinorReinForce","PrismaMod:IllyaSaphire","PrismaMod:IllyaGun+1"],"picked":"SKIP","floor":18},{"not_picked":["PrismaMod:IllyaCommonEvoke","PrismaMod:IllyaCheapChannelAttack","PrismaMod:IllyaStunPoison+1"],"picked":"SKIP","floor":20},{"not_picked":["PrismaMod:IllyaReinForce","PrismaMod:IllyaFeed+1","PrismaMod:IllyaRubysPotion"],"picked":"SKIP","floor":22},{"not_picked":["PrismaMod:IllyaBride","PrismaMod:IllyaCommandSeal","PrismaMod:IllyaCommonEvoke+1"],"picked":"SKIP","floor":28},{"not_picked":["PrismaMod:IllyaPoisonBlock","PrismaMod:IllyaPoisonTippedWeapons+1","PrismaMod:IllyaHassanGift+1"],"picked":"SKIP","floor":31},{"not_picked":["PrismaMod:IllyaMaid+1","PrismaMod:IllyaCommonEvoke","PrismaMod:IllyaAlice"],"picked":"SKIP","floor":35},{"not_picked":["PrismaMod:IllyaPartialInstallAssassin+1","PrismaMod:IllyaBerserCAR","PrismaMod:IllyaBride"],"picked":"SKIP","floor":39},{"not_picked":["PrismaMod:IllyaPartialInstallAssassin+1","PrismaMod:IllyaFeed","PrismaMod:IllyaBlindPoisonToss"],"picked":"SKIP","floor":40},{"not_picked":["PrismaMod:IllyaPartialInstallAssassin+1","PrismaMod:IllyaFeed","PrismaMod:IllyaBlindPoisonToss"],"picked":"SKIP","floor":40},{"not_picked":["PrismaMod:IllyaRubysPotion","PrismaMod:IllyaDualEvoke","PrismaMod:IllyaBoysLove"],"picked":"SKIP","floor":41},{"not_picked":["PrismaMod:IllyaRubysPotion","PrismaMod:IllyaSaphire+1","PrismaMod:IllyaDualEvoke+1"],"picked":"SKIP","floor":42},{"not_picked":["PrismaMod:IllyaPartialInstallAssassin+1","PrismaMod:IllyaCheapChannelPoison+1"],"picked":"PrismaMod:IllyaStunPoison+1","floor":45},{"not_picked":["PrismaMod:IllyaUberChannel","PrismaMod:IllyaInstallShielder"],"picked":"PrismaMod:IllyaGrail+1","floor":47},{"not_picked":["PrismaMod:IllyaPartialInstallAssassin","PrismaMod:IllyaCheapDefend","PrismaMod:IllyaCarnivalOrbs"],"picked":"SKIP","floor":54}],"player_experience":1201646,"relics_obtained":[{"floor":8,"key":"Odd Mushroom"},{"floor":9,"key":"BookOfRevelations"},{"floor":12,"key":"testmod-OneHitWonder"},{"floor":40,"key":"TheBean"},{"floor":43,"key":"White Beast Statue"},{"floor":45,"key":"Mango"},{"floor":46,"key":"testmod-RealStoneCalender"},{"floor":54,"key":"testmod-BalancedPeriapt"}],"event_choices":[{"damage_healed":0,"gold_gain":175,"player_choice":"AGREE","damage_taken":0,"max_hp_gain":0,"max_hp_loss":0,"event_name":"Liars Game","floor":4,"gold_loss":0,"cards_obtained":["Doubt"]},{"damage_healed":0,"gold_gain":0,"player_choice":"Fought Mushrooms","damage_taken":0,"max_hp_gain":0,"max_hp_loss":0,"event_name":"Mushrooms","floor":8,"gold_loss":0},{"cards_removed":["PrismaMod:IllyaCommonDefend"],"damage_healed":0,"gold_gain":0,"player_choice":"Forget","damage_taken":0,"max_hp_gain":0,"max_hp_loss":0,"event_name":"Living Wall","floor":13,"gold_loss":0},{"cards_removed":["PrismaMod:IllyaCommonAttack"],"damage_healed":0,"gold_gain":0,"player_choice":"Purged","damage_taken":0,"max_hp_gain":0,"max_hp_loss":0,"event_name":"Purifier","floor":19,"gold_loss":0},{"cards_removed":["PrismaMod:IllyaCommonAttack"],"damage_healed":0,"gold_gain":0,"player_choice":"Elegance","damage_taken":0,"max_hp_gain":0,"max_hp_loss":0,"event_name":"Back to Basics","floor":21,"gold_loss":0},{"damage_healed":0,"gold_gain":0,"player_choice":"Swap Relic","damage_taken":0,"relics_obtained":["testmod-HarvestTotem"],"max_hp_gain":0,"max_hp_loss":0,"event_name":"给自己的盒子","floor":29,"relics_lost":["testmod-HarvestTotem"],"gold_loss":0},{"cards_removed":["PrismaMod:IllyaCommandSeal"],"damage_healed":0,"gold_gain":0,"player_choice":"Removed Skill","damage_taken":0,"max_hp_gain":0,"max_hp_loss":0,"event_name":"Falling","floor":36,"gold_loss":0},{"damage_healed":0,"gold_gain":400,"player_choice":"Sell","damage_taken":0,"max_hp_gain":0,"max_hp_loss":0,"event_name":"恩洛斯的盘子","floor":37,"relics_lost":["testmod-TestBox"],"gold_loss":0},{"damage_healed":0,"gold_gain":0,"player_choice":"Ignored","damage_taken":0,"max_hp_gain":0,"max_hp_loss":0,"event_name":"Tomb of Lord Red Mask","floor":44,"gold_loss":0},{"damage_healed":0,"gold_gain":0,"player_choice":"Fight","damage_taken":0,"max_hp_gain":0,"max_hp_loss":0,"event_name":"MindBloom","floor":46,"gold_loss":0}],"is_beta":false,"boss_relics":[{"not_picked":["Sozu","testmod-Recursion"],"picked":"testmod-Prudence"},{"not_picked":[]},{"not_picked":["Snecko Eye","testmod-BatchProcessingSystem"],"picked":"testmod-TimeTraveler"},{"not_picked":[]}],"items_purged_floors":[10,17,24,27,34,48,53],"is_endless":false,"potions_floor_spawned":[3,7,8,12,14,18,20,39,40,45,46,47,54],"ascension_level":11}}