{"host":"uioim0xrpyrmw01v","time":1614484828,"event":{"mods":["BaseMod","Minty Spire (QoL Compilation)"],"gold_per_floor":[116,130,140,140,140,140,151,178,178,206,206,206,232,232,232,327,327,337,356,356,372,385,385,417,417,417,429,429,444,128,142,142,246,246,265,265,1264,816,816,843,843,227,227,227,243,261,271,271,271,271,271],"floor_reached":50,"language":"ENG","playtime":4727,"items_purged":["Strike_B","Normality","Normality"],"score":586,"play_id":"6a9abdcf-edf2-4106-8184-7c938829c1c2","local_time":"20210227200028","is_ascension_mode":true,"campfire_choices":[{"data":"Dualcast","floor":6,"key":"SMITH"},{"floor":11,"key":"REST"},{"floor":15,"key":"REST"},{"floor":23,"key":"REST"},{"data":"Machine Learning","floor":25,"key":"SMITH"},{"floor":32,"key":"REST"},{"data":"Defragment","floor":41,"key":"SMITH"},{"data":"Seek","floor":44,"key":"SMITH"},{"floor":49,"key":"RECALL"}],"circlet_count":0,"master_deck":["Strike_B+1","Defend_B","Defend_B","Defend_B+1","Defend_B","Zap","Dualcast+1","Coolheaded+1","Undo+1","Conserve Battery+1","Defragment+1","Electrodynamics","Cold Snap","Ball Lightning+1","Seek+1","CurseOfTheBell","Redo","Machine Learning+1","White Noise+1","BootSequence+1","Defragment+1","Leap+1","White Noise+1","Fission+1","Hologram+1","Panacea+1","Reinforced Body+1","Double Energy+1","Secret Technique+1","Capacitor+1"],"relics":["Cracked Core","Juzu Bracelet","The Courier","Bird Faced Urn","Centennial Puzzle","Bronze Scales","Calling Bell","Bag of Marbles","Question Card","Dead Branch","Whetstone","Toxic Egg 2","War Paint","Empty Cage","Ancient Tea Set","Strawberry","Regal Pillow","Omamori","Bottled Lightning","ClockworkSouvenir"],"acts_visited":["Exordium","TheCity","TheBeyond"],"potions_floor_usage":[8,16,24,31,33],"damage_taken":[{"damage":4,"enemies":"2 Louse","floor":1,"turns":2},{"damage":7,"enemies":"Small Slimes","floor":2,"turns":4},{"damage":0,"enemies":"Jaw Worm","floor":3,"turns":3},{"damage":0,"enemies":"Large Slime","floor":7,"turns":5},{"damage":26,"enemies":"Gremlin Nob","floor":8,"turns":5},{"damage":11,"enemies":"3 Sentries","floor":10,"turns":3},{"damage":11,"enemies":"Gremlin Nob","floor":13,"turns":4},{"damage":25,"enemies":"Slime Boss","floor":16,"turns":5},{"damage":4,"enemies":"Spheric Guardian","floor":18,"turns":3},{"damage":18,"enemies":"2 Thieves","floor":19,"turns":2},{"damage":1,"enemies":"Cultist and Chosen","floor":21,"turns":5},{"damage":12,"enemies":"Sentry and Sphere","floor":22,"turns":4},{"damage":52,"enemies":"Slavers","floor":24,"turns":4},{"damage":22,"enemies":"Shelled Parasite and Fungi","floor":27,"turns":5},{"damage":13,"enemies":"Colosseum Slavers","floor":28,"turns":4},{"damage":3,"enemies":"Snecko","floor":29,"turns":7},{"damage":3,"enemies":"Sentry and Sphere","floor":31,"turns":5},{"damage":7,"enemies":"Automaton","floor":33,"turns":7},{"damage":23,"enemies":"3 Darklings","floor":35,"turns":4},{"damage":22,"enemies":"Giant Head","floor":40,"turns":11},{"damage":0,"enemies":"Orb Walker","floor":45,"turns":2},{"damage":4,"enemies":"3 Darklings","floor":46,"turns":4},{"damage":1,"enemies":"4 Shapes","floor":47,"turns":2},{"damage":98,"enemies":"Time Eater","floor":50,"turns":16}],"seed_played":"1525984205650992507","potions_obtained":[{"floor":2,"key":"Block Potion"},{"floor":3,"key":"Swift Potion"},{"floor":7,"key":"Ancient Potion"},{"floor":19,"key":"Regen Potion"},{"floor":24,"key":"BlessingOfTheForge"},{"floor":27,"key":"FocusPotion"},{"floor":46,"key":"Regen Potion"}],"is_trial":false,"path_per_floor":["M","M","M","?","?","R","M","E","T","E","R","?","E","T","R","B",null,"M","M","?","M","M","R","E","R","T","M","?","M","$","M","R","B",null,"M","?","?","$","?","E","R","$","T","R","M","M","M","?","R","B"],"character_chosen":"DEFECT","items_purchased":["BootSequence+1","Defragment","War Paint","Leap+1","Ancient Tea Set","Strawberry","Regal Pillow","Bottled Lightning","Double Energy+1","ClockworkSouvenir","Secret Technique+1"],"campfire_rested":4,"item_purchase_floors":[30,30,30,30,38,38,38,42,42,42,42],"current_hp_per_floor":[71,64,64,49,49,49,49,23,23,12,34,34,27,27,49,28,75,73,59,59,62,54,75,36,36,36,20,9,14,14,21,43,48,75,64,64,64,71,71,65,65,65,65,65,75,78,78,78,78,0,0],"gold":271,"neow_bonus":"THREE_CARDS","is_daily":false,"chose_seed":false,"campfire_upgraded":4,"win_rate":0.0,"timestamp":1614484828,"path_taken":["M","M","M","?","?","R","M","E","T","E","R","?","E","?","R","BOSS","M","M","?","M","M","R","E","R","T","M","?","M","$","M","R","BOSS","M","?","?","$","?","E","R","$","T","R","M","M","M","?","R","BOSS"],"items_purchased_type":["Card","Card","Relic","Card","Relic","Relic","Relic","Relic","Card","Relic","Card"],"build_version":"2020-12-22","purchased_purges":3,"victory":false,"max_hp_per_floor":[75,75,75,75,75,75,75,75,75,75,75,75,75,75,75,75,75,75,75,75,75,75,75,75,75,75,75,75,75,75,75,75,75,75,75,75,75,82,78,78,78,78,78,78,78,78,78,78,78,78,78],"card_choices":[{"not_picked":["Stack","Steam"],"picked":"Coolheaded","floor":0},{"not_picked":["Turbo","Scrape","Compile Driver"],"picked":"SKIP","floor":1},{"not_picked":["Doom and Gloom","Consume"],"picked":"Undo","floor":2},{"not_picked":["Turbo","Static Discharge"],"picked":"Conserve Battery","floor":3},{"not_picked":["Sweeping Beam","Undo"],"picked":"Defragment","floor":7},{"not_picked":["Redo","Gash"],"picked":"Electrodynamics","floor":8},{"not_picked":["Coolheaded","Redo"],"picked":"Cold Snap","floor":10},{"not_picked":["Go for the Eyes","Leap"],"picked":"Ball Lightning","floor":13},{"not_picked":["Fission","Multi-Cast"],"picked":"Seek","floor":16},{"not_picked":["Leap","Cold Snap","FTL+1"],"picked":"Redo","floor":18},{"not_picked":["Ball Lightning","Chaos","Steam","Auto Shields"],"picked":"SKIP","floor":19},{"not_picked":["Hologram","Redo+1","Sweeping Beam","Coolheaded"],"picked":"SKIP","floor":21},{"not_picked":["Rebound+1","Static Discharge","Compile Driver","Meteor Strike"],"picked":"SKIP","floor":22},{"not_picked":["Consume+1","Conserve Battery","Cold Snap"],"picked":"Machine Learning","floor":24},{"not_picked":["Darkness+1","Rebound","Redo+1","Cold Snap"],"picked":"SKIP","floor":27},{"not_picked":["Redo+1","Conserve Battery+1","Go for the Eyes"],"picked":"White Noise+1","floor":29},{"not_picked":["Conserve Battery+1","Hologram+1","Cold Snap"],"picked":"White Noise+1","floor":31},{"not_picked":["Hyperbeam","All For One","Electrodynamics"],"picked":"Fission+1","floor":33},{"not_picked":["Coolheaded+1","Chill+1","Steam+1"],"picked":"Hologram+1","floor":35},{"not_picked":["Flash of Steel","Apotheosis+1","Dark Shackles+1"],"picked":"Panacea+1","floor":36},{"not_picked":["Melter","Coolheaded+1","Electrodynamics"],"picked":"Reinforced Body+1","floor":40},{"not_picked":["Go for the Eyes","Coolheaded+1","Cold Snap+1"],"picked":"Capacitor+1","floor":45},{"not_picked":["Rebound+1","Sweeping Beam","Chill+1","Fusion+1"],"picked":"SKIP","floor":46},{"not_picked":["Reinforced Body+1","Reprogram+1","Cold Snap+1","Streamline"],"picked":"SKIP","floor":47}],"player_experience":213531,"relics_obtained":[{"floor":8,"key":"Juzu Bracelet"},{"floor":9,"key":"The Courier"},{"floor":10,"key":"Bird Faced Urn"},{"floor":13,"key":"Centennial Puzzle"},{"floor":14,"key":"Bronze Scales"},{"floor":17,"key":"Bag of Marbles"},{"floor":17,"key":"Question Card"},{"floor":17,"key":"Dead Branch"},{"floor":24,"key":"Whetstone"},{"floor":26,"key":"Toxic Egg 2"},{"floor":40,"key":"Omamori"}],"event_choices":[{"damage_healed":0,"gold_gain":0,"player_choice":"Entered Light","damage_taken":15,"max_hp_gain":0,"max_hp_loss":0,"event_name":"Shining Light","floor":4,"gold_loss":0,"cards_upgraded":["Undo","Defend_B"]},{"damage_healed":0,"gold_gain":0,"player_choice":"Ignored","damage_taken":0,"max_hp_gain":0,"max_hp_loss":0,"event_name":"Liars Game","floor":5,"gold_loss":0},{"damage_healed":0,"gold_gain":0,"player_choice":"Grow","damage_taken":0,"max_hp_gain":0,"max_hp_loss":0,"event_name":"Living Wall","floor":12,"gold_loss":0,"cards_upgraded":["Defragment"]},{"damage_healed":0,"gold_gain":0,"player_choice":"Ignored","damage_taken":0,"max_hp_gain":0,"max_hp_loss":0,"event_name":"Ghosts","floor":20,"gold_loss":0},{"damage_healed":0,"gold_gain":0,"player_choice":"Fight","damage_taken":0,"max_hp_gain":0,"max_hp_loss":0,"event_name":"Colosseum","floor":28,"gold_loss":0},{"damage_healed":0,"gold_gain":0,"player_choice":"Fled From Nobs","damage_taken":0,"max_hp_gain":0,"max_hp_loss":0,"event_name":"Colosseum","floor":28,"gold_loss":0},{"damage_healed":0,"gold_gain":0,"player_choice":"Memory 1","damage_taken":0,"max_hp_gain":0,"max_hp_loss":0,"event_name":"SensoryStone","floor":36,"gold_loss":0},{"damage_healed":0,"gold_gain":999,"player_choice":"Gold","damage_taken":0,"max_hp_gain":0,"max_hp_loss":0,"event_name":"MindBloom","floor":37,"gold_loss":0,"cards_obtained":["Normality","Normality"]},{"damage_healed":0,"gold_gain":0,"player_choice":"Max HP","damage_taken":0,"max_hp_gain":0,"max_hp_loss":4,"event_name":"Winding Halls","floor":39,"gold_loss":0},{"damage_healed":0,"gold_gain":0,"player_choice":"Ignored","damage_taken":0,"max_hp_gain":0,"max_hp_loss":0,"event_name":"Mysterious Sphere","floor":48,"gold_loss":0}],"is_beta":false,"boss_relics":[{"not_picked":["Ectoplasm","SacredBark"],"picked":"Calling Bell"},{"not_picked":["Philosopher\u0027s Stone","Coffee Dripper"],"picked":"Empty Cage"}],"items_purged_floors":[30,38,42],"is_endless":false,"potions_floor_spawned":[2,3,7,19,24,27,46],"killed_by":"Time Eater","ascension_level":2}}