{"host":"z42sc0n2dozsmk72","time":1614423287,"event":{"mods":["AchievementEnabler","BaseMod","Colored Map","Curses Come First","Highlight Path","Minty Spire (QoL Compilation)","Permanent Neow","Quick Restart","Relic Stats","Shop Mod","StSLib","egg","slay the spire mod where everything is the same but ironclad has a cowboy hat"],"gold_per_floor":[116,130,130,143,112,112,127,127,127],"floor_reached":8,"language":"ENG","playtime":466,"items_purged":[],"score":67,"play_id":"03ce9c97-a975-40a5-b822-32b3f08d6bba","local_time":"20210227235447","is_ascension_mode":true,"campfire_choices":[{"data":"Clothesline","floor":6,"key":"SMITH"}],"circlet_count":0,"master_deck":["Strike_R+1","Strike_R","Strike_R","Strike_R","Strike_R","Defend_R","Defend_R+1","Defend_R","Defend_R","Bash","Anger","Clothesline+1"],"relics":["Burning Blood","Ginger"],"acts_visited":["Exordium"],"potions_floor_usage":[],"damage_taken":[{"damage":13,"enemies":"Jaw Worm","floor":1,"turns":5},{"damage":0,"enemies":"2 Louse","floor":2,"turns":2},{"damage":0,"enemies":"Cultist","floor":4,"turns":2},{"damage":5,"enemies":"Red Slaver","floor":7,"turns":3},{"damage":46,"enemies":"3 Sentries","floor":8,"turns":10}],"seed_played":"8373254438215228419","potions_obtained":[{"floor":2,"key":"SteroidPotion"},{"floor":4,"key":"SteroidPotion"}],"is_trial":false,"path_per_floor":["M","M","?","M","?","R","M","E"],"character_chosen":"IRONCLAD","items_purchased":[],"campfire_rested":0,"item_purchase_floors":[],"current_hp_per_floor":[44,50,34,40,40,40,41,0,0],"gold":127,"neow_bonus":"ONE_RARE_RELIC","is_daily":false,"chose_seed":false,"campfire_upgraded":1,"win_rate":0.0,"timestamp":1614423287,"path_taken":["M","M","?","M","?","R","?","E"],"items_purchased_type":[],"build_version":"2020-12-22","purchased_purges":0,"victory":false,"max_hp_per_floor":[80,80,80,80,80,80,80,80,80],"relic_stats":{"counters":[5,22],"Ginger":[0],"obtain_stats":[{"Ginger":0,"Burning Blood":0},{"Ginger":0,"Burning Blood":0},{"Ginger":0,"Burning Blood":0}],"Burning Blood":24},"card_choices":[{"not_picked":["Rupture","Power Through"],"picked":"Anger","floor":1},{"not_picked":["Bloodletting","Anger","Heavy Blade"],"picked":"SKIP","floor":2},{"not_picked":["Flex","Wild Strike"],"picked":"Clothesline","floor":4},{"not_picked":["Sword Boomerang","Body Slam","Second Wind"],"picked":"SKIP","floor":7}],"player_experience":995174,"relics_obtained":[],"event_choices":[{"damage_healed":0,"gold_gain":0,"player_choice":"Entered Light","damage_taken":16,"max_hp_gain":0,"max_hp_loss":0,"event_name":"Shining Light","floor":3,"gold_loss":0,"cards_upgraded":["Defend_R","Strike_R"]},{"damage_healed":0,"gold_gain":0,"player_choice":"Left Gold","damage_taken":0,"max_hp_gain":0,"max_hp_loss":0,"event_name":"World of Goop","floor":5,"gold_loss":31}],"is_beta":false,"boss_relics":[],"items_purged_floors":[],"is_endless":false,"potions_floor_spawned":[2,4],"killed_by":"3 Sentries","ascension_level":8}}