{"host":"1ot21gvocus9hpzo","time":1614387165,"event":{"mods":["BaseMod","Colored Map","Colored Powertips","Infinite Spire","Minty Spire (QoL Compilation)","StSLib"],"gold_per_floor":[114,36,56,67,81,81,6,6,31,31,43,43,43],"floor_reached":12,"language":"ENG","playtime":289,"items_purged":["Defend_G"],"score":140,"play_id":"33fee1c4-27e4-4cce-aa90-8a73b4a417d3","local_time":"20210226165245","is_ascension_mode":true,"campfire_choices":[{"data":"Neutralize","floor":6,"key":"SMITH"},{"data":"Dodge and Roll","floor":8,"key":"SMITH"},{"floor":10,"key":"REST"}],"circlet_count":0,"master_deck":["AscendersBane","Strike_G","Strike_G","Strike_G","Strike_G","Strike_G","Defend_G","Defend_G","Defend_G","Defend_G","Survivor","Neutralize+1","Accuracy","Accuracy","Dodge and Roll+1","Accuracy"],"relics":["Ring of the Snake","Ancient Tea Set"],"acts_visited":["Exordium"],"potions_floor_usage":[5,5,11,12],"damage_taken":[{"damage":3,"enemies":"Cultist","floor":1,"turns":4},{"damage":6,"enemies":"2 Louse","floor":3,"turns":4},{"damage":15,"enemies":"Small Slimes","floor":4,"turns":6},{"damage":6,"enemies":"Red Slaver","floor":5,"turns":8},{"damage":3,"enemies":"Looter","floor":11,"turns":4},{"damage":61,"enemies":"Gremlin Nob","floor":12,"turns":6}],"seed_played":"6624987216350645471","potions_obtained":[{"floor":3,"key":"Swift Potion"},{"floor":5,"key":"EntropicBrew"}],"is_trial":false,"path_per_floor":["M","$","M","M","M","R","$","R","T","R","M","E"],"character_chosen":"THE_SILENT","items_purchased":["Accuracy"],"campfire_rested":1,"item_purchase_floors":[2],"current_hp_per_floor":[62,62,56,41,35,35,35,35,35,56,53,0,0],"gold":43,"neow_bonus":"TEN_PERCENT_HP_BONUS","is_daily":false,"chose_seed":false,"campfire_upgraded":2,"win_rate":0.0,"timestamp":1614387165,"path_taken":["M","$","M","?","M","R","$","R","T","R","M","E"],"items_purchased_type":["Card"],"build_version":"2020-12-22","purchased_purges":1,"victory":false,"max_hp_per_floor":[72,72,72,72,72,72,72,72,72,72,72,72,72],"card_choices":[{"not_picked":["Backstab","Heel Hook"],"picked":"Accuracy","floor":1},{"not_picked":["Quick Slash","Masterful Stab","Catalyst"],"picked":"SKIP","floor":3},{"not_picked":["Quick Slash","Heel Hook","Flying Knee"],"picked":"SKIP","floor":4},{"not_picked":["Deadly Poison","Bane"],"picked":"Dodge and Roll","floor":5},{"not_picked":["Expertise","Dodge and Roll"],"picked":"Accuracy","floor":11}],"player_experience":3877218,"relics_obtained":[{"floor":9,"key":"Ancient Tea Set"}],"event_choices":[],"is_beta":false,"boss_relics":[],"items_purged_floors":[7],"is_endless":false,"potions_floor_spawned":[3,5],"killed_by":"Gremlin Nob","ascension_level":20}}