{"host":"ugys05tpep779cl6","time":1614426356,"event":{"mods":["AchievementEnabler","Aspiration","BaseMod","Beaked The Cultist","CatGirl Mod","Colored Powertips","HololiveMod","Lobotomy","Minty Spire (QoL Compilation)","Quick Restart","Replay The Spire","Spicy Shops","StSLib","The Druid"],"gold_per_floor":[117,117,117,7,18,53,66,66,66,77,92,92,120,120,120,120,120,234,234,268,195,228,128,168,210,228,228,301,301,327,372,401,401,401],"floor_reached":33,"language":"ENG","playtime":1262,"items_purged":["Strike_R","Strike_R"],"score":434,"play_id":"268d54f7-07b1-418c-9266-66faadeed969","local_time":"20210227124556","is_ascension_mode":true,"campfire_choices":[{"data":"Body Slam","floor":8.0,"key":"SMITH"},{"data":"Bash","floor":12.0,"key":"SMITH"},{"data":"Iron Wave","floor":17.0,"key":"SMITH"},{"floor":27.0,"key":"REST"}],"circlet_count":0,"master_deck":["Strike_R","Strike_R","Defend_R","Defend_R","Defend_R","Defend_R","Bash+1","Heavy Blade","Metallicize","Body Slam+1","Anger","Iron Wave+1","Inflame","Cleave","Metallicize","Limit Break"],"relics":["Burning Blood","aspiration:DSix","Turnip","Ornamental Fan","Replay:Bandana","Pocketwatch","aspiration:BeakedSkillbook","ClockworkSouvenir","Oddly Smooth Stone","Replay:Wax Seal"],"acts_visited":["Exordium","TheCity"],"potions_floor_usage":[],"damage_taken":[{"damage":9.0,"enemies":"Jaw Worm","floor":1.0,"turns":4.0},{"damage":2.0,"enemies":"Cultist","floor":5.0,"turns":4.0},{"damage":44.0,"enemies":"Replay:BlueRogue","floor":6.0,"turns":15.0},{"damage":7.0,"enemies":"Small Slimes","floor":7.0,"turns":3.0},{"damage":3.0,"enemies":"Looter","floor":10.0,"turns":3.0},{"damage":0.0,"enemies":"2 Fungi Beasts","floor":11.0,"turns":4.0},{"damage":21.0,"enemies":"Gremlin Nob","floor":13.0,"turns":4.0},{"damage":0.0,"enemies":"Hexaghost","floor":18.0,"turns":7.0},{"damage":0.0,"enemies":"Spheric Guardian","floor":20.0,"turns":3.0},{"damage":18.0,"enemies":"2 Thieves","floor":22.0,"turns":3.0},{"damage":1.0,"enemies":"Centurion and Healer","floor":24.0,"turns":4.0},{"damage":65.0,"enemies":"Book of Stabbing","floor":25.0,"turns":7.0},{"damage":16.0,"enemies":"Snake Plant","floor":26.0,"turns":4.0},{"damage":8.0,"enemies":"Snecko","floor":30.0,"turns":4.0},{"damage":13.0,"enemies":"Replay:Snechameleon","floor":31.0,"turns":6.0},{"damage":18.0,"enemies":"Sentry and Sphere","floor":32.0,"turns":7.0},{"damage":0,"enemies":"Book of Stabbing","floor":33,"turns":1}],"seed_played":"-7076991661576244697","potions_obtained":[{"floor":6.0,"key":"Elixir"},{"floor":10.0,"key":"Dexterity Potion"},{"floor":13.0,"key":"DistilledChaos"},{"floor":20.0,"key":"ColorlessPotion"},{"floor":24.0,"key":"Fire Potion"},{"floor":31.0,"key":"PowerPotion"},{"floor":32.0,"key":"ElixirPotion"}],"is_trial":false,"path_per_floor":["M","?","T","$","M","E","M","R","T","M","M","R","E","PTL","PTL","?","R","B",null,"M","$","M","$","M","E","M","R","T","?","M","E","M","E"],"character_chosen":"IRONCLAD","items_purchased":["Metallicize","ClockworkSouvenir"],"campfire_rested":1,"item_purchase_floors":[4,21],"current_hp_per_floor":[77,77,77,77,80,42,41,41,41,44,50,50,35,35,35,35,35,41,70,77,77,68,68,78,20,10,34,34,34,32,25,14,14,14],"gold":401,"neow_bonus":"DSIX","is_daily":false,"chose_seed":false,"campfire_upgraded":3,"win_rate":0.0,"timestamp":1614426356,"path_taken":["M","?","?","$","?","E","M","R","T","M","M","R","E","PTL","PTL","?","R","BOSS","M","$","M","$","M","E","M","R","T","?","?","E","M","E"],"items_purchased_type":["Card","Relic"],"build_version":"2020-12-22","purchased_purges":2,"victory":false,"max_hp_per_floor":[80,80,80,80,80,80,80,80,80,80,80,80,80,80,80,80,80,80,80,80,80,80,80,80,80,80,80,80,80,80,80,80,80,80],"card_choices":[{"not_picked":["Thunderclap","Replay:Undeath\u0027s Touch"],"picked":"Heavy Blade","floor":1.0},{"not_picked":["Twin Strike","Blood for Blood"],"picked":"Body Slam","floor":5.0},{"not_picked":["Abandon","Heavy Blade"],"picked":"Anger","floor":6.0},{"not_picked":["Wild Strike","Havoc","Dropkick"],"picked":"SKIP","floor":7.0},{"not_picked":["Impervious","Blood for Blood"],"picked":"Iron Wave","floor":10.0},{"not_picked":["Warcry","Sword Boomerang","Havoc"],"picked":"SKIP","floor":11.0},{"not_picked":["Thunderclap","Rampage"],"picked":"Inflame","floor":13.0},{"not_picked":["Shockwave","ReplayTheSpireMod:LeadingStrike+1","Intimidate+1","Burning Pact"],"picked":"SKIP","floor":20.0},{"not_picked":["Run Through","Searing Blow","Armaments"],"picked":"Cleave","floor":22.0},{"not_picked":["Life Link","Body Slam","Run Through","Pommel Strike"],"picked":"SKIP","floor":24.0},{"not_picked":["Spot Weakness","Pommel Strike","Run Through","Life Link"],"picked":"SKIP","floor":25.0},{"not_picked":["Reckless Charge","Warcry","Intimidate","Demon Form"],"picked":"SKIP","floor":26.0},{"not_picked":["Bloodletting","Power Through","Cleave+1","Replay:Undeath\u0027s Touch"],"picked":"SKIP","floor":30.0},{"not_picked":["True Grit","Thunderclap","Twin Strike"],"picked":"Limit Break","floor":31.0},{"not_picked":["Body Slam","Clash+1","Perfected Strike+1","Whirlwind"],"picked":"SKIP","floor":32.0}],"player_experience":789670,"relics_obtained":[{"floor":6.0,"key":"Turnip"},{"floor":9.0,"key":"Ornamental Fan"},{"floor":13.0,"key":"Replay:Bandana"},{"floor":25.0,"key":"Oddly Smooth Stone"},{"floor":31.0,"key":"Replay:Wax Seal"}],"event_choices":[{"cards_removed":["Strike_R"],"damage_healed":0.0,"max_hp_gain":0.0,"max_hp_loss":0.0,"gold_gain":0.0,"event_name":"Living Wall","player_choice":"Forget","floor":2.0,"gold_loss":0.0,"damage_taken":0.0},{"damage_healed":0.0,"max_hp_gain":0.0,"max_hp_loss":0.0,"gold_gain":0.0,"event_name":"WeMeetAgain","player_choice":"Gave Potion","floor":16.0,"gold_loss":0.0,"damage_taken":0.0,"relics_obtained":["Pocketwatch"]},{"damage_healed":0.0,"max_hp_gain":0.0,"max_hp_loss":0.0,"gold_gain":0.0,"event_name":"Duplicator","player_choice":"Copied","floor":29.0,"gold_loss":0.0,"damage_taken":0.0,"cards_obtained":["Metallicize"]}],"is_beta":false,"boss_relics":[{"not_picked":["Busted Crown","Cursed Key"],"picked":"aspiration:BeakedSkillbook"}],"items_purged_floors":[4,23],"is_endless":false,"potions_floor_spawned":[6,10,13,20,24,31,32],"killed_by":"Book of Stabbing","ascension_level":5}}