{"host":"xg4r5pv6chpuampg","time":1614415345,"event":{"mods":["AchievementEnabler","BaseMod","Googly Eyes","Minty Spire (QoL Compilation)","StSLib","Together in Spire"],"gold_per_floor":[113,288,298,298,40,40,66,84,84,39,59,91,91,108,108,204,204,221,221,176,176],"floor_reached":20,"language":"ENG","playtime":633,"items_purged":[],"score":253,"play_id":"d90766b7-ec9c-4201-8fb3-9f266716e096","local_time":"20210227114225","is_ascension_mode":true,"campfire_choices":[{"data":"ForeignInfluence","floor":6,"key":"SMITH"},{"data":"SignatureMove","floor":15,"key":"SMITH"}],"circlet_count":0,"master_deck":["Strike_P","Strike_P","Strike_P","Strike_P","Defend_P","Defend_P","Defend_P","Defend_P","Eruption","Vigilance","ForeignInfluence+1","Doubt","Halt","SignatureMove+1","SashWhip","EmptyFist","EmptyBody","EmptyFist","Ragnarok","CurseOfTheBell","Wallop+1","Writhe"],"relics":["PureWater","NeowsBlessing","TeardropLocket","Darkstone Periapt","Art of War","Pantograph","Kunai","Calling Bell","Smiling Mask","Molten Egg 2","Incense Burner","Ancient Tea Set"],"acts_visited":["Exordium","TheCity"],"potions_floor_usage":[4,16,16,16],"damage_taken":[{"damage":0,"enemies":"Cultist","floor":1,"turns":1},{"damage":0,"enemies":"Small Slimes","floor":3,"turns":1},{"damage":0,"enemies":"3 Sentries","floor":7,"turns":1},{"damage":0,"enemies":"Jaw Worm","floor":8,"turns":1},{"damage":2,"enemies":"3 Louse","floor":11,"turns":3},{"damage":18,"enemies":"Gremlin Nob","floor":12,"turns":3},{"damage":0,"enemies":"Exordium Wildlife","floor":14,"turns":2},{"damage":31,"enemies":"Slime Boss","floor":16,"turns":11},{"damage":72,"enemies":"Shell Parasite","floor":18,"turns":9},{"damage":18,"enemies":"2 Thieves","floor":20,"turns":2}],"seed_played":"663782646075449253","potions_obtained":[{"floor":1,"key":"Strength Potion"},{"floor":3,"key":"Weak Potion"},{"floor":4,"key":"Fruit Juice"},{"floor":4,"key":"SneckoOil"},{"floor":14,"key":"BlessingOfTheForge"}],"is_trial":false,"path_per_floor":["M","?","M","?","$","R","E","M","T","$","M","E","T","M","R","B",null,"M","?","M"],"character_chosen":"WATCHER","items_purchased":["TeardropLocket","SashWhip"],"campfire_rested":0,"item_purchase_floors":[5,10],"current_hp_per_floor":[72,72,72,77,77,77,77,77,77,77,75,57,57,57,57,46,83,11,17,0,0],"gold":176,"neow_bonus":"THREE_ENEMY_KILL","is_daily":false,"chose_seed":false,"campfire_upgraded":2,"win_rate":0.0,"timestamp":1614415345,"path_taken":["M","?","M","?","$","R","E","?","T","$","M","E","?","M","R","BOSS","M","?","M"],"items_purchased_type":["Relic","Card"],"build_version":"2020-12-22","purchased_purges":0,"victory":false,"max_hp_per_floor":[72,72,72,77,77,77,77,77,77,77,77,77,77,77,77,77,83,83,89,89,89],"card_choices":[{"not_picked":["Evaluate","Prostrate"],"picked":"ForeignInfluence","floor":1},{"not_picked":["ClearTheMind","Study"],"picked":"Halt","floor":3},{"not_picked":["Worship","ClearTheMind","SpiritShield"],"picked":"SKIP","floor":7},{"not_picked":["Protect","BowlingBash"],"picked":"SignatureMove","floor":8},{"not_picked":["EmptyMind","Worship"],"picked":"EmptyFist","floor":11},{"not_picked":["Pray","Conclude"],"picked":"EmptyBody","floor":12},{"not_picked":["Indignation","CrushJoints"],"picked":"EmptyFist","floor":14},{"not_picked":["Blasphemy","Brilliance"],"picked":"Ragnarok","floor":16},{"not_picked":["Evaluate","Consecrate+1"],"picked":"Wallop+1","floor":18}],"player_experience":173924,"relics_obtained":[{"floor":7,"key":"Darkstone Periapt"},{"floor":9,"key":"Art of War"},{"floor":12,"key":"Pantograph"},{"floor":13,"key":"Kunai"},{"floor":17,"key":"Smiling Mask"},{"floor":17,"key":"Molten Egg 2"},{"floor":17,"key":"Incense Burner"}],"event_choices":[{"damage_healed":0,"gold_gain":175,"player_choice":"AGREE","damage_taken":0,"max_hp_gain":0,"max_hp_loss":0,"event_name":"Liars Game","floor":2,"gold_loss":0,"cards_obtained":["Doubt"]},{"damage_healed":0,"gold_gain":0,"player_choice":"Got Potions","damage_taken":0,"max_hp_gain":0,"max_hp_loss":0,"event_name":"Lab","floor":4,"gold_loss":0},{"damage_healed":0,"gold_gain":0,"player_choice":"Opened","damage_taken":0,"relics_obtained":["Ancient Tea Set"],"max_hp_gain":0,"max_hp_loss":0,"event_name":"The Mausoleum","floor":19,"gold_loss":0,"cards_obtained":["Writhe"]}],"is_beta":false,"boss_relics":[{"not_picked":["Runic Dome","Ectoplasm"],"picked":"Calling Bell"}],"items_purged_floors":[],"is_endless":false,"potions_floor_spawned":[1,3,11,14],"killed_by":"2 Thieves","ascension_level":2}}