{"host":"d73an99q9oevilk5","time":1614439216,"event":{"mods":["2.2 Compatiblity","AchievementEnabler","Act Like it!","Aspiration","BaseMod","Beaked The Cultist","Better Third Choice","BetterRewards","Bossed Relics","Colored Map","Colored Powertips","Conspire","Downfall","GifTheSpireLib","GungeonMod","Halation","Hubris","Infinite Spire","Marisa????????","Mimic Mod","Minty Spire (QoL Compilation)","MostiFishMod","Quick Restart","Relic Sorter","Reliquary","Replay The Spire","Shop Mod","Spikes Relics","StSLib","Stuff the Spire","The Cursed","The Jungle","The Necromancer","The Saiyan","TheHero","Waifu the Spire","egg","slay the spire mod where everything is the same but ironclad has a cowboy hat"],"gold_per_floor":[109,134,150,150,163,163,179,205,232,232,252,295,331,411,411,528,528,563,631,631,662,761,813,833,683,710,710,710,710,753,792,792,898,898,912,912,912,912,942,991,68,123,123,155,155,191,191,191,191,209],"floor_reached":51,"language":"ENG","playtime":1617,"items_purged":[],"score":976,"play_id":"5642c04b-97c5-4253-8bf4-9f1540a65333","local_time":"20210227082016","is_ascension_mode":false,"campfire_choices":[{"data":"TheCursedMod:SaltUponWound","floor":6.0,"key":"SMITH"},{"data":"TheCursedMod:ReleasedStrength","floor":15.0,"key":"SMITH"},{"data":"TheCursedMod:OutForBlood","floor":27.0,"key":"SMITH"},{"data":"TheCursedMod:LuckyCharm","floor":29.0,"key":"SMITH"},{"floor":32.0,"key":"REST"},{"data":"TheCursedMod:OutForBlood","floor":45,"key":"SMITH"},{"data":"MostiFishMod:Kaleido","floor":47,"key":"SMITH"}],"circlet_count":0,"master_deck":["TheCursedMod:Strike_TheCursed","TheCursedMod:Strike_TheCursed","TheCursedMod:Strike_TheCursed","TheCursedMod:Strike_TheCursed","TheCursedMod:Defend_TheCursed","TheCursedMod:Defend_TheCursed","TheCursedMod:Defend_TheCursed","TheCursedMod:Defend_TheCursed","TheCursedMod:CursedWand","TheCursedMod:CleanUpWorkshop","TheCursedMod:Dregs","Dramatic Entrance+1","TheCursedMod:Obscuration","TheCursedMod:WearCloak","TheCursedMod:SaltUponWound+1","TheCursedMod:VitalStrike+1","TheCursedMod:AbyssShockwave+1","CloudedMind","TheCursedMod:CursedMace+1","TheCursedMod:ReleasedStrength+1","TheCursedMod:LuckyCharm+1","Delirium","TheCursedMod:OutForBlood+1","TheCursedMod:RavingStaff+1","TheCursedMod:OutForBlood+1","TheCursedMod:SmokeScreen+1","TheCursedMod:StingEye+1","TheCursedMod:CursedBoomerang+1","TheCursedMod:UltimatePain","TheCursedMod:Torture","TheCursedMod:Obscuration+1","TheCursedMod:HellfireBreathing+1","TheCursedMod:VitalStrike+1","MostiFishMod:Kaleido+1","TheCursedMod:CursedMace+1","TheCursedMod:Torture+1","TheCursedMod:StingEye+1"],"relics":["TheCursedMod:BlackMagic101","DemoMod:PoisonVial","hubris:Icosahedron","MostiFishMod:Haymaker","DaveBox","Molten Egg 2","Replay:Towering Pillar of Hats","SynthV:TestCard","aspiration:ChemicalBlood","Replay:Bandana","reliquary:JackalopeAntler","reliquary:SilkGlove","JellyFishMachine","reliquary:PorcupineQuills","DemoMod:NanoMachines","Happy Flower","DemoMod:Metronome","reliquary:Spinner","SlaversCollar","Girya","hubris:RunicObelisk","aspiration:EmptySkull","ClockworkSouvenir","Replay:Ringing Soul","Girya","Strawberry","Darkstone Periapt","halation:PapillonHeart"],"acts_visited":["Exordium","TheCity","TheBeyond"],"potions_floor_usage":[39,42,50,50,50,50],"damage_taken":[{"damage":0.0,"enemies":"Small Slimes","floor":1.0,"turns":1.0},{"damage":15.0,"enemies":"conspire:MimicChest","floor":2.0,"turns":6.0},{"damage":0.0,"enemies":"2 Louse","floor":3.0,"turns":2.0},{"damage":0.0,"enemies":"conspire:RoseBush","floor":5.0,"turns":3.0},{"damage":0.0,"enemies":"Red Slaver","floor":7.0,"turns":3.0},{"damage":13.0,"enemies":"Gremlin Nob","floor":8.0,"turns":3.0},{"damage":3.0,"enemies":"Exordium Wildlife","floor":11.0,"turns":2.0},{"damage":10.0,"enemies":"Exordium Thugs","floor":12.0,"turns":8.0},{"damage":0.0,"enemies":"Lagavulin","floor":13.0,"turns":4.0},{"damage":0.0,"enemies":"Slime Boss","floor":16.0,"turns":3.0},{"damage":12.0,"enemies":"2 Thieves","floor":18.0,"turns":2.0},{"damage":19.0,"enemies":"3 Byrds","floor":21.0,"turns":4.0},{"damage":0.0,"enemies":"conspire:Head Lice","floor":23.0,"turns":3.0},{"damage":0.0,"enemies":"conspire:HollyBat","floor":24.0,"turns":6.0},{"damage":4.0,"enemies":"Book of Stabbing","floor":30.0,"turns":5.0},{"damage":2.0,"enemies":"Snecko","floor":31.0,"turns":3.0},{"damage":31.0,"enemies":"Collector","floor":33.0,"turns":7.0},{"damage":0.0,"enemies":"3 Shapes","floor":35.0,"turns":1.0},{"damage":3,"enemies":"3 Darklings","floor":39,"turns":2},{"damage":12,"enemies":"Giant Head","floor":40,"turns":5},{"damage":13,"enemies":"Reptomancer","floor":42,"turns":4},{"damage":0,"enemies":"Jaw Worm Horde","floor":44,"turns":2},{"damage":33,"enemies":"Sphere and 2 Shapes","floor":46,"turns":4},{"damage":21,"enemies":"Replay:Hell Engine","floor":50,"turns":8}],"seed_played":"3264950194689323817","potions_obtained":[{"floor":1.0,"key":"BlessingOfTheForge"},{"floor":3.0,"key":"Weak Potion"},{"floor":8.0,"key":"Strength Potion"},{"floor":18.0,"key":"Ancient Potion"},{"floor":31.0,"key":"SteroidPotion"},{"floor":40,"key":"ColorlessPotion"},{"floor":44,"key":"Dexterity Potion"}],"is_trial":false,"path_per_floor":["M","?","M","?","M","R","M","E","T","?","M","MIM","E","?","R","B",null,"M","?","?","M","?","E","M","$","T","R","?","R","E","M","R","B",null,"M","?","?","AVR","M","E","$","E","T","M","R","M","R","?","R_BF","B",null],"character_chosen":"THE_CURSED","items_purchased":["Molten Egg 2","Dramatic Entrance+1","Happy Flower","ClockworkSouvenir","Replay:Ringing Soul","Girya","TheCursedMod:VitalStrike+1","MostiFishMod:Kaleido"],"campfire_rested":1,"item_purchase_floors":[0,0,25,41,41,41,41,41],"current_hp_per_floor":[75,60,60,60,60,60,60,47,47,47,44,34,34,34,34,34,75,63,63,63,44,44,44,44,44,44,44,44,44,40,38,60,29,75,75,75,75,75,72,60,63,75,75,78,78,48,48,48,74,68],"gold":209,"neow_bonus":"","is_daily":false,"chose_seed":false,"campfire_upgraded":6,"win_rate":0.0,"timestamp":1614439216,"path_taken":["M","?","M","?","M","R","M","E","T","?","?","?","E","?","R","BOSS","M","?","?","M","?","E","M","?","T","R","?","R","E","?","R","BOSS","M","?","?","AVR","M","E","$","E","T","M","R","M","R","?","R_BF","BOSS"],"items_purchased_type":["Relic","Card","Relic","Relic","Relic","Relic","Card","Card"],"build_version":"2020-12-22","purchased_purges":0,"victory":true,"max_hp_per_floor":[75,75,75,75,75,75,75,75,75,75,75,75,75,75,75,75,75,75,75,75,75,75,75,75,75,75,75,75,75,75,75,75,75,75,75,75,75,75,75,75,78,88,88,91,91,94,94,89,89,89],"card_choices":[{"not_picked":["TheCursedMod:SoulCrush+1","TheCursedMod:CursedAmulet"],"picked":"TheCursedMod:Obscuration","floor":1.0},{"not_picked":["TheCursedMod:Torture","TheCursedMod:PrepareRite","TheCursedMod:Grudge","TheCursedMod:RavingStaff+1"],"picked":"TheCursedMod:WearCloak","floor":2.0},{"not_picked":["TheCursedMod:CircleOfFlame","TheCursedMod:Torture","TheCursedMod:CursedAmulet","TheCursedMod:DemonicPact"],"picked":"TheCursedMod:SaltUponWound","floor":3.0},{"not_picked":["TheCursedMod:CursedSpellbook","TheCursedMod:CircleOfWindfury","TheCursedMod:BlessingInDisguise","TheCursedMod:CursedBlade+1"],"picked":"TheCursedMod:VitalStrike+1","floor":5.0},{"not_picked":["TheCursedMod:SpitefulPray","TheCursedMod:CircleOfCorruption","TheCursedMod:HellsGateOpen","TheCursedMod:CursedBlade+1"],"picked":"TheCursedMod:AbyssShockwave+1","floor":7.0},{"not_picked":["TheCursedMod:Wield+1","TheCursedMod:Obscuration","TheCursedMod:CursedBoomerang+1","TheCursedMod:CircleOfBlood","TheCursedMod:SurpriseAttack+1"],"picked":"SKIP","floor":8.0},{"not_picked":["TheCursedMod:CircleOfAbyss","TheCursedMod:Stretching","TheCursedMod:RapidMovement","TheCursedMod:WearCloak"],"picked":"TheCursedMod:CursedMace+1","floor":11.0},{"not_picked":["TheCursedMod:TacticalStrike+1","TheCursedMod:SoulReap+1","TheCursedMod:Stretching","TheCursedMod:SpitefulStrike+1"],"picked":"TheCursedMod:ReleasedStrength","floor":12.0},{"not_picked":["TheCursedMod:BlessingInDisguise","TheCursedMod:VitalStrike+1","TheCursedMod:WearCloak","TheCursedMod:Mangle+1"],"picked":"TheCursedMod:LuckyCharm","floor":13.0},{"not_picked":["TheCursedMod:ShockAndAwe+1","TheCursedMod:DarkBarrier","TheCursedMod:UltimatePain","TheCursedMod:CursedRelics+1"],"picked":"TheCursedMod:OutForBlood","floor":16.0},{"not_picked":["TheCursedMod:BlessingInDisguise","TheCursedMod:ManaBullet+1","TheCursedMod:SurpriseAttack+1","TheCursedMod:CircleOfFlame+1","TheCursedMod:Wield+1"],"picked":"SKIP","floor":18.0},{"not_picked":["TheCursedMod:SurpriseAttack+1","TheCursedMod:CursedAmulet+1","TheCursedMod:HellsGateOpen","TheCursedMod:CursedShiv+1"],"picked":"TheCursedMod:RavingStaff+1","floor":19.0},{"not_picked":["TheCursedMod:CircleOfAmplification","TheCursedMod:SoulCrush+1","TheCursedMod:WearCloak","TheCursedMod:CursedShiv+1"],"picked":"TheCursedMod:OutForBlood","floor":19.0},{"not_picked":["TheCursedMod:SpitefulStrike+1","TheCursedMod:CircleOfFocus","TheCursedMod:RapidMovement","TheCursedMod:ParallelWorld"],"picked":"TheCursedMod:SmokeScreen+1","floor":21.0},{"not_picked":["TheCursedMod:CursedMace+1","TheCursedMod:CursedArmor","TheCursedMod:CursedBlade+1","TheCursedMod:EmpowerCircles+1"],"picked":"TheCursedMod:StingEye+1","floor":23.0},{"not_picked":["TheCursedMod:RapidMovement","TheCursedMod:WearCloak+1","TheCursedMod:CursedShiv+1","TheCursedMod:Wield+1","TheCursedMod:CircleOfWindfury"],"picked":"SKIP","floor":24.0},{"not_picked":["TheCursedMod:TacticalStrike+1","TheCursedMod:Stigma+1","TheCursedMod:CircleOfAbyss","TheCursedMod:DarkBarrier"],"picked":"TheCursedMod:CursedBoomerang+1","floor":30.0},{"not_picked":["TheCursedMod:AshesToAshes","TheCursedMod:CircleOfBlood+1","TheCursedMod:SpitefulPlan","TheCursedMod:SmokeScreen","TheCursedMod:CircleOfAmplification"],"picked":"SKIP","floor":31.0},{"not_picked":["TheCursedMod:ForbiddenAlchemy","TheCursedMod:ParallelWorld","TheCursedMod:ManaCirculation","TheCursedMod:Neurasthenia"],"picked":"TheCursedMod:UltimatePain","floor":33.0},{"not_picked":["TheCursedMod:CursedAmulet+1","TheCursedMod:CircleOfFlame","TheCursedMod:SurpriseAttack+1","TheCursedMod:Stretching"],"picked":"TheCursedMod:Torture","floor":35.0},{"not_picked":["TheCursedMod:CursedArmor","TheCursedMod:CursedAmulet","TheCursedMod:Stretching+1","TheCursedMod:VitalStrike+1"],"picked":"TheCursedMod:Obscuration","floor":39},{"not_picked":["TheCursedMod:LuckyCharm","TheCursedMod:Evocation+1","TheCursedMod:RavingStaff+1","TheCursedMod:VitalStrike+1"],"picked":"TheCursedMod:HellfireBreathing+1","floor":40},{"not_picked":["TheCursedMod:Neurasthenia","TheCursedMod:CircleOfCorruption","TheCursedMod:Evocation","TheCursedMod:Obscuration+1"],"picked":"TheCursedMod:CursedMace+1","floor":42},{"not_picked":["TheCursedMod:RavingStaff+1","TheCursedMod:HellsGateOpen","TheCursedMod:SurpriseAttack+1","TheCursedMod:CursedBlade+1"],"picked":"TheCursedMod:Torture+1","floor":44},{"not_picked":["TheCursedMod:CircleOfFlame","TheCursedMod:SpitefulStrike+1","TheCursedMod:Stigma+1","TheCursedMod:Wield+1"],"picked":"TheCursedMod:StingEye+1","floor":46}],"player_experience":2019725,"relics_obtained":[{"floor":1.0,"key":"SynthV:TestCard"},{"floor":2.0,"key":"DemoMod:PoisonVial"},{"floor":8.0,"key":"aspiration:ChemicalBlood"},{"floor":9.0,"key":"Replay:Bandana"},{"floor":12.0,"key":"reliquary:JackalopeAntler"},{"floor":13.0,"key":"reliquary:SilkGlove"},{"floor":19.0,"key":"reliquary:PorcupineQuills"},{"floor":23.0,"key":"DemoMod:NanoMachines"},{"floor":26.0,"key":"DemoMod:Metronome"},{"floor":30.0,"key":"reliquary:Spinner"},{"floor":40,"key":"aspiration:EmptySkull"},{"floor":42,"key":"Strawberry"},{"floor":43,"key":"Darkstone Periapt"}],"event_choices":[{"damage_healed":0.0,"max_hp_gain":0.0,"max_hp_loss":0.0,"gold_gain":0.0,"cards_transformed":["Hatred"],"event_name":"Transmorgrifier","player_choice":"Transformed","floor":10.0,"gold_loss":0.0,"damage_taken":0.0,"cards_obtained":["CloudedMind"]},{"damage_healed":0.0,"max_hp_gain":0.0,"max_hp_loss":0.0,"gold_gain":0.0,"event_name":"conspire:Investor","player_choice":"Leave","floor":20.0,"gold_loss":0.0,"damage_taken":0.0},{"damage_healed":0.0,"max_hp_gain":0.0,"max_hp_loss":0.0,"gold_gain":99.0,"event_name":"betterThird:BetterNest","player_choice":"Steal","floor":22.0,"gold_loss":0.0,"damage_taken":0.0},{"damage_healed":0,"gold_gain":0,"player_choice":"Ignored","damage_taken":0,"max_hp_gain":0,"max_hp_loss":0,"event_name":"Mysterious Sphere","floor":37,"gold_loss":0}],"is_beta":false,"boss_relics":[{"not_picked":["halation:CatFaceCupcake","TheCursedMod:BlackMagicAdvanced"],"picked":"JellyFishMachine"},{"not_picked":["StuffTheSpire:RunicHypercube","BloodWine"],"picked":"SlaversCollar"}],"items_purged_floors":[],"is_endless":false,"potions_floor_spawned":[1,3,8,11,18,24,31,33,35,40,44,46],"ascension_level":0}}