{"host":"iirf6tm60n5v4e3j","time":1614417981,"event":{"mods":["Act Like it!","BaseMod","Gensokyo","Marisa????????","Minty Spire (QoL Compilation)","StSLib","The Marked"],"gold_per_floor":[114,189,189,201,220,252,252,267,267,267,279,297,297,315,315,411,411,411,411],"floor_reached":18,"language":"ENG","playtime":1119,"items_purged":[],"score":164,"play_id":"353375ec-22c1-47d8-b39d-37ac8f6941c4","local_time":"20210227012621","is_ascension_mode":false,"campfire_choices":[{"data":"theMarked:EmpowerWeapon","floor":7.0,"key":"SMITH"},{"data":"theMarked:ThrowWeapon","floor":13.0,"key":"SMITH"},{"data":"theMarked:EmpowerWeapon","floor":15.0,"key":"SMITH"}],"circlet_count":0,"master_deck":["theMarked:SoldierOfQuellstein","theMarked:ThrowWeapon+1","theMarked:Generate","theMarked:EmpowerWeapon+1","theMarked:EmpowerWeapon+1","theMarked:GodGivenPower","theMarked:RogueSparks","theMarked:LightningStrikesTwice","theMarked:ElectricStrings","theMarked:Overthink","theMarked:MagusForm","theMarked:Indomitable","theMarked:Convert","theMarked:OneWithTheBlade","theMarked:MagusForm","theMarked:ElectricStrings","theMarked:Overcharge","theMarked:EternalStudent","theMarked:EmpowerWeapon"],"relics":["theMarked:ArtifactOfAir","Anchor","Nunchaku","Pandora\u0027s Box"],"acts_visited":["Exordium","TheCity"],"potions_floor_usage":[16],"damage_taken":[{"damage":4.0,"enemies":"2 Louse","floor":1.0,"turns":3.0},{"damage":3.0,"enemies":"Jaw Worm","floor":4.0,"turns":4.0},{"damage":4.0,"enemies":"Cultist","floor":5.0,"turns":4.0},{"damage":8.0,"enemies":"3 Sentries","floor":6.0,"turns":8.0},{"damage":0.0,"enemies":"Blue Slaver","floor":8.0,"turns":2.0},{"damage":8.0,"enemies":"2 Fungi Beasts","floor":11.0,"turns":3.0},{"damage":8.0,"enemies":"Gremlin Gang","floor":12.0,"turns":4.0},{"damage":0.0,"enemies":"Blue Slaver","floor":14.0,"turns":1.0},{"damage":15,"enemies":"The Guardian","floor":16,"turns":7},{"damage":18,"enemies":"Shell Parasite","floor":18,"turns":3}],"seed_played":"1054698017114740052","potions_obtained":[{"floor":3.0,"key":"SteroidPotion"},{"floor":3.0,"key":"theMarked:HoverShot"},{"floor":3.0,"key":"Weak Potion"},{"floor":6.0,"key":"Fire Potion"},{"floor":14.0,"key":"theMarked:ChargePotion"}],"is_trial":false,"path_per_floor":["M","?","?","M","M","E","R","M","T","?","M","M","R","M","R","B",null,"M"],"character_chosen":"THE_DEFAULT","items_purchased":[],"campfire_rested":0,"item_purchase_floors":[],"current_hp_per_floor":[68,57,57,54,50,42,42,42,42,42,34,26,26,26,26,11,72,54,54],"gold":411,"neow_bonus":"ONE_RANDOM_RARE_CARD","is_daily":false,"chose_seed":false,"campfire_upgraded":3,"win_rate":0.0,"timestamp":1614417981,"path_taken":["M","?","?","M","M","E","R","?","T","?","M","M","R","M","R","BOSS","M"],"items_purchased_type":[],"build_version":"2020-12-22","purchased_purges":0,"victory":false,"max_hp_per_floor":[72,72,72,72,72,72,72,72,72,72,72,72,72,72,72,72,72,72,72],"card_choices":[{"not_picked":["theMarked:HeightenedSenses","theMarked:Heritage"],"picked":"theMarked:Generate","floor":1.0},{"not_picked":["theMarked:TwofoldDefense","theMarked:MysticalArsenal"],"picked":"theMarked:EmpowerWeapon","floor":4.0},{"not_picked":["theMarked:Aftermath","theMarked:WastefulAttack"],"picked":"theMarked:EmpowerWeapon","floor":5.0},{"not_picked":["theMarked:Memento","theMarked:Seal"],"picked":"theMarked:GodGivenPower","floor":6.0},{"not_picked":["theMarked:Opportunist","theMarked:EnhanceMovement"],"picked":"theMarked:RogueSparks","floor":8.0},{"not_picked":["theMarked:ChainLightning","theMarked:Aftermath"],"picked":"theMarked:ElectricStrings","floor":11.0},{"not_picked":["theMarked:WardOff","theMarked:Panic","theMarked:Improvise"],"picked":"SKIP","floor":12.0},{"not_picked":["theMarked:RepellingDischarge","theMarked:Electrify"],"picked":"theMarked:Overthink","floor":14.0},{"not_picked":["theMarked:Defy","theMarked:BiggerThanFate"],"picked":"theMarked:MagusForm","floor":16}],"player_experience":233022,"relics_obtained":[{"floor":6.0,"key":"Anchor"},{"floor":9.0,"key":"Nunchaku"}],"event_choices":[{"damage_healed":0.0,"max_hp_gain":0.0,"max_hp_loss":0.0,"gold_gain":75.0,"event_name":"World of Goop","player_choice":"Gather Gold","floor":2.0,"gold_loss":0.0,"damage_taken":11.0},{"damage_healed":0.0,"max_hp_gain":0.0,"max_hp_loss":0.0,"gold_gain":0.0,"event_name":"Lab","player_choice":"Got Potions","floor":3.0,"gold_loss":0.0,"damage_taken":0.0},{"damage_healed":0.0,"max_hp_gain":0.0,"max_hp_loss":0.0,"gold_gain":0.0,"cards_transformed":["theMarked:Strike"],"event_name":"Living Wall","player_choice":"Change","floor":10.0,"gold_loss":0.0,"damage_taken":0.0,"cards_obtained":["theMarked:LightningStrikesTwice"]}],"is_beta":false,"boss_relics":[{"not_picked":["Empty Cage","theMarked:SpiritSword"],"picked":"Pandora\u0027s Box"}],"items_purged_floors":[],"is_endless":false,"potions_floor_spawned":[4,6,14],"killed_by":"Shell Parasite","ascension_level":0}}