{"host":"6xghz2lkudss8si6","time":1614417631,"event":{"mods":["AchievementEnabler","BaseMod","Colored Map","DeckTracker","Minty Spire (QoL Compilation)","Quick Restart","StSLib","SuperFastMode"],"gold_per_floor":[216,228,246,258,29,29,62,62,62,74,103,121,121,142,142,246,246,258,270,270,270,19,19,19],"floor_reached":23,"language":"KOR","playtime":803,"items_purged":["Strike_B","Zap"],"score":302,"play_id":"ab1c6f66-68d0-4aa3-be94-da49238e1a20","local_time":"20210227182031","is_ascension_mode":true,"campfire_choices":[{"data":"Ball Lightning","floor":6,"key":"SMITH"},{"data":"Fission","floor":8,"key":"SMITH"},{"data":"Leap","floor":15,"key":"SMITH"}],"circlet_count":0,"master_deck":["AscendersBane","Strike_B+1","Defend_B+1","Defend_B+1","Defend_B+1","Defend_B+1","Dualcast","Ball Lightning+1","Electrodynamics","Genetic Algorithm","Fission+1","Leap+1","Ball Lightning","Rebound","Cold Snap","Echo Form","Cold Snap+1","Coolheaded"],"relics":["Cracked Core","Juzu Bracelet","Omamori","Shuriken","Lizard Tail","Regal Pillow","Odd Mushroom","Empty Cage","Nunchaku"],"acts_visited":["Exordium","TheCity"],"potions_floor_usage":[7,14,23],"damage_taken":[{"damage":1,"enemies":"Cultist","floor":1,"turns":3},{"damage":0,"enemies":"Small Slimes","floor":2,"turns":3},{"damage":4,"enemies":"Jaw Worm","floor":3,"turns":3},{"damage":6,"enemies":"Blue Slaver","floor":4,"turns":3},{"damage":8,"enemies":"3 Sentries","floor":7,"turns":4},{"damage":4,"enemies":"Exordium Wildlife","floor":10,"turns":2},{"damage":3,"enemies":"Gremlin Nob","floor":11,"turns":3},{"damage":0,"enemies":"2 Fungi Beasts","floor":12,"turns":2},{"damage":1,"enemies":"The Mushroom Lair","floor":14,"turns":4},{"damage":44,"enemies":"The Guardian","floor":16,"turns":12},{"damage":0,"enemies":"3 Byrds","floor":18,"turns":3},{"damage":4,"enemies":"Spheric Guardian","floor":19,"turns":4},{"damage":99,"enemies":"Book of Stabbing","floor":23,"turns":8}],"seed_played":"-8010770513355384338","potions_obtained":[{"floor":1,"key":"SkillPotion"},{"floor":7,"key":"CultistPotion"},{"floor":10,"key":"Swift Potion"},{"floor":11,"key":"AttackPotion"}],"is_trial":false,"path_per_floor":["M","M","M","M","$","R","E","R","T","M","E","M","?","?","R","B",null,"M","M","?","?","$","E"],"character_chosen":"DEFECT","items_purchased":["Juzu Bracelet","SkillPotion","FairyPotion"],"campfire_rested":0,"item_purchase_floors":[5,22,22],"current_hp_per_floor":[67,67,63,57,57,57,49,49,49,45,42,42,42,41,41,37,66,66,62,62,62,62,0,0],"gold":19,"neow_bonus":"HUNDRED_GOLD","is_daily":false,"chose_seed":false,"campfire_upgraded":3,"win_rate":0.0,"timestamp":1614417631,"path_taken":["M","M","?","M","$","R","E","R","T","M","E","M","?","?","R","BOSS","M","M","?","?","$","E"],"items_purchased_type":["Relic","Potion","Potion"],"build_version":"2020-12-22","purchased_purges":2,"victory":false,"max_hp_per_floor":[75,75,75,75,75,75,75,75,75,75,75,75,75,75,75,75,75,75,75,75,75,75,75,75],"card_choices":[{"not_picked":["Compile Driver","Coolheaded"],"picked":"Ball Lightning","floor":1},{"not_picked":["Streamline","Compile Driver"],"picked":"Electrodynamics","floor":2},{"not_picked":["Go for the Eyes","Streamline"],"picked":"Genetic Algorithm","floor":3},{"not_picked":["Stack","Fusion","Turbo"],"picked":"SKIP","floor":4},{"not_picked":["Heatsinks","Gash"],"picked":"Fission","floor":7},{"not_picked":["Gash","Beam Cell"],"picked":"Leap","floor":10},{"not_picked":["Self Repair","Reprogram"],"picked":"Ball Lightning","floor":11},{"not_picked":["Steam","Blizzard"],"picked":"Rebound","floor":12},{"not_picked":["Sweeping Beam","Turbo"],"picked":"Cold Snap","floor":14},{"not_picked":["Seek","Machine Learning"],"picked":"Echo Form","floor":16},{"not_picked":["Streamline","Scrape+1"],"picked":"Cold Snap+1","floor":18},{"not_picked":["Hologram","White Noise"],"picked":"Coolheaded","floor":19}],"player_experience":268705,"relics_obtained":[{"floor":7,"key":"Omamori"},{"floor":9,"key":"Shuriken"},{"floor":11,"key":"Lizard Tail"},{"floor":14,"key":"Odd Mushroom"}],"event_choices":[{"damage_healed":0,"gold_gain":0,"player_choice":"Gave Potion","damage_taken":0,"relics_obtained":["Regal Pillow"],"max_hp_gain":0,"max_hp_loss":0,"event_name":"WeMeetAgain","floor":13,"gold_loss":0},{"damage_healed":0,"gold_gain":0,"player_choice":"Fought Mushrooms","damage_taken":0,"max_hp_gain":0,"max_hp_loss":0,"event_name":"Mushrooms","floor":14,"gold_loss":0},{"damage_healed":0,"gold_gain":0,"player_choice":"Simplicity","damage_taken":0,"max_hp_gain":0,"max_hp_loss":0,"event_name":"Back to Basics","floor":20,"gold_loss":0,"cards_upgraded":["Strike_B","Defend_B","Defend_B","Defend_B","Defend_B"]},{"damage_healed":0,"gold_gain":0,"player_choice":"Opened","damage_taken":0,"relics_obtained":["Nunchaku"],"max_hp_gain":0,"max_hp_loss":0,"event_name":"The Mausoleum","floor":21,"gold_loss":0,"cards_obtained":["Writhe"]}],"is_beta":false,"boss_relics":[{"not_picked":["Tiny House","Snecko Eye"],"picked":"Empty Cage"}],"items_purged_floors":[5,22],"is_endless":false,"potions_floor_spawned":[1,7,10,11],"killed_by":"Book of Stabbing","ascension_level":10}}