{"host":"og21o26alpnbwmz8","time":1614450235,"event":{"mods":["2.2 Compatiblity","Act Like it!","Aspiration","Aya Shameimaru","BaseMod","ChefMod","Conspire","Downfall","Halation","Hallownest","Hermit","Hubris","Jedi Mod","Mimic Mod","Minty Spire (QoL Compilation)","Pale of the Ancients","Reliquary","Replay The Spire","Ruina","Shop Mod","Spikes Relics","StSLib","The Alterego","The Animator","The Blue Laboratory","The Bug Knight","Waifu the Spire","Yuri Mod"],"gold_per_floor":[110,110,126,154,168,168,93,106,161,161,186,199,329,329,329,428,428,441,461,461,461,472,472,491,525,549,549,565,599,599,633,633,633,633],"floor_reached":33,"language":"ENG","playtime":1725,"items_purged":["chefmod:Strike"],"score":355,"play_id":"35afab08-dd61-4c3b-bcab-03ae7a40f4ee","local_time":"20210227132355","is_ascension_mode":false,"campfire_choices":[{"data":"chefmod:SliceAndDice","floor":6,"key":"SMITH"},{"data":"chefmod:QuickThaw","floor":10,"key":"SMITH"},{"data":"Quick Slash","floor":15,"key":"SMITH"},{"data":"chefmod:FiveAlarmChili","floor":23,"key":"SMITH"},{"floor":30,"key":"RECALL"}],"circlet_count":0,"master_deck":["chefmod:QuickThaw+1","chefmod:Defend","chefmod:Defend","chefmod:Defend","chefmod:TodaysSpecial","Quick Slash+1","Choke+1","Die Die Die+1","chefmod:FiveAlarmChili+1","chefmod:SliceAndDice+1","chefmod:BleedOut+1","Shame","chefmod:Omelette+1","chefmod:FiveAlarmChili","chefmod:Granita"],"relics":["chefmod:TrustyPot","NeowsBlessing","halation:KoshaPiece","SnailShell","reliquary:Knoch","Cursed Key","Blue Candle","hubris:FunFungus","halation:EternalFortune","Pen Nib","Replay:Rubber Ducky"],"acts_visited":["Exordium","Hallownest:Greenpath"],"potions_floor_usage":[29,29],"damage_taken":[{"damage":0,"enemies":"Hallownest:2_Baldur","floor":1,"turns":2},{"damage":0,"enemies":"Hallownest:monsterHuskGuard","floor":3,"turns":1},{"damage":0,"enemies":"conspire:MimicChest","floor":4,"turns":1},{"damage":0,"enemies":"2_ Uuma","floor":5,"turns":3},{"damage":1,"enemies":"Hallownest:monsterFoolEater","floor":8,"turns":2},{"damage":0,"enemies":"Hallownest:eliteCrystalGuardian","floor":11,"turns":5},{"damage":6,"enemies":"Hallownest:1_Ooma_and_2_Uuma","floor":12,"turns":6},{"damage":6,"enemies":"Hallownest:BossHornet","floor":16,"turns":12},{"damage":0,"enemies":"ruina:2_Scarecrows","floor":18,"turns":5},{"damage":0,"enemies":"ruina:Nosferatu","floor":19,"turns":4},{"damage":21,"enemies":"ruina:Woodsman","floor":22,"turns":6},{"damage":0,"enemies":"ruina:QueenOfHate","floor":24,"turns":4},{"damage":0,"enemies":"ruina:ServantOfWrath","floor":25,"turns":4},{"damage":1,"enemies":"ruina:3_Scarecrows","floor":28,"turns":4},{"damage":18,"enemies":"ruina:RoadHome","floor":29,"turns":3},{"damage":24,"enemies":"ruina:Mountain","floor":31,"turns":7},{"damage":22,"enemies":"ruina:Ozma","floor":33,"turns":7}],"seed_played":"8934437498982200311","potions_obtained":[{"floor":1,"key":"champ:CounterPotion"},{"floor":4,"key":"blueLaboratory:SavagePotion"},{"floor":5,"key":"Explosive Potion"},{"floor":12,"key":"chefmod:PotionOfPlenty"},{"floor":25,"key":"Fire Potion"},{"floor":29,"key":"blueLaboratory:FrostheartPotion"}],"is_trial":false,"path_per_floor":["M","?","M","?","M","R","$","M","T","R","E","M","?","?","R","B",null,"M","M","?","?","M","R","M","E","T","?","M","E","R","E","R","B"],"character_chosen":"THE_CHEF","items_purchased":[],"campfire_rested":0,"item_purchase_floors":[],"current_hp_per_floor":[76,76,76,76,76,76,76,75,75,75,75,69,69,69,69,63,76,76,76,71,76,55,55,55,55,55,58,57,39,39,18,18,0,0],"gold":633,"neow_bonus":"THREE_ENEMY_KILL","is_daily":false,"chose_seed":false,"campfire_upgraded":4,"win_rate":0.0,"timestamp":1614450235,"path_taken":["M","?","?","?","M","R","$","M","T","R","E","M","?","?","R","BOSS","M","M","?","?","?","R","M","E","T","?","M","E","R","E","R","BOSS"],"items_purchased_type":[],"build_version":"2020-12-22","purchased_purges":1,"victory":false,"max_hp_per_floor":[76,76,76,76,76,76,76,76,76,76,76,76,76,76,76,76,76,76,76,76,76,76,76,76,76,76,79,79,79,79,79,79,79,79],"card_choices":[{"not_picked":["chefmod:Omelette","chefmod:BaoBuns","chefmod:Gelato"],"picked":"SKIP","floor":1},{"not_picked":["chefmod:Sorbet","chefmod:Omelette"],"picked":"chefmod:FiveAlarmChili","floor":3},{"not_picked":["chefmod:BaoBuns","chefmod:Flambe"],"picked":"chefmod:SliceAndDice","floor":4},{"not_picked":["chefmod:HotSoup","chefmod:SaveForLater","chefmod:BaoBuns"],"picked":"SKIP","floor":5},{"not_picked":["chefmod:BaoBuns","chefmod:DoubleChop","chefmod:Fillet"],"picked":"SKIP","floor":8},{"not_picked":["chefmod:Sorbet","chefmod:IcePick","chefmod:DinoKale"],"picked":"SKIP","floor":11},{"not_picked":["chefmod:VegetableTart","chefmod:DoubleChop","chefmod:AllYouCanEat"],"picked":"SKIP","floor":12},{"not_picked":["chefmod:KnifeFlurry","chefmod:LiquidNitrogen"],"picked":"chefmod:BleedOut+1","floor":18},{"not_picked":["chefmod:SearedScallops","chefmod:AlooGobi","chefmod:Gelato"],"picked":"SKIP","floor":19},{"not_picked":["chefmod:DinoKale","chefmod:ColdSteel","chefmod:BaoBuns"],"picked":"SKIP","floor":22},{"not_picked":["chefmod:Sorbet","chefmod:Defrost","chefmod:FreezeSolid"],"picked":"SKIP","floor":24},{"not_picked":["chefmod:QuickChop","chefmod:Granita+1","chefmod:IcePick"],"picked":"SKIP","floor":25},{"not_picked":["chefmod:Granita","chefmod:DinoKale"],"picked":"chefmod:Omelette+1","floor":28},{"not_picked":["chefmod:RisingDough","chefmod:AllYouCanEat"],"picked":"chefmod:FiveAlarmChili","floor":29},{"not_picked":["chefmod:SpaghettiCarbonara","chefmod:Fillet+1","chefmod:BaoBuns"],"picked":"SKIP","floor":31}],"player_experience":436328,"relics_obtained":[{"floor":4,"key":"halation:KoshaPiece"},{"floor":9,"key":"SnailShell"},{"floor":11,"key":"reliquary:Knoch"},{"floor":25,"key":"hubris:FunFungus"},{"floor":29,"key":"Pen Nib"},{"floor":31,"key":"Replay:Rubber Ducky"}],"event_choices":[],"is_beta":false,"boss_relics":[{"not_picked":["reliquary:KinkedSpring","Ectoplasm"],"picked":"Cursed Key"}],"items_purged_floors":[7],"is_endless":false,"potions_floor_spawned":[1,4,5,12,16,18,25,29],"killed_by":"ruina:Ozma","ascension_level":0}}