{"host":"4gkev1dtxxhiue3x","time":1614440596,"event":{"mods":["AchievementEnabler","BaseMod","Better Altar","Better Match","Better Note","Better Sensory Stone","Better Skull","Better Third Choice","Colored Powertips","Friendly Minions","Hermit","Minty Spire (QoL Compilation)","Relic Stats","Robot Space Explorer","Shop Mod","StSLib","The Animator","The Death Knight","The Hierophant"],"gold_per_floor":[216,232,88,199,212,212,244,244,289,318,40,40,52,69,69,166,166,180,191,66,66,82,108,108,108,108,108,139,156,167,177,177,280,280,298,311,311,361,361,361,372,401,401,401,428,117,117,29,29,29,29,29,29,29,29],"floor_reached":56,"language":"ENG","playtime":4398,"items_purged":["Strike_P","Defend_P","Strike_P","Pain"],"score":1459,"play_id":"e67793c0-6834-42a6-a974-45607e8dea53","local_time":"20210227164316","is_ascension_mode":true,"campfire_choices":[{"floor":6.0,"key":"REST"},{"floor":8.0,"key":"REST"},{"floor":12.0,"key":"REST"},{"data":"Weave","floor":15.0,"key":"SMITH"},{"data":"EmptyMind","floor":24,"key":"SMITH"},{"data":"Vault","floor":32,"key":"SMITH"},{"data":"Eruption","floor":40,"key":"SMITH"},{"floor":49,"key":"RECALL"},{"data":"Devotion","floor":52,"key":"SMITH"}],"circlet_count":0,"master_deck":["Strike_P","Defend_P","Defend_P","Defend_P","Eruption+1","Vigilance","ThirdEye","Weave+1","Weave+1","JustLucky","JustLucky","CutThroughFate+1","FlurryOfBlows","EmptyMind+1","DeusExMachina","Vault+1","FlurryOfBlows","JustLucky","SignatureMove+1","Blasphemy+1","Worship+1","FlurryOfBlows+1","Weave+1","TalkToTheHand+1","FlurryOfBlows","Devotion+1","Trip"],"relics":["PureWater","Bag of Preparation","Pen Nib","Lantern","Anchor","Vajra","PreservedInsect","SlaversCollar","WarpedTongs","Toy Ornithopter","Mango","GoldenEye","Regal Pillow","Darkstone Periapt","Black Star","Prayer Wheel","Art of War","DeathKnight:SindragosasSkull","Sundial","Ancient Tea Set","Pocketwatch"],"acts_visited":["Exordium","TheCity","TheBeyond","TheEnding"],"potions_floor_usage":[23,38,54,55],"damage_taken":[{"damage":2.0,"enemies":"Small Slimes","floor":1.0,"turns":6.0},{"damage":0.0,"enemies":"Cultist","floor":2.0,"turns":2.0},{"damage":2.0,"enemies":"2 Louse","floor":5.0,"turns":2.0},{"damage":21.0,"enemies":"Lagavulin","floor":7.0,"turns":3.0},{"damage":18.0,"enemies":"3 Sentries","floor":10.0,"turns":5.0},{"damage":0.0,"enemies":"Looter","floor":13.0,"turns":1.0},{"damage":0.0,"enemies":"2 Fungi Beasts","floor":14.0,"turns":1.0},{"damage":17.0,"enemies":"Hexaghost","floor":16.0,"turns":5.0},{"damage":4,"enemies":"Shell Parasite","floor":18,"turns":4},{"damage":0,"enemies":"Chosen","floor":19,"turns":3},{"damage":3,"enemies":"Shelled Parasite and Fungi","floor":22,"turns":3},{"damage":3,"enemies":"Book of Stabbing","floor":23,"turns":4},{"damage":0,"enemies":"Gremlin Leader","floor":28,"turns":2},{"damage":8,"enemies":"3 Cultists","floor":29,"turns":2},{"damage":7,"enemies":"Snecko","floor":30,"turns":2},{"damage":3,"enemies":"Cultist and Chosen","floor":31,"turns":4},{"damage":8,"enemies":"Automaton","floor":33,"turns":4},{"damage":9,"enemies":"3 Shapes","floor":35,"turns":2},{"damage":0,"enemies":"Orb Walker","floor":36,"turns":3},{"damage":5,"enemies":"Mind Bloom Boss Battle","floor":38,"turns":3},{"damage":0,"enemies":"Transient","floor":41,"turns":5},{"damage":5,"enemies":"Giant Head","floor":42,"turns":3},{"damage":0,"enemies":"Reptomancer","floor":45,"turns":2},{"damage":29,"enemies":"Time Eater","floor":50,"turns":6},{"damage":0,"enemies":"Shield and Spear","floor":54,"turns":1},{"damage":53,"enemies":"The Heart","floor":55,"turns":7}],"seed_played":"-8921290184436737222","potions_obtained":[{"floor":2.0,"key":"FearPotion"},{"floor":5.0,"key":"DuplicationPotion"},{"floor":7.0,"key":"BlessingOfTheForge"},{"floor":16.0,"key":"DuplicationPotion"},{"floor":23,"key":"StancePotion"},{"floor":29,"key":"SkillPotion"},{"floor":42,"key":"SmokeBomb"}],"is_trial":false,"path_per_floor":["M","M","$","?","M","R","E","R","T","E","$","R","M","M","R","B",null,"M","M","$","?","M","E","R","?","T","?","E","M","M","M","R","B",null,"M","M","?","?","?","R","M","E","T","T","E","$","?","$","R","B",null,"R","$","E","B",null],"character_chosen":"WATCHER","items_purchased":["Weave","FlurryOfBlows","PreservedInsect","Devotion","Trip"],"campfire_rested":3,"item_purchase_floors":[3,11,11,46,48],"current_hp_per_floor":[70,70,70,27,25,46,25,46,46,28,28,49,49,49,49,32,72,68,68,68,68,65,62,62,76,76,76,76,68,61,58,58,50,86,77,77,52,52,52,52,52,47,47,47,47,47,47,47,47,18,86,86,86,86,38],"gold":29,"neow_bonus":"HUNDRED_GOLD","is_daily":false,"chose_seed":false,"campfire_upgraded":5,"win_rate":0.0,"timestamp":1614440596,"path_taken":["M","M","$","?","M","R","E","R","T","E","$","R","M","M","R","BOSS","M","M","$","?","?","E","R","?","T","?","E","?","?","M","R","BOSS","M","M","?","?","?","R","?","E","T","?","E","$","?","$","R","BOSS","R","$","E","BOSS"],"items_purchased_type":["Card","Card","Relic","Card","Card"],"build_version":"2020-12-22","purchased_purges":4,"victory":true,"max_hp_per_floor":[72,72,72,72,72,72,72,72,72,72,72,72,72,72,72,72,72,72,72,72,72,72,72,72,86,86,86,86,86,86,86,86,86,86,86,86,86,86,86,86,86,86,86,86,86,86,86,86,86,86,86,86,86,86,86],"relic_stats":{"Darkstone Periapt":0,"Regal Pillow":0,"counters":[26,85],"Pen Nib":[44],"PreservedInsect":336,"Bag of Preparation":[50],"GoldenEye":[114],"WarpedTongs":[53],"Sundial":[2],"Prayer Wheel":1,"Black Star":3,"Art of War":[0],"obtain_stats":[{"Darkstone Periapt":28,"Lantern":7,"Regal Pillow":27,"Vajra":10,"Mango":25,"Pen Nib":4,"PreservedInsect":11,"Bag of Preparation":4,"GoldenEye":26,"Ancient Tea Set":45,"WarpedTongs":21,"SlaversCollar":17,"Anchor":9,"Sundial":44,"Prayer Wheel":38,"Black Star":34,"Art of War":42,"PureWater":0,"Toy Ornithopter":23,"DeathKnight:SindragosasSkull":42,"Pocketwatch":45},{"Darkstone Periapt":13,"Lantern":4,"Regal Pillow":12,"Vajra":5,"Mango":12,"Pen Nib":2,"PreservedInsect":5,"Bag of Preparation":2,"GoldenEye":12,"Ancient Tea Set":23,"WarpedTongs":10,"SlaversCollar":8,"Anchor":4,"Sundial":22,"Prayer Wheel":20,"Black Star":17,"Art of War":22,"PureWater":0,"Toy Ornithopter":12,"DeathKnight:SindragosasSkull":22,"Pocketwatch":23},{"Darkstone Periapt":41,"Lantern":13,"Regal Pillow":39,"Vajra":18,"Mango":39,"Pen Nib":8,"PreservedInsect":18,"Bag of Preparation":8,"GoldenEye":39,"Ancient Tea Set":71,"WarpedTongs":32,"SlaversCollar":25,"Anchor":13,"Sundial":69,"Prayer Wheel":61,"Black Star":53,"Art of War":69,"PureWater":0,"Toy Ornithopter":39,"DeathKnight:SindragosasSkull":69,"Pocketwatch":71}],"Toy Ornithopter":10,"Pocketwatch":[1]},"card_choices":[{"not_picked":["LikeWater","Evaluate"],"picked":"ThirdEye","floor":1.0},{"not_picked":["WaveOfTheHand","InnerPeace"],"picked":"Weave","floor":2.0},{"not_picked":["Swivel","LikeWater"],"picked":"JustLucky","floor":5.0},{"not_picked":["Prostrate","ReachHeaven"],"picked":"JustLucky","floor":7.0},{"not_picked":["Tantrum","SignatureMove"],"picked":"CutThroughFate","floor":10.0},{"not_picked":["Consecrate","LikeWater"],"picked":"EmptyMind","floor":13.0},{"not_picked":["MentalFortress","Collect"],"picked":"DeusExMachina","floor":14.0},{"not_picked":["Brilliance","DeusExMachina"],"picked":"Vault","floor":16.0},{"not_picked":["DeceiveReality","Halt","CrushJoints"],"picked":"SKIP","floor":18},{"not_picked":["Adaptation+1","FlyingSleeves","WreathOfFlame"],"picked":"SKIP","floor":19},{"not_picked":["WaveOfTheHand","SashWhip+1"],"picked":"FlurryOfBlows","floor":22},{"not_picked":["Halt","FlyingSleeves"],"picked":"JustLucky","floor":23},{"not_picked":["JustLucky","Evaluate+1","WindmillStrike+1"],"picked":"SKIP","floor":28},{"not_picked":["SashWhip","Crescendo"],"picked":"SignatureMove+1","floor":29},{"not_picked":["SashWhip+1","InnerPeace","JustLucky"],"picked":"SKIP","floor":30},{"not_picked":["JustLucky","Judgement","FollowUp+1"],"picked":"SKIP","floor":31},{"not_picked":["DevaForm","DeusExMachina"],"picked":"Blasphemy","floor":33},{"not_picked":["Halt","SashWhip+1"],"picked":"Worship+1","floor":35},{"not_picked":["Conclude+1","ReachHeaven+1"],"picked":"FlurryOfBlows+1","floor":36},{"not_picked":["TalkToTheHand+1","CutThroughFate+1"],"picked":"Weave+1","floor":38},{"not_picked":["Halt","Prostrate"],"picked":"TalkToTheHand+1","floor":41},{"not_picked":["EmptyMind","FollowUp","SandsOfTime+1"],"picked":"SKIP","floor":41},{"not_picked":["JustLucky+1","EmptyBody+1"],"picked":"FlurryOfBlows","floor":42},{"not_picked":["FollowUp","Wallop+1","Protect"],"picked":"SKIP","floor":45}],"player_experience":299759,"relics_obtained":[{"floor":7.0,"key":"Lantern"},{"floor":9.0,"key":"Anchor"},{"floor":10.0,"key":"Vajra"},{"floor":23,"key":"Toy Ornithopter"},{"floor":26,"key":"GoldenEye"},{"floor":28,"key":"Darkstone Periapt"},{"floor":38,"key":"Prayer Wheel"},{"floor":42,"key":"Art of War"},{"floor":42,"key":"DeathKnight:SindragosasSkull"},{"floor":44,"key":"Sundial"},{"floor":45,"key":"Ancient Tea Set"},{"floor":45,"key":"Pocketwatch"}],"event_choices":[{"damage_healed":0.0,"max_hp_gain":0.0,"max_hp_loss":0.0,"gold_gain":111.0,"event_name":"betterSkull:BetterSkull","player_choice":"RE RE GO ","floor":4.0,"gold_loss":0.0,"damage_taken":48.0,"cards_upgraded":[],"relics_obtained":["Bag of Preparation","Pen Nib"]},{"damage_healed":0,"gold_gain":0,"player_choice":"Rummage","damage_taken":0,"relics_obtained":["WarpedTongs"],"max_hp_gain":0,"max_hp_loss":0,"event_name":"Accursed Blacksmith","floor":21,"gold_loss":0,"cards_obtained":["Pain"]},{"damage_healed":0,"gold_gain":0,"player_choice":"Opened","damage_taken":0,"relics_obtained":["Mango"],"max_hp_gain":0,"max_hp_loss":0,"event_name":"The Mausoleum","floor":25,"gold_loss":0},{"damage_healed":0,"gold_gain":0,"player_choice":"Gave Potion","damage_taken":0,"relics_obtained":["Regal Pillow"],"max_hp_gain":0,"max_hp_loss":0,"event_name":"WeMeetAgain","floor":27,"gold_loss":0},{"damage_healed":0,"gold_gain":0,"player_choice":"Fight","damage_taken":0,"max_hp_gain":0,"max_hp_loss":0,"event_name":"MindBloom","floor":38,"gold_loss":0},{"cards_removed":["Strike_P"],"damage_healed":0,"gold_gain":0,"player_choice":"Removed Attack","damage_taken":0,"max_hp_gain":0,"max_hp_loss":0,"event_name":"Falling","floor":39,"gold_loss":0},{"damage_healed":0,"gold_gain":0,"player_choice":"Ignored","damage_taken":0,"max_hp_gain":0,"max_hp_loss":0,"event_name":"Tomb of Lord Red Mask","floor":47,"gold_loss":0}],"is_beta":false,"boss_relics":[{"not_picked":["Snecko Eye","Tiny House"],"picked":"SlaversCollar"},{"not_picked":["HolyWater","Coffee Dripper"],"picked":"Black Star"}],"items_purged_floors":[3,11,20,46],"is_endless":false,"potions_floor_spawned":[2,5,7,16,19,22,23,29,31,33,36,42,45],"ascension_level":1}}