{"host":"91e6rpp1wj94jhnq","time":1614443281,"event":{"mods":["BaseMod","Better Match","Better Sensory Stone","Better Skull","Better Vampires","Gremlin Skip","Hunter ??","Marisa????????","Minty Spire (QoL Compilation)","Permanent Neow","Shop Mod","StSLib","The Jungle","The Necromancer","Wide Potions"],"gold_per_floor":[118,43,58,71,91,91,109,109,109,109,109,128,171,195,195,326,326,341,88,88,21,46,82,82,125,125,125,148,171,171,171],"floor_reached":30,"language":"ZHS","playtime":1282,"items_purged":["Strike_R","Strike_R"],"score":354,"play_id":"b7b8c462-4fb8-4deb-87a9-f64e09332e94","local_time":"20210228002800","is_ascension_mode":true,"campfire_choices":[{"data":"Shockwave","floor":6.0,"key":"SMITH"},{"data":"Bash","floor":8.0,"key":"SMITH"},{"data":"Pommel Strike","floor":11.0,"key":"SMITH"},{"data":"Wild Strike","floor":15.0,"key":"SMITH"},{"data":"Feed","floor":24.0,"key":"SMITH"},{"floor":27,"key":"RECALL"}],"circlet_count":0,"master_deck":["Strike_R","Strike_R","Strike_R","Defend_R","Defend_R","Defend_R","Defend_R","Bash+1","Sword Boomerang","Shockwave+1","Sever Soul","Shrug It Off","Pommel Strike+1","Reaper","Wild Strike+1","Feed+1","CurseOfTheBell","Disarm+1","J.A.X.","Disarm","Rampage","Evolve+1","Reaper"],"relics":["Burning Blood","Toy Ornithopter","Thread and Needle","Golden Idol","Blue Candle","Calling Bell","Pen Nib","Frozen Egg 2","Du-Vu Doll","Lee\u0027s Waffle","Champion Belt","Art of War","Turnip"],"acts_visited":["Exordium","TheCity"],"potions_floor_usage":[25,25],"damage_taken":[{"damage":1.0,"enemies":"Cultist","floor":1.0,"turns":3.0},{"damage":3.0,"enemies":"2 Louse","floor":3.0,"turns":3.0},{"damage":2.0,"enemies":"Jaw Worm","floor":4.0,"turns":4.0},{"damage":19.0,"enemies":"3 Louse","floor":5.0,"turns":3.0},{"damage":14.0,"enemies":"Exordium Thugs","floor":7.0,"turns":4.0},{"damage":5.0,"enemies":"Exordium Wildlife","floor":12.0,"turns":4.0},{"damage":37.0,"enemies":"3 Sentries","floor":13.0,"turns":7.0},{"damage":1.0,"enemies":"Red Slaver","floor":14.0,"turns":4.0},{"damage":31.0,"enemies":"Hexaghost","floor":16.0,"turns":9.0},{"damage":33.0,"enemies":"Chosen","floor":18.0,"turns":7.0},{"damage":15.0,"enemies":"Spheric Guardian","floor":22.0,"turns":5.0},{"damage":22.0,"enemies":"Book of Stabbing","floor":23.0,"turns":6.0},{"damage":56,"enemies":"Slavers","floor":25,"turns":5},{"damage":47,"enemies":"3 Cultists","floor":28,"turns":6},{"damage":33,"enemies":"Snecko","floor":29,"turns":5},{"damage":0,"enemies":"Cultist and Chosen","floor":30,"turns":1}],"seed_played":"-1350228853977884254","potions_obtained":[{"floor":3.0,"key":"EntropicBrew"},{"floor":12.0,"key":"Dexterity Potion"},{"floor":13.0,"key":"Block Potion"},{"floor":16.0,"key":"BlessingOfTheForge"},{"floor":23.0,"key":"DistilledChaos"}],"is_trial":false,"path_per_floor":["M","$","M","M","M","R","M","R","T","?","R","M","E","M","R","B",null,"M","$","?","?","M","E","R","E","T","R","M","M","M"],"character_chosen":"IRONCLAD","items_purchased":["Lee\u0027s Waffle"],"campfire_rested":0,"item_purchase_floors":[19],"current_hp_per_floor":[77,77,80,80,67,67,59,59,59,59,59,65,51,56,56,36,65,48,84,84,84,75,64,64,56,56,56,35,15,15,15],"gold":171,"neow_bonus":"RANDOM_COMMON_RELIC","is_daily":false,"chose_seed":false,"campfire_upgraded":5,"win_rate":0.0,"timestamp":1614443280,"path_taken":["M","$","M","M","M","R","M","R","T","?","R","M","E","M","R","BOSS","M","$","?","?","M","E","R","E","T","R","M","M","?"],"items_purchased_type":["Relic"],"build_version":"2020-12-22","purchased_purges":2,"victory":false,"max_hp_per_floor":[80,80,80,80,80,80,80,80,80,74,74,74,74,74,74,74,74,77,84,84,84,84,84,84,84,84,84,84,84,84,84],"card_choices":[{"not_picked":["Armaments","Spot Weakness"],"picked":"Sword Boomerang","floor":1.0},{"not_picked":["Iron Wave","Warcry"],"picked":"Shockwave","floor":3.0},{"not_picked":["Power Through","Clothesline"],"picked":"Sever Soul","floor":4.0},{"not_picked":["Twin Strike","Anger"],"picked":"Shrug It Off","floor":5.0},{"not_picked":["Metallicize","Twin Strike"],"picked":"Pommel Strike","floor":7.0},{"not_picked":["Searing Blow","Perfected Strike"],"picked":"Reaper","floor":12.0},{"not_picked":["Reckless Charge","Barricade"],"picked":"Wild Strike","floor":13.0},{"not_picked":["Iron Wave","Headbutt","Metallicize"],"picked":"SKIP","floor":14.0},{"not_picked":["Impervious","Offering"],"picked":"Feed","floor":16.0},{"not_picked":["Flame Barrier","True Grit"],"picked":"Disarm+1","floor":18.0},{"not_picked":["Cleave","Thunderclap"],"picked":"Disarm","floor":22.0},{"not_picked":["Shockwave","Impervious"],"picked":"Rampage","floor":23.0},{"not_picked":["Pommel Strike+1","Cleave"],"picked":"Evolve+1","floor":25},{"not_picked":["Wild Strike+1","Twin Strike"],"picked":"Reaper","floor":28},{"not_picked":["Dual Wield","Armaments+1","Wild Strike"],"picked":"SKIP","floor":29}],"player_experience":403777,"relics_obtained":[{"floor":9.0,"key":"Thread and Needle"},{"floor":13.0,"key":"Blue Candle"},{"floor":17.0,"key":"Pen Nib"},{"floor":17.0,"key":"Frozen Egg 2"},{"floor":17.0,"key":"Du-Vu Doll"},{"floor":23.0,"key":"Art of War"},{"floor":25,"key":"Turnip"}],"event_choices":[{"damage_healed":0.0,"max_hp_gain":0.0,"max_hp_loss":6.0,"gold_gain":0.0,"event_name":"Golden Idol","player_choice":"Lose Max HP","floor":10.0,"gold_loss":0.0,"damage_taken":0.0,"relics_obtained":["Golden Idol"]},{"damage_healed":0.0,"max_hp_gain":0.0,"max_hp_loss":0.0,"gold_gain":0.0,"event_name":"Drug Dealer","player_choice":"Obtain J.A.X.","floor":20.0,"gold_loss":0.0,"damage_taken":0.0,"cards_obtained":["J.A.X."]},{"damage_healed":0.0,"max_hp_gain":0.0,"max_hp_loss":0.0,"gold_gain":0.0,"event_name":"WeMeetAgain","player_choice":"Paid Gold","floor":21.0,"gold_loss":67.0,"damage_taken":0.0,"relics_obtained":["Champion Belt"]}],"is_beta":false,"boss_relics":[{"not_picked":["Runic Dome","Sozu"],"picked":"Calling Bell"}],"items_purged_floors":[2,19],"is_endless":false,"potions_floor_spawned":[3,12,13,16,22,23],"killed_by":"Cultist and Chosen","ascension_level":6}}