{"host":"pfkd6wr1s0kscfwd","time":1614430144,"event":{"mods":["AchievementEnabler","BaseMod","Colored Map","Colored Powertips","Downfall","Hermit","Minty Spire (QoL Compilation)","StSLib","The Jungle"],"gold_per_floor":[118,133,83,258,258,258,34,60,85,85,104,133,133,145,145,249,299,314,229,154,154,169,169,169],"floor_reached":23,"language":"ENG","playtime":1087,"items_purged":["Pain"],"score":227,"play_id":"89b530fa-667a-404c-a0c1-9559218522e2","local_time":"20210227134904","is_ascension_mode":true,"campfire_choices":[{"data":"Beam Cell","floor":6,"key":"SMITH"},{"floor":10,"key":"REST"},{"floor":13,"key":"REST"},{"floor":15,"key":"REST"}],"circlet_count":0,"master_deck":["Strike_B","Strike_B","Strike_B","Defend_B","Defend_B+1","Defend_B","Defend_B","Zap","Dualcast+1","White Noise","Beam Cell+1","Doubt","Core Surge","Thunder Strike","downfall:Icky","Sweeping Beam","Coolheaded","Rip and Tear","Creative AI+1","Storm","Self Repair+1","Defragment"],"relics":["Cracked Core","downfall:ExtraCursedKey","Strawberry","Pen Nib","Bag of Preparation","Gambling Chip","Tiny House","Kunai"],"acts_visited":["Exordium","TheCity"],"potions_floor_usage":[8,23,23,23],"damage_taken":[{"damage":5,"enemies":"Cultist","floor":1,"turns":4},{"damage":7,"enemies":"Jaw Worm","floor":2,"turns":3},{"damage":12,"enemies":"Gremlin Nob","floor":8,"turns":4},{"damage":0,"enemies":"Small Slimes","floor":11,"turns":2},{"damage":29,"enemies":"Lagavulin","floor":12,"turns":4},{"damage":11,"enemies":"Exordium Thugs","floor":14,"turns":4},{"damage":35,"enemies":"Slime Boss","floor":16,"turns":8},{"damage":6,"enemies":"Spheric Guardian","floor":18,"turns":3},{"damage":28,"enemies":"2 Thieves","floor":22,"turns":3},{"damage":65,"enemies":"Slavers","floor":23,"turns":3}],"seed_played":"-3653274034816880952","potions_obtained":[{"floor":1,"key":"Weak Potion"},{"floor":12,"key":"LiquidBronze"},{"floor":14,"key":"hexamod:SoulburnPotion"},{"floor":16,"key":"Regen Potion"}],"is_trial":false,"path_per_floor":["M","M","?","?","?","R","$","E","T","R","M","E","R","M","R","B",null,"M","?","?","?","M","E"],"character_chosen":"DEFECT","items_purchased":["Strawberry"],"campfire_rested":3,"item_purchase_floors":[7],"current_hp_per_floor":[70,63,63,63,63,63,70,58,58,82,82,53,77,66,82,47,87,81,81,81,81,53,0,0],"gold":169,"neow_bonus":"UPGRADE_CARD","is_daily":false,"chose_seed":false,"campfire_upgraded":1,"win_rate":0.0,"timestamp":1614430144,"path_taken":["M","M","?","?","?","R","$","E","T","R","M","E","R","M","R","BOSS","M","?","?","?","M","E"],"items_purchased_type":["Relic"],"build_version":"2020-12-22","purchased_purges":1,"victory":false,"max_hp_per_floor":[75,75,75,75,75,75,82,82,82,82,82,82,82,82,82,82,87,87,87,87,87,87,87,87],"card_choices":[{"not_picked":["Force Field","Beam Cell"],"picked":"White Noise","floor":1},{"not_picked":["Melter","Genetic Algorithm"],"picked":"Beam Cell","floor":2},{"not_picked":["Recycle","Beam Cell"],"picked":"Thunder Strike","floor":8},{"not_picked":["Steam","Redo"],"picked":"Sweeping Beam","floor":11},{"not_picked":["Barrage","Gash"],"picked":"Coolheaded","floor":12},{"not_picked":["Skim","Consume"],"picked":"Rip and Tear","floor":14},{"not_picked":["Thunder Strike","Buffer"],"picked":"Creative AI","floor":16},{"not_picked":["Coolheaded","Chaos"],"picked":"Storm","floor":17},{"not_picked":["Consume","Leap"],"picked":"Self Repair+1","floor":18},{"not_picked":["Rip and Tear","Scrape"],"picked":"Defragment","floor":22}],"player_experience":134575,"relics_obtained":[{"floor":8,"key":"Pen Nib"},{"floor":9,"key":"Bag of Preparation"},{"floor":12,"key":"Gambling Chip"}],"event_choices":[{"cards_removed":["Strike_B"],"damage_healed":0,"gold_gain":0,"player_choice":"Card Removal","damage_taken":0,"max_hp_gain":0,"max_hp_loss":0,"event_name":"The Cleric","floor":3,"gold_loss":50},{"damage_healed":0,"gold_gain":175,"player_choice":"AGREE","damage_taken":0,"max_hp_gain":0,"max_hp_loss":0,"event_name":"Liars Game","floor":4,"gold_loss":0,"cards_obtained":["Doubt"]},{"damage_healed":0,"gold_gain":0,"player_choice":"Obtained Relic","damage_taken":0,"relics_obtained":["Kunai"],"max_hp_gain":0,"max_hp_loss":0,"event_name":"Addict","floor":19,"gold_loss":85},{"cards_removed":["Shame"],"damage_healed":0,"gold_gain":0,"player_choice":"Gave Gold","damage_taken":0,"max_hp_gain":0,"max_hp_loss":0,"event_name":"Beggar","floor":20,"gold_loss":75},{"damage_healed":0,"gold_gain":0,"player_choice":"Upgraded","damage_taken":0,"max_hp_gain":0,"max_hp_loss":0,"event_name":"Upgrade Shrine","floor":21,"gold_loss":0,"cards_upgraded":["Creative AI"]}],"is_beta":false,"boss_relics":[{"not_picked":["Velvet Choker","bronze:MakeshiftBattery"],"picked":"Tiny House"}],"items_purged_floors":[7],"is_endless":false,"potions_floor_spawned":[1,12,14,16],"killed_by":"Slavers","ascension_level":3}}