{"host":"turdyikuxcak11ni","time":1614404989,"event":{"mods":["AchievementEnabler","BaseMod","Better Altar","Better Match","Better Note","Better Sensory Stone","Better Skull","Better Third Choice","Better Vampires","Colored Map","Conspire","Downfall","Hubris","Minty Spire (QoL Compilation)","Quick Restart","Relic Stats","Replay The Spire","Spicy Shops","StSLib","SuperFastMode"],"gold_per_floor":[118,130,148,148,148,148,183,183,183,201,215,215,365,386,386,516,516,532,568,568,568,13,13,36,57,130,80,80,93,93,106,106,106,106],"floor_reached":33,"language":"ENG","playtime":1281,"items_purged":["downfall:Icky","Strike_R","Strike_R","Strike_R"],"score":346,"play_id":"52bb694c-1afe-4ded-aee3-764c396146ed","local_time":"20210226214949","is_ascension_mode":true,"campfire_choices":[{"data":"Anger","floor":6,"key":"SMITH"},{"floor":8,"key":"REST"},{"data":"Armaments","floor":12,"key":"SMITH"},{"floor":15,"key":"REST"},{"floor":23,"key":"REST"},{"floor":28,"key":"REST"},{"floor":30,"key":"REST"},{"data":"Brutality","floor":32,"key":"SMITH"}],"circlet_count":0,"master_deck":["Strike_R","Strike_R","Defend_R","Defend_R","Defend_R","Defend_R","Bash","Armaments+1","Rampage","Anger+1","Brutality+1","Cleave","Flex+1"],"relics":["Black Blood","Golden Idol","Darkstone Periapt","Nunchaku","ReplayTheSpireMod:CursedCoin","conspire:BottledYoYo","Smiling Mask","Du-Vu Doll","FaceOfCleric","hubris:64BitClover","hubris:HerbalPaste","hubris:SphereOfDissonance"],"acts_visited":["Exordium","TheCity"],"potions_floor_usage":[7,10,16,19,25,31],"damage_taken":[{"damage":11,"enemies":"Cultist","floor":1,"turns":4},{"damage":12,"enemies":"2 Louse","floor":2,"turns":3},{"damage":3,"enemies":"Jaw Worm","floor":3,"turns":4},{"damage":40,"enemies":"3 Sentries","floor":7,"turns":7},{"damage":17,"enemies":"Lots of Slimes","floor":10,"turns":5},{"damage":23,"enemies":"Exordium Thugs","floor":11,"turns":5},{"damage":6,"enemies":"Looter","floor":14,"turns":3},{"damage":59,"enemies":"Fading Forest","floor":16,"turns":11},{"damage":33,"enemies":"Spheric Guardian","floor":18,"turns":5},{"damage":62,"enemies":"conspire:MimicChest","floor":19,"turns":7},{"damage":16,"enemies":"Shell Parasite","floor":24,"turns":6},{"damage":43,"enemies":"Shelled Parasite and Fungi","floor":25,"turns":5},{"damage":39,"enemies":"Snake Plant","floor":29,"turns":4},{"damage":15,"enemies":"Snecko","floor":31,"turns":3},{"damage":94,"enemies":"Champ","floor":33,"turns":8}],"seed_played":"8811058945150905950","potions_obtained":[{"floor":2,"key":"Swift Potion"},{"floor":7,"key":"Adrenaline Potion"},{"floor":10,"key":"SpeedPotion"},{"floor":16,"key":"conspire:TimeTravelPotion"},{"floor":24,"key":"AttackPotion"},{"floor":29,"key":"SteroidPotion"}],"is_trial":false,"path_per_floor":["M","M","M","?","?","R","E","R","T","M","M","R","$","M","R","B",null,"M","?","?","?","$","R","M","M","T","$","R","M","R","M","R","B"],"character_chosen":"IRONCLAD","items_purchased":["ReplayTheSpireMod:CursedCoin","conspire:BottledYoYo","Smiling Mask","hubris:64BitClover","hubris:HerbalPaste"],"campfire_rested":5,"item_purchase_floors":[13,13,13,22,22],"current_hp_per_floor":[75,69,72,77,77,77,43,68,68,57,40,40,16,16,43,8,71,50,30,30,30,30,57,60,36,36,36,64,44,72,75,75,0,0],"gold":106,"neow_bonus":"TEN_PERCENT_HP_BONUS","is_daily":false,"chose_seed":false,"campfire_upgraded":3,"win_rate":0.0,"timestamp":1614404989,"path_taken":["M","M","M","?","?","R","E","R","T","M","M","R","?","?","R","BOSS","M","?","?","?","$","R","?","M","T","$","R","M","R","M","R","BOSS"],"items_purchased_type":["Relic","Relic","Relic","Relic","Relic"],"build_version":"2020-12-22","purchased_purges":4,"victory":false,"max_hp_per_floor":[88,88,88,93,86,86,86,86,86,86,86,86,92,92,92,92,92,92,92,92,92,92,92,93,94,94,94,94,95,95,96,96,96,96],"relic_stats":{"Darkstone Periapt":6,"Nunchaku":[13],"FaceOfCleric":4,"counters":[15,80],"Golden Idol":69,"Black Blood":120,"Smiling Mask":150,"obtain_stats":[{"Darkstone Periapt":7,"Golden Idol":5,"ReplayTheSpireMod:CursedCoin":13,"hubris:64BitClover":22,"Black Blood":17,"hubris:SphereOfDissonance":26,"Smiling Mask":13,"Burning Blood":0,"Du-Vu Doll":19,"Nunchaku":9,"hubris:HerbalPaste":22,"FaceOfCleric":21,"conspire:BottledYoYo":13},{"Darkstone Periapt":4,"Golden Idol":3,"ReplayTheSpireMod:CursedCoin":6,"hubris:64BitClover":10,"Black Blood":8,"hubris:SphereOfDissonance":12,"Smiling Mask":6,"Burning Blood":0,"Du-Vu Doll":10,"Nunchaku":4,"hubris:HerbalPaste":10,"FaceOfCleric":10,"conspire:BottledYoYo":6},{"Darkstone Periapt":18,"Golden Idol":11,"ReplayTheSpireMod:CursedCoin":28,"hubris:64BitClover":54,"Black Blood":42,"hubris:SphereOfDissonance":65,"Smiling Mask":28,"Burning Blood":0,"Du-Vu Doll":54,"Nunchaku":18,"hubris:HerbalPaste":54,"FaceOfCleric":54,"conspire:BottledYoYo":28}]},"card_choices":[{"not_picked":["Clash","Carnage"],"picked":"Armaments","floor":1},{"not_picked":["ReplayTheSpireMod:Strike From Hell","Heavy Blade"],"picked":"Rampage","floor":2},{"not_picked":["Iron Wave","Headbutt"],"picked":"Anger","floor":3},{"not_picked":["Spot Weakness","Feel No Pain","Twin Strike"],"picked":"SKIP","floor":7},{"not_picked":["Wild Strike","Thunderclap"],"picked":"Brutality","floor":10},{"not_picked":["Armaments","Run Through"],"picked":"Cleave","floor":11},{"not_picked":["ReplayTheSpireMod:LeadingStrike","Sever Soul","Clothesline"],"picked":"SKIP","floor":14},{"not_picked":["Perfected Strike+1","Iron Wave","Warcry"],"picked":"SKIP","floor":18},{"not_picked":["Flame Barrier+1","Sword Boomerang","Heavy Blade+1"],"picked":"SKIP","floor":24},{"not_picked":["Evolve","Seeing Red+1","Wild Strike"],"picked":"SKIP","floor":25},{"not_picked":["Armaments+1","Wild Strike","Twin Strike"],"picked":"SKIP","floor":29},{"not_picked":["hubris:CleavingFinish+1","Searing Blow+1"],"picked":"Flex+1","floor":31}],"player_experience":254318,"relics_obtained":[{"floor":7,"key":"Darkstone Periapt"},{"floor":9,"key":"Nunchaku"},{"floor":19,"key":"Du-Vu Doll"},{"floor":26,"key":"hubris:SphereOfDissonance"}],"event_choices":[{"damage_healed":0,"gold_gain":0,"player_choice":"Donut","damage_taken":0,"max_hp_gain":5,"max_hp_loss":0,"event_name":"Big Fish","floor":4,"gold_loss":0},{"damage_healed":0,"gold_gain":0,"player_choice":"Lose Max HP","damage_taken":0,"relics_obtained":["Golden Idol"],"max_hp_gain":0,"max_hp_loss":7,"event_name":"Golden Idol","floor":5,"gold_loss":0},{"damage_healed":0,"gold_gain":0,"player_choice":"Ignored","damage_taken":0,"max_hp_gain":0,"max_hp_loss":0,"event_name":"Cursed Tome","floor":20,"gold_loss":0},{"damage_healed":0,"gold_gain":0,"player_choice":"Trade","damage_taken":0,"relics_obtained":["FaceOfCleric"],"max_hp_gain":0,"max_hp_loss":0,"event_name":"FaceTrader","floor":21,"gold_loss":0}],"is_beta":false,"boss_relics":[{"not_picked":["conspire:RunicOctahedron","Empty Cage"],"picked":"Black Blood"}],"items_purged_floors":[13,22,22,27],"is_endless":false,"potions_floor_spawned":[2,7,10,16,24,29],"killed_by":"Champ","ascension_level":6}}