{"host":"3498uni0c31c9bdm","time":1614400270,"event":{"mods":["BaseMod","Better Match","Better Note","Better Sensory Stone","Better Skull","Better Third Choice","Colored Map","Minty Spire (QoL Compilation)","Quick Restart","RNG Fix","Random Character Button","Replay The Spire","Shop Mod","Smile Girya","StSLib","Unceasing Turn Reminder"],"gold_per_floor":[113,125,125,151,180,207,207,236,236,236,111,30,30,30,55,80,80,152,152,85,85,88,88,88,88,88,14,14,14,289,123,52,80,80,151,151,165,14,28,44,21,49,108,108,108,108,108,53,70,102,102,2,2,78,10,10,10],"floor_reached":56,"language":"ENG","playtime":4043,"items_purged":["Regret"],"score":1601,"play_id":"371246b5-2f87-4763-831b-747047db8902","local_time":"20210227153110","is_ascension_mode":true,"campfire_choices":[{"floor":7,"key":"REST"},{"floor":10,"key":"REST"},{"floor":17,"key":"REST"},{"floor":25,"key":"RECALL"},{"data":"ReplayTheSpireMod:Private Reserves","floor":29,"key":"SMITH"},{"floor":34,"key":"REST"},{"floor":44,"key":"REST"},{"floor":47,"key":"REST"},{"floor":51,"key":"REST"}],"circlet_count":0,"master_deck":["AscendersBane","Strike_P","Strike_P","Strike_P","Strike_P","Defend_P","Defend_P","Defend_P","Eruption","Vigilance","ReplayTheSpireMod:Private Reserves+1","CutThroughFate","PathToVictory","EmptyFist","FlyingSleeves","Replay:ManipulateFuture","TalkToTheHand","FlyingSleeves+1","WaveOfTheHand+1","JustLucky","Ragnarok","CommonCold","Languid","Replay:Cycle","TalkToTheHand","Prostrate","Prostrate","ForeignInfluence","EmptyBody","Wireheading","Alpha","WindmillStrike","ReplayTheSpireMod:IOU","ReplayTheSpireMod:IOU","Perseverance+1","FollowUp","ReplayTheSpireMod:IOU","ReplayTheSpireMod:IOU","ReplayTheSpireMod:IOU","ReplayTheSpireMod:IOU","ReplayTheSpireMod:Private Reserves+1","ReachHeaven","Alpha","PathToVictory","Replay:LoomingThreat","DevaForm","Weave","SignatureMove","BowlingBash","Consecrate","MentalFortress","ReplayTheSpireMod:IOU","ReplayTheSpireMod:IOU","ReplayTheSpireMod:IOU","ReplayTheSpireMod:IOU","ReplayTheSpireMod:IOU","Specialist","Wallop","ReplayTheSpireMod:IOU","ReplayTheSpireMod:IOU","WindmillStrike"],"relics":["PureWater","ReplayTheSpireMod:Ring of Challenge","Ring of Searing","Snack Pack","Replay:Bottled Steam","Replay:Ringing Soul","Replay:Wax Seal","Oddly Smooth Stone","Replay:Mystery Machine","Toy Ornithopter","Nunchaku","White Beast Statue","CloakClasp","ReplayTheSpireMod:TigerMarble","Question Card","Potion Belt","SacredBark","Quantum Egg","Art of War","Meat on the Bone","DollysMirror","Boot","Calipers","MerchantsRug","Strange Spoon"],"acts_visited":["Exordium","TheCity","TheBeyond","TheEnding"],"potions_floor_usage":[6,18,20,27,27,27,33,35,39,40,42,42,48,49,50,52,56,56],"damage_taken":[{"damage":0,"enemies":"2 Louse","floor":1,"turns":4},{"damage":2,"enemies":"Jaw Worm","floor":2,"turns":4},{"damage":9,"enemies":"Cultist","floor":4,"turns":3},{"damage":27,"enemies":"Exordium Thugs","floor":5,"turns":4},{"damage":12,"enemies":"Gremlin Nob","floor":6,"turns":3},{"damage":17,"enemies":"Lagavulin","floor":8,"turns":5},{"damage":24,"enemies":"3 Sentries","floor":16,"turns":7},{"damage":25,"enemies":"Fading Forest","floor":18,"turns":11},{"damage":40,"enemies":"3 Byrds","floor":20,"turns":6},{"damage":3,"enemies":"2 Thieves","floor":27,"turns":4},{"damage":17,"enemies":"Chosen and Byrds","floor":31,"turns":5},{"damage":27,"enemies":"Centurion and Healer","floor":32,"turns":11},{"damage":6,"enemies":"Sentry and Sphere","floor":33,"turns":3},{"damage":25,"enemies":"Champ","floor":35,"turns":7},{"damage":20,"enemies":"Orb Walker","floor":37,"turns":4},{"damage":27,"enemies":"3 Darklings","floor":39,"turns":6},{"damage":33,"enemies":"Jaw Worm Horde","floor":40,"turns":6},{"damage":21,"enemies":"R_Hoarder","floor":42,"turns":9},{"damage":43,"enemies":"Writhing Mass","floor":48,"turns":6},{"damage":27,"enemies":"Sphere and 2 Shapes","floor":49,"turns":4},{"damage":29,"enemies":"3 Darklings","floor":50,"turns":6},{"damage":138,"enemies":"Donu and Deca","floor":52,"turns":9},{"damage":189,"enemies":"Shield and Spear","floor":56,"turns":6}],"seed_played":"-7778114195527759842","potions_obtained":[{"floor":5,"key":"GamblersBrew"},{"floor":6,"key":"SpeedPotion"},{"floor":8,"key":"Energy Potion"},{"floor":16,"key":"BlessingOfTheForge"},{"floor":20,"key":"SkillPotion"},{"floor":26,"key":"EntropicBrew"},{"floor":27,"key":"CultistPotion"},{"floor":31,"key":"Weak Potion"},{"floor":32,"key":"GamblersBrew"},{"floor":33,"key":"LiquidBronze"},{"floor":35,"key":"Block Potion"},{"floor":39,"key":"StancePotion"},{"floor":40,"key":"FairyPotion"},{"floor":42,"key":"Fruit Juice"},{"floor":43,"key":"Ancient Potion"},{"floor":48,"key":"StancePotion"},{"floor":49,"key":"Dexterity Potion"},{"floor":50,"key":"SpeedPotion"}],"is_trial":false,"path_per_floor":["M","M","?","M","M","E","R","E","T","R","?","$","PTL","PTL","T","E","R","B",null,"M","?","$","T","?","R","?","M","T","R","?","M","M","M","R","B",null,"M","$","M","M","$","E","?","R","T","?","R","M","M","M","R","B",null,"R","$","E"],"character_chosen":"WATCHER","items_purchased":["Replay:Wax Seal","Oddly Smooth Stone","WaveOfTheHand+1","Prostrate","ReplayTheSpireMod:TigerMarble","Quantum Egg","Art of War","Meat on the Bone","DollysMirror","Calipers","MerchantsRug","LiquidBronze","Specialist","Wallop","ColorlessPotion","Strange Spoon","WindmillStrike"],"campfire_rested":7,"item_purchase_floors":[12,12,12,22,22,38,41,41,41,55,55,55,55,55,55,55,55],"current_hp_per_floor":[61,59,59,50,23,11,31,16,16,36,39,42,42,42,42,23,46,59,78,50,53,56,56,56,56,56,75,75,75,78,68,54,58,90,75,101,90,93,78,55,58,74,22,67,67,34,81,66,67,66,116,101,147,147,150,0,0],"gold":10,"neow_bonus":"RANDOM_COLORLESS","is_daily":false,"chose_seed":false,"campfire_upgraded":1,"win_rate":0.0,"timestamp":1614400270,"path_taken":["M","M","?","M","M","E","R","E","T","R","?","?","PTL","PTL","?","E","R","BOSS","M","?","$","?","?","R","?","?","T","R","?","M","M","M","R","BOSS","M","$","M","M","$","E","?","R","T","?","R","M","?","M","R","BOSS","R","$","E"],"items_purchased_type":["Relic","Relic","Card","Card","Relic","Relic","Relic","Relic","Relic","Relic","Relic","Potion","Card","Card","Potion","Relic","Card"],"build_version":"2020-12-22","purchased_purges":1,"victory":false,"max_hp_per_floor":[68,68,68,68,68,68,68,68,68,68,71,74,74,74,74,77,77,80,83,86,89,92,92,92,92,92,95,95,95,98,101,104,107,107,110,110,113,116,119,122,125,138,141,144,144,147,150,153,156,159,162,162,162,162,165,165,165],"card_choices":[{"not_picked":["Forethought","Dark Shackles"],"picked":"ReplayTheSpireMod:Private Reserves","floor":0},{"not_picked":["Prostrate","EmptyMind"],"picked":"CutThroughFate","floor":1},{"not_picked":["MentalFortress","ThirdEye"],"picked":"PathToVictory","floor":2},{"not_picked":["Replay:Battleflow","Evaluate"],"picked":"EmptyFist","floor":4},{"not_picked":["Meditate","Replay:AtTheReady"],"picked":"FlyingSleeves","floor":5},{"not_picked":["Protect","Replay:Cycle"],"picked":"Replay:ManipulateFuture","floor":6},{"not_picked":["Wish","Replay:AtTheReady"],"picked":"TalkToTheHand","floor":8},{"not_picked":["Crescendo+1","JustLucky+1"],"picked":"FlyingSleeves+1","floor":11},{"not_picked":["Replay:Hum","Replay:Vibes"],"picked":"JustLucky","floor":16},{"not_picked":["Brilliance","Scrawl"],"picked":"Ragnarok","floor":18},{"not_picked":["Spreading Infection","Doubt"],"picked":"CommonCold","floor":19},{"not_picked":["Sickly","Spreading Infection"],"picked":"ReplayTheSpireMod:IOU","floor":19},{"not_picked":["Voices","Normality"],"picked":"Languid","floor":19},{"not_picked":["Study","Replay:ManipulateFuture"],"picked":"Replay:Cycle","floor":20},{"not_picked":["Protect","Wireheading","Weave+1"],"picked":"Prostrate","floor":27},{"not_picked":["Protect","EmptyFist","FlyingSleeves"],"picked":"ForeignInfluence","floor":31},{"not_picked":["FlyingSleeves","Evaluate","Consecrate+1"],"picked":"EmptyBody","floor":32},{"not_picked":["EmptyBody+1","FearNoEvil","Replay:Battleflow"],"picked":"Wireheading","floor":33},{"not_picked":["DeusExMachina","Brilliance","Devotion"],"picked":"Alpha","floor":35},{"not_picked":["ThirdEye","Prostrate","CutThroughFate"],"picked":"WindmillStrike","floor":37},{"not_picked":["Prostrate+1","Protect","ThirdEye"],"picked":"Perseverance+1","floor":39},{"not_picked":["CutThroughFate","FlyingSleeves+1","Replay:ManipulateFuture"],"picked":"FollowUp","floor":40},{"not_picked":["Fasting2","Consecrate","Replay:AtTheReady+1"],"picked":"ReachHeaven","floor":42},{"not_picked":["CrushJoints","CutThroughFate+1","Evaluate"],"picked":"Alpha","floor":43},{"not_picked":["InnerPeace","CutThroughFate","Evaluate"],"picked":"PathToVictory","floor":43},{"not_picked":["Replay:AtTheReady","Protect","DeceiveReality"],"picked":"Replay:LoomingThreat","floor":44},{"not_picked":["Replay:Battleflow+1","WheelKick","EmptyFist"],"picked":"Weave","floor":47},{"not_picked":["CutThroughFate","Consecrate+1","JustLucky"],"picked":"SignatureMove","floor":48},{"not_picked":["Replay:ManipulateFuture","Meditate","Sanctity"],"picked":"BowlingBash","floor":49},{"not_picked":["Fasting2","SashWhip","BowlingBash"],"picked":"Consecrate","floor":50},{"not_picked":["ClearTheMind","Replay:AtTheReady","ForeignInfluence+1"],"picked":"MentalFortress","floor":51}],"player_experience":949908,"relics_obtained":[{"floor":3,"key":"ReplayTheSpireMod:Ring of Challenge"},{"floor":3,"key":"Ring of Searing"},{"floor":6,"key":"Snack Pack"},{"floor":8,"key":"Replay:Bottled Steam"},{"floor":9,"key":"Replay:Ringing Soul"},{"floor":15,"key":"Replay:Mystery Machine"},{"floor":16,"key":"Toy Ornithopter"},{"floor":23,"key":"Question Card"},{"floor":28,"key":"Potion Belt"},{"floor":42,"key":"Dream Catcher"},{"floor":43,"key":"Boot"},{"floor":50,"key":"Replay:Multitool"}],"event_choices":[{"damage_healed":0,"gold_gain":0,"player_choice":"2","damage_taken":0,"max_hp_gain":0,"max_hp_loss":0,"event_name":"betterMatch:BetterMatch","floor":11,"gold_loss":0,"cards_obtained":["betterMatch:CommonCard"]},{"damage_healed":0,"gold_gain":0,"cards_transformed":["Defend_P"],"player_choice":"Transformed","damage_taken":0,"max_hp_gain":0,"max_hp_loss":0,"event_name":"Transmorgrifier","floor":21,"gold_loss":0,"cards_obtained":["TalkToTheHand"]},{"damage_healed":0,"gold_gain":0,"player_choice":"Ignored","damage_taken":0,"max_hp_gain":0,"max_hp_loss":0,"event_name":"Vampires","floor":24,"gold_loss":0},{"damage_healed":0,"gold_gain":0,"player_choice":"Got Potions","damage_taken":0,"max_hp_gain":0,"max_hp_loss":0,"event_name":"Lab","floor":26,"gold_loss":0},{"damage_healed":0,"gold_gain":275,"player_choice":"Desecrate","damage_taken":0,"max_hp_gain":0,"max_hp_loss":0,"event_name":"Golden Shrine","floor":30,"gold_loss":0,"cards_obtained":["Regret"]},{"damage_healed":0,"gold_gain":3,"player_choice":"2","damage_taken":0,"max_hp_gain":0,"max_hp_loss":36,"event_name":"betterStone:BetterStone","floor":46,"gold_loss":0}],"is_beta":false,"boss_relics":[{"not_picked":["Runic Pyramid","ReplayTheSpireMod:DimensionalGlitch"],"picked":"Replay:Ancient Bell"},{"not_picked":["Akabeko","Smiling Mask"],"picked":"Nunchaku"},{"not_picked":["Mercury Hourglass","Shuriken"],"picked":"White Beast Statue"},{"not_picked":["Durian","GoldenEye"],"picked":"CloakClasp"},{"not_picked":["Snecko Eye","Painkiller Herb"],"picked":"SacredBark"}],"items_purged_floors":[38],"is_endless":false,"potions_floor_spawned":[5,6,8,16,20,27,31,32,33,35,37,39,40,42,48,49,50],"killed_by":"Shield and Spear","ascension_level":16}}