{"host":"l790j1oe6pn5fhrm","time":1614458833,"event":{"mods":["AchievementEnabler","BaseMod","Colored Map","Colored Powertips","Downfall","GifTheSpireLib","Highlight Path","Minty Spire (QoL Compilation)","Rare Cards Sparkle","StSLib"],"gold_per_floor":[113,131,111,130,130,163,163,163,190,213,213,213],"floor_reached":11,"language":"ENG","playtime":332,"items_purged":[],"score":77,"play_id":"458a0f94-76c5-4355-9c97-24ee0f1b8343","local_time":"20210227214713","is_ascension_mode":true,"campfire_choices":[{"floor":7,"key":"REST"}],"circlet_count":0,"master_deck":["Strike_P","Strike_P","Strike_P","Defend_P","Defend_P","Defend_P","Eruption","Vigilance","Prostrate","EmptyBody","Prostrate"],"relics":["PureWater","Golden Idol","Bottled Lightning","HornCleat","Regal Pillow"],"acts_visited":["Exordium"],"potions_floor_usage":[6,11],"damage_taken":[{"damage":0,"enemies":"Jaw Worm","floor":1,"turns":3},{"damage":0,"enemies":"Cultist","floor":2,"turns":2},{"damage":0,"enemies":"Small Slimes","floor":4,"turns":3},{"damage":29,"enemies":"Lagavulin","floor":6,"turns":10},{"damage":0,"enemies":"Exordium Wildlife","floor":10,"turns":6},{"damage":40,"enemies":"Gremlin Nob","floor":11,"turns":4}],"seed_played":"-7933845259402655830","potions_obtained":[{"floor":2,"key":"Strength Potion"},{"floor":3,"key":"BottledMiracle"},{"floor":6,"key":"PowerPotion"}],"is_trial":false,"path_per_floor":["M","M","?","M","?","E","R","T","T","M","E"],"character_chosen":"WATCHER","items_purchased":[],"campfire_rested":1,"item_purchase_floors":[],"current_hp_per_floor":[51,51,51,51,51,22,42,42,42,42,2,2],"gold":213,"neow_bonus":"REMOVE_TWO","is_daily":false,"chose_seed":false,"campfire_upgraded":0,"win_rate":0.0,"timestamp":1614458833,"path_taken":["M","M","?","?","?","E","R","?","T","?","E"],"items_purchased_type":[],"build_version":"2020-12-22","purchased_purges":0,"victory":false,"max_hp_per_floor":[72,72,72,72,67,67,67,67,67,67,67,67],"card_choices":[{"not_picked":["ThirdEye","Fasting2","CutThroughFate"],"picked":"SKIP","floor":1},{"not_picked":["Crescendo","JustLucky"],"picked":"Prostrate","floor":2},{"not_picked":["LikeWater","Consecrate"],"picked":"EmptyBody","floor":4},{"not_picked":["Evaluate","Meditate"],"picked":"Prostrate","floor":6},{"not_picked":["PathToVictory","JustLucky","Perseverance"],"picked":"SKIP","floor":10}],"player_experience":1264187,"relics_obtained":[{"floor":6,"key":"Bottled Lightning"},{"floor":8,"key":"HornCleat"},{"floor":9,"key":"Regal Pillow"}],"event_choices":[{"damage_healed":0,"gold_gain":0,"player_choice":"Bought 1 Potion","damage_taken":0,"max_hp_gain":0,"max_hp_loss":0,"event_name":"The Woman in Blue","floor":3,"gold_loss":0},{"damage_healed":0,"gold_gain":0,"player_choice":"Lose Max HP","damage_taken":0,"relics_obtained":["Golden Idol"],"max_hp_gain":0,"max_hp_loss":5,"event_name":"Golden Idol","floor":5,"gold_loss":0}],"is_beta":false,"boss_relics":[],"items_purged_floors":[],"is_endless":false,"potions_floor_spawned":[2,6],"killed_by":"Gremlin Nob","ascension_level":1}}