{"host":"q4axc00jr2bozlh9","time":1614415121,"event":{"mods":["AchievementEnabler","BaseMod","Bestiary","Block Reminder","Colored Map","Colored Powertips","Curses Come First","Minty Spire (QoL Compilation)","Permanent Neow","Quick Restart","Rare Cards Sparkle","Relic Stats","StSLib","SuperFastMode","UnlockEverythingMod","Weighted Paths"],"gold_per_floor":[117,128,142,317,330,330,362,382,405,405,405,405,441,455,455,455,455],"floor_reached":16,"language":"ENG","playtime":728,"items_purged":[],"score":112,"play_id":"b9b96f75-b8ca-447c-964d-3b8771f22f05","local_time":"20210227093841","is_ascension_mode":false,"campfire_choices":[{"data":"True Grit","floor":6,"key":"SMITH"},{"data":"Metallicize","floor":10,"key":"SMITH"},{"floor":15,"key":"REST"}],"circlet_count":0,"master_deck":["Strike_R","Strike_R","Strike_R+1","Strike_R","Strike_R","Defend_R","Defend_R","Defend_R","Defend_R","Bash","True Grit+1","Metallicize+1","Intimidate+1","Doubt","Clash","Shrug It Off","Injury","Battle Trance"],"relics":["Burning Blood","Meat on the Bone","Ancient Tea Set","Golden Idol","Art of War"],"acts_visited":[],"potions_floor_usage":[13,13,16],"damage_taken":[{"damage":6,"enemies":"Jaw Worm","floor":1,"turns":4},{"damage":5,"enemies":"Small Slimes","floor":2,"turns":3},{"damage":0,"enemies":"2 Louse","floor":3,"turns":5},{"damage":10,"enemies":"Blue Slaver","floor":5,"turns":9},{"damage":29,"enemies":"3 Sentries","floor":7,"turns":13},{"damage":2,"enemies":"Looter","floor":8,"turns":3},{"damage":54,"enemies":"Gremlin Nob","floor":13,"turns":7},{"damage":25,"enemies":"Gremlin Gang","floor":14,"turns":8},{"damage":65,"enemies":"Hexaghost","floor":16,"turns":11}],"seed_played":"-6212823436419611432","potions_obtained":[{"floor":3,"key":"Regen Potion"},{"floor":8,"key":"BloodPotion"},{"floor":13,"key":"SpeedPotion"},{"floor":14,"key":"SkillPotion"}],"is_trial":false,"path_per_floor":["M","M","M","?","M","R","E","M","T","R","?","?","E","M","R","B"],"character_chosen":"IRONCLAD","items_purchased":[],"campfire_rested":1,"item_purchase_floors":[],"current_hp_per_floor":[88,88,88,88,84,84,61,65,65,65,47,47,43,36,62,0,0],"gold":455,"neow_bonus":"TEN_PERCENT_HP_BONUS","is_daily":false,"chose_seed":false,"campfire_upgraded":2,"win_rate":0.0,"timestamp":1614415121,"path_taken":["M","M","M","?","M","R","E","M","T","R","?","?","E","M","R","BOSS"],"items_purchased_type":[],"build_version":"2020-12-22","purchased_purges":0,"victory":false,"max_hp_per_floor":[88,88,88,88,88,88,88,88,88,88,88,88,88,88,88,88,88],"relic_stats":{"counters":[9,63],"Golden Idol":10,"Art of War":[0],"obtain_stats":[{"Golden Idol":12,"Art of War":13,"Ancient Tea Set":9,"Burning Blood":0,"Meat on the Bone":7},{"Golden Idol":6,"Art of War":7,"Ancient Tea Set":6,"Burning Blood":0,"Meat on the Bone":5},{"Golden Idol":37,"Art of War":44,"Ancient Tea Set":37,"Burning Blood":0,"Meat on the Bone":34}],"Burning Blood":41,"Meat on the Bone":24},"card_choices":[{"not_picked":["Sword Boomerang","Body Slam"],"picked":"True Grit","floor":1},{"not_picked":["Headbutt","Sword Boomerang"],"picked":"Metallicize","floor":2},{"not_picked":["Anger","Shockwave"],"picked":"Intimidate","floor":3},{"not_picked":["Headbutt","Hemokinesis"],"picked":"Clash","floor":5},{"not_picked":["Heavy Blade","Evolve","Warcry"],"picked":"SKIP","floor":7},{"not_picked":["Sentinel","Warcry"],"picked":"Shrug It Off","floor":8},{"not_picked":["Heavy Blade","Headbutt"],"picked":"Battle Trance","floor":13},{"not_picked":["Warcry","Searing Blow","Clash"],"picked":"SKIP","floor":14}],"player_experience":304723,"relics_obtained":[{"floor":7,"key":"Meat on the Bone"},{"floor":9,"key":"Ancient Tea Set"},{"floor":13,"key":"Art of War"}],"event_choices":[{"damage_healed":0,"gold_gain":175,"player_choice":"AGREE","damage_taken":0,"max_hp_gain":0,"max_hp_loss":0,"event_name":"Liars Game","floor":4,"gold_loss":0,"cards_obtained":["Doubt"]},{"damage_healed":0,"gold_gain":0,"player_choice":"Entered Light","damage_taken":18,"max_hp_gain":0,"max_hp_loss":0,"event_name":"Shining Light","floor":11,"gold_loss":0,"cards_upgraded":["Intimidate","Strike_R"]},{"damage_healed":0,"gold_gain":0,"player_choice":"Take Wound","damage_taken":0,"relics_obtained":["Golden Idol"],"max_hp_gain":0,"max_hp_loss":0,"event_name":"Golden Idol","floor":12,"gold_loss":0,"cards_obtained":["Injury"]}],"is_beta":false,"boss_relics":[],"items_purged_floors":[],"is_endless":false,"potions_floor_spawned":[3,8,13,14],"killed_by":"Hexaghost","ascension_level":0}}