{"host":"28wgp68li8o525n6","time":1614439647,"event":{"mods":["BaseMod","Minty Spire (QoL Compilation)","Reliquary","StSLib","The Marked","Trackpad"],"gold_per_floor":[110,210,228,244,258,69,69,82,133,163,180,180,180,180,180,300,300,313,303,5,21,21,59,74,74,98,137,137,155,155,174,174,300,300,321,321,369,109,122,122,122,146,146,71,94,94,135,135,135,135],"floor_reached":51,"language":"ENG","playtime":3180,"items_purged":["Strike_G","Strike_G","Strike_G","Strike_G"],"score":692,"play_id":"a733fd10-5de4-4f48-95a3-e1c420d759f0","local_time":"20210227162727","is_ascension_mode":false,"campfire_choices":[{"data":"Neutralize","floor":7,"key":"SMITH"},{"data":"Terror","floor":12,"key":"SMITH"},{"floor":15,"key":"REST"},{"floor":25,"key":"REST"},{"floor":32,"key":"REST"},{"data":"Burst","floor":40,"key":"SMITH"},{"floor":46,"key":"REST"},{"floor":49,"key":"REST"}],"circlet_count":0,"master_deck":["Strike_G","Defend_G+1","Defend_G+1","Defend_G","Defend_G","Defend_G","Survivor","Neutralize+1","Quick Slash","Footwork+1","Poisoned Stab","Terror+1","Accuracy+1","Blade Dance","Accuracy","RitualDagger+1","Corpse Explosion","Dodge and Roll+1","Crippling Poison+1","Infinite Blades","Burst+1"],"relics":["Ring of the Snake","NeowsBlessing","Membership Card","reliquary:Knoch","StrikeDummy","Golden Idol","reliquary:Ember","Paper Crane","Molten Egg 2","reliquary:PartyBalloon","Ancient Tea Set","Vajra","MutagenicStrength","SlaversCollar","reliquary:SilkGlove","reliquary:Buckler","ClockworkSouvenir","trackpad:HandOfMidas","trackpad:FieryHotPepper"],"acts_visited":["Exordium","TheCity","TheBeyond"],"potions_floor_usage":[10,16,21,23,23,27,29,45,50,50,50,50,50],"damage_taken":[{"damage":0,"enemies":"Small Slimes","floor":1,"turns":1},{"damage":0,"enemies":"Cultist","floor":3,"turns":1},{"damage":0,"enemies":"Jaw Worm","floor":4,"turns":1},{"damage":2,"enemies":"3 Louse","floor":5,"turns":4},{"damage":5,"enemies":"Exordium Thugs","floor":8,"turns":4},{"damage":1,"enemies":"Lagavulin","floor":10,"turns":8},{"damage":0,"enemies":"2 Fungi Beasts","floor":11,"turns":3},{"damage":38,"enemies":"Slime Boss","floor":16,"turns":16},{"damage":3,"enemies":"Shell Parasite","floor":18,"turns":5},{"damage":4,"enemies":"2 Thieves","floor":19,"turns":4},{"damage":15,"enemies":"Cultist and Chosen","floor":21,"turns":6},{"damage":20,"enemies":"Gremlin Leader","floor":23,"turns":8},{"damage":13,"enemies":"Shelled Parasite and Fungi","floor":24,"turns":6},{"damage":13,"enemies":"Book of Stabbing","floor":27,"turns":5},{"damage":0,"enemies":"Snecko","floor":29,"turns":6},{"damage":8,"enemies":"Centurion and Healer","floor":31,"turns":9},{"damage":32,"enemies":"Collector","floor":33,"turns":10},{"damage":19,"enemies":"3 Darklings","floor":35,"turns":4},{"damage":0,"enemies":"3 Shapes","floor":39,"turns":4},{"damage":17,"enemies":"Maw","floor":42,"turns":7},{"damage":9,"enemies":"Transient","floor":45,"turns":5},{"damage":17,"enemies":"Nemesis","floor":47,"turns":5},{"damage":16,"enemies":"Time Eater","floor":50,"turns":5}],"seed_played":"-4147049090258295490","potions_obtained":[{"floor":8,"key":"Poison Potion"},{"floor":11,"key":"Poison Potion"},{"floor":16,"key":"Weak Potion"},{"floor":19,"key":"Regen Potion"},{"floor":21,"key":"CunningPotion"},{"floor":24,"key":"Swift Potion"},{"floor":27,"key":"Swift Potion"},{"floor":33,"key":"LiquidBronze"},{"floor":42,"key":"Swift Potion"},{"floor":45,"key":"AttackPotion"},{"floor":47,"key":"Strength Potion"}],"is_trial":false,"path_per_floor":["M","?","M","M","M","$","R","M","T","E","M","R","?","?","R","B",null,"M","M","$","M","?","E","M","R","T","E","?","M","?","M","R","B",null,"M","?","T","$","M","R","?","M","T","$","M","R","E","?","R","B",null],"character_chosen":"THE_SILENT","items_purchased":["Membership Card","Paper Crane","Molten Egg 2","reliquary:Buckler","ClockworkSouvenir","EntropicBrew"],"campfire_rested":5,"item_purchase_floors":[6,20,20,38,38,38],"current_hp_per_floor":[70,70,70,70,68,68,68,63,63,62,62,62,45,31,52,14,70,67,63,63,63,57,37,24,45,45,32,32,32,32,24,45,13,70,51,51,51,51,51,51,51,34,34,34,25,46,29,29,50,34],"gold":135,"neow_bonus":"THREE_ENEMY_KILL","is_daily":false,"chose_seed":false,"campfire_upgraded":3,"win_rate":0.0,"timestamp":1614439647,"path_taken":["M","?","M","M","?","$","R","M","T","E","M","R","?","?","R","BOSS","M","M","$","M","?","E","M","R","T","E","?","M","?","M","R","BOSS","M","?","?","$","?","R","?","M","T","$","M","R","E","?","R","BOSS"],"items_purchased_type":["Relic","Relic","Relic","Relic","Relic","Potion"],"build_version":"2020-12-22","purchased_purges":4,"victory":true,"max_hp_per_floor":[70,70,70,70,70,70,70,70,70,70,70,70,70,70,70,70,70,70,70,70,70,70,70,70,70,70,70,70,70,70,70,70,70,70,70,70,70,70,70,70,70,70,70,70,70,70,70,70,70,70],"card_choices":[{"not_picked":["Cloak And Dagger","Acrobatics"],"picked":"Quick Slash","floor":1},{"not_picked":["Deadly Poison","Sucker Punch"],"picked":"Footwork","floor":3},{"not_picked":["Heel Hook","Prepared","Riddle With Holes"],"picked":"SKIP","floor":4},{"not_picked":["Cloak And Dagger","Prepared"],"picked":"Poisoned Stab","floor":5},{"not_picked":["Escape Plan","Tactician"],"picked":"Terror","floor":8},{"not_picked":["Slice","Cloak And Dagger","PiercingWail"],"picked":"SKIP","floor":10},{"not_picked":["Escape Plan","Underhanded Strike"],"picked":"Accuracy","floor":11},{"not_picked":["Venomology","Grand Finale"],"picked":"A Thousand Cuts","floor":16},{"not_picked":["Riddle With Holes","Dagger Spray+1"],"picked":"Blade Dance","floor":18},{"not_picked":["Bane","Dodge and Roll","Underhanded Strike"],"picked":"SKIP","floor":19},{"not_picked":["PiercingWail","Expertise"],"picked":"Accuracy","floor":21},{"not_picked":["Tactician+1","Dagger Spray+1"],"picked":"Corpse Explosion","floor":23},{"not_picked":["PiercingWail","Well Laid Plans"],"picked":"Dodge and Roll+1","floor":24},{"not_picked":["Calculated Gamble+1","Tactician","Catalyst+1"],"picked":"SKIP","floor":27},{"not_picked":["Deadly Poison","Poisoned Stab+1"],"picked":"Crippling Poison+1","floor":29},{"not_picked":["Outmaneuver+1","Deadly Poison"],"picked":"Infinite Blades","floor":31},{"not_picked":["Bullet Time","A Thousand Cuts"],"picked":"Burst","floor":33},{"not_picked":["Terror","PiercingWail","Flying Knee+1"],"picked":"SKIP","floor":35},{"not_picked":["Acrobatics","Heel Hook+1","Dagger Spray+1"],"picked":"SKIP","floor":39},{"not_picked":["Deadly Poison","Poisoned Stab+1","Dagger Throw+1"],"picked":"SKIP","floor":42},{"not_picked":["Slice+1","Catalyst+1","Sucker Punch+1"],"picked":"SKIP","floor":45},{"not_picked":["Slice+1","PiercingWail","Heel Hook+1"],"picked":"SKIP","floor":47}],"player_experience":789115,"relics_obtained":[{"floor":9,"key":"reliquary:Knoch"},{"floor":10,"key":"StrikeDummy"},{"floor":23,"key":"reliquary:PartyBalloon"},{"floor":26,"key":"Ancient Tea Set"},{"floor":27,"key":"Vajra"},{"floor":37,"key":"reliquary:SilkGlove"},{"floor":43,"key":"trackpad:HandOfMidas"},{"floor":47,"key":"trackpad:FieryHotPepper"}],"event_choices":[{"damage_healed":0,"gold_gain":100,"player_choice":"Gold","damage_taken":0,"max_hp_gain":0,"max_hp_loss":0,"event_name":"Wheel of Change","floor":2,"gold_loss":0},{"damage_healed":0,"gold_gain":0,"player_choice":"Take Damage","damage_taken":17,"relics_obtained":["Golden Idol"],"max_hp_gain":0,"max_hp_loss":0,"event_name":"Golden Idol","floor":13,"gold_loss":0},{"damage_healed":0,"gold_gain":0,"player_choice":"Entered Light","damage_taken":14,"max_hp_gain":0,"max_hp_loss":0,"event_name":"Shining Light","floor":14,"gold_loss":0,"cards_upgraded":["Defend_G","Defend_G"]},{"damage_healed":0,"gold_gain":0,"player_choice":"Joined the Cult","damage_taken":6,"max_hp_gain":0,"max_hp_loss":0,"event_name":"Nest","floor":22,"gold_loss":0,"cards_obtained":["RitualDagger"]},{"damage_healed":0,"gold_gain":0,"player_choice":"Ignored","damage_taken":0,"max_hp_gain":0,"max_hp_loss":0,"event_name":"Vampires","floor":28,"gold_loss":0},{"damage_healed":0,"gold_gain":0,"player_choice":"Inject Mutagens","damage_taken":0,"relics_obtained":["MutagenicStrength"],"max_hp_gain":0,"max_hp_loss":0,"event_name":"Drug Dealer","floor":30,"gold_loss":0},{"damage_healed":0,"gold_gain":0,"player_choice":"Ignored","damage_taken":0,"max_hp_gain":0,"max_hp_loss":0,"event_name":"Tomb of Lord Red Mask","floor":36,"gold_loss":0},{"cards_removed":["A Thousand Cuts"],"damage_healed":0,"gold_gain":0,"player_choice":"Removed Power","damage_taken":0,"max_hp_gain":0,"max_hp_loss":0,"event_name":"Falling","floor":41,"gold_loss":0},{"damage_healed":0,"gold_gain":0,"player_choice":"Memory 1","damage_taken":0,"max_hp_gain":0,"max_hp_loss":0,"event_name":"SensoryStone","floor":48,"gold_loss":0}],"is_beta":false,"boss_relics":[{"not_picked":["trackpad:Trackpad","Runic Dome"],"picked":"reliquary:Ember"},{"not_picked":["reliquary:ThirdArm","Philosopher\u0027s Stone"],"picked":"SlaversCollar"}],"items_purged_floors":[6,20,38,44],"is_endless":false,"potions_floor_spawned":[8,11,16,19,21,24,27,33,42,45,47],"ascension_level":0}}