{"host":"mqhvlr3kpxebko0t","time":1614450186,"event":{"mods":["AchievementEnabler","BaseMod","Colored Map","Colored Powertips","KOR Keyword Fix","Keyboard Shortcuts","Minty Spire (QoL Compilation)","StSLib","SuperFastMode"],"gold_per_floor":[117,132,132,132,149,149,149,180,180,180,199,199,228,251,251,251,251],"floor_reached":16,"language":"KOR","playtime":178,"items_purged":[],"score":204,"play_id":"6935fd2c-858b-4716-bc1e-5e2b5bd31d2f","local_time":"20210228032306","is_ascension_mode":true,"campfire_choices":[{"data":"Immolate","floor":6,"key":"SMITH"},{"data":"Pommel Strike","floor":10,"key":"SMITH"},{"data":"Shockwave","floor":15,"key":"SMITH"}],"circlet_count":0,"master_deck":["AscendersBane","Strike_R","Strike_R","Strike_R","Strike_R","Defend_R","Defend_R","Defend_R","Defend_R","Bash","Immolate+1","Shockwave+1","Rage","Pommel Strike+1","Shrug It Off","Disarm","Shrug It Off"],"relics":["Burning Blood","Pear","Bag of Preparation","CeramicFish"],"acts_visited":["Exordium"],"potions_floor_usage":[16],"damage_taken":[{"damage":3,"enemies":"2 Louse","floor":1,"turns":2},{"damage":7,"enemies":"Small Slimes","floor":2,"turns":3},{"damage":4,"enemies":"Cultist","floor":5,"turns":4},{"damage":32,"enemies":"Gremlin Nob","floor":8,"turns":4},{"damage":0,"enemies":"3 Louse","floor":11,"turns":1},{"damage":0,"enemies":"Gremlin Gang","floor":13,"turns":1},{"damage":0,"enemies":"2 Fungi Beasts","floor":14,"turns":1},{"damage":52,"enemies":"Hexaghost","floor":16,"turns":12}],"seed_played":"-5160288027330822008","potions_obtained":[{"floor":2,"key":"LiquidBronze"},{"floor":8,"key":"SneckoOil"},{"floor":12,"key":"Weak Potion"},{"floor":12,"key":"DuplicationPotion"}],"is_trial":false,"path_per_floor":["M","M","?","?","M","R","?","E","T","R","M","?","M","M","R","B"],"character_chosen":"IRONCLAD","items_purchased":[],"campfire_rested":0,"item_purchase_floors":[],"current_hp_per_floor":[53,52,52,48,50,50,60,34,34,34,40,40,46,52,52,0,0],"gold":251,"neow_bonus":"THREE_RARE_CARDS","is_daily":false,"chose_seed":false,"campfire_upgraded":3,"win_rate":0.0,"timestamp":1614450186,"path_taken":["M","M","?","?","?","R","?","E","T","R","?","?","?","M","R","BOSS"],"items_purchased_type":[],"build_version":"2020-12-22","purchased_purges":0,"victory":false,"max_hp_per_floor":[75,75,75,75,75,75,85,85,85,85,85,85,85,85,85,85,85],"card_choices":[{"not_picked":["Corruption","Offering"],"picked":"Immolate","floor":0},{"not_picked":["Thunderclap","Headbutt","Power Through"],"picked":"SKIP","floor":1},{"not_picked":["Body Slam","Wild Strike"],"picked":"Shockwave","floor":2},{"not_picked":["Iron Wave","Warcry","Twin Strike"],"picked":"SKIP","floor":5},{"not_picked":["Dark Embrace","Dropkick"],"picked":"Pommel Strike","floor":8},{"not_picked":["Warcry","Heavy Blade"],"picked":"Shrug It Off","floor":11},{"not_picked":["Clash","Warcry"],"picked":"Disarm","floor":13},{"not_picked":["Sword Boomerang","Clothesline"],"picked":"Shrug It Off","floor":14}],"player_experience":726202,"relics_obtained":[{"floor":8,"key":"Bag of Preparation"},{"floor":9,"key":"CeramicFish"}],"event_choices":[{"damage_healed":0,"gold_gain":0,"cards_transformed":["Strike_R"],"player_choice":"Change","damage_taken":0,"max_hp_gain":0,"max_hp_loss":0,"event_name":"Living Wall","floor":3,"gold_loss":0,"cards_obtained":["Rage"]},{"damage_healed":0,"gold_gain":0,"player_choice":"Bought 0 Potions","damage_taken":0,"max_hp_gain":0,"max_hp_loss":0,"event_name":"The Woman in Blue","floor":4,"gold_loss":0},{"damage_healed":0,"gold_gain":0,"player_choice":"Gave Potion","damage_taken":0,"relics_obtained":["Pear"],"max_hp_gain":0,"max_hp_loss":0,"event_name":"WeMeetAgain","floor":7,"gold_loss":0},{"damage_healed":0,"gold_gain":0,"player_choice":"Got Potions","damage_taken":0,"max_hp_gain":0,"max_hp_loss":0,"event_name":"Lab","floor":12,"gold_loss":0}],"is_beta":false,"boss_relics":[],"items_purged_floors":[],"is_endless":false,"potions_floor_spawned":[2,8],"killed_by":"Hexaghost","ascension_level":20}}