{"host":"os9owiyb0rak6c8n","time":1614431717,"event":{"mods":["AchievementEnabler","Astrologer","BaseMod","Beaked The Cultist","Better Third Choice","Block Reminder","Colored Map","Colored Powertips","Curses Come First","Dio Mod","Minty Spire (QoL Compilation)","Shapeshifter Mod","Spicy Shops","StSLib","The Death Knight","The Necromancer"],"gold_per_floor":[111,188,34,34,47,47,82,32,57,72,84,112,112,112,112,208,208,222,10,10,27,44,77,87,107,132,32,32,60,60,60,60,159,159,177,312,322,322,322,322],"floor_reached":39,"language":"ENG","playtime":2813,"items_purged":["DeathKnight:Strike_DeathKnight","DeathKnight:Strike_DeathKnight"],"score":678,"play_id":"844dd76d-59a6-45fc-976c-c05eb66e8202","local_time":"20210227141517","is_ascension_mode":true,"campfire_choices":[{"data":"DeathKnight:FoulBulwark","floor":6,"key":"SMITH"},{"data":"DeathKnight:PathOfFrost","floor":15,"key":"SMITH"},{"floor":28,"key":"REST"},{"floor":30,"key":"REST"},{"floor":32,"key":"REST"}],"circlet_count":0,"master_deck":["DeathKnight:Strike_DeathKnight+1","DeathKnight:Strike_DeathKnight","DeathKnight:Defend_DeathKnight","DeathKnight:Defend_DeathKnight","DeathKnight:Defend_DeathKnight","DeathKnight:Defend_DeathKnight","DeathKnight:Defend_DeathKnight","DeathKnight:RuneTap","DeathKnight:RuneStrike","DeathKnight:HowlingBlast","DeathKnight:Pestilence","DeathKnight:FoulBulwark+1","DeathKnight:IcyTouch+1","DeathKnight:Hysteria","DeathKnight:Pestilence","DeathKnight:PathOfFrost+1","DeathKnight:Runesurge","DeathKnight:UnholyPresence","DeathKnight:Outbreak+1","DeathKnight:IceboundArmor","DeathKnight:FesteringStrike+1","DeathKnight:DeathAndDecay+1","DeathKnight:Contagion","DeathKnight:RunicDetonation","DeathKnight:HornOfWinter+1","DeathKnight:Simulacrum"],"relics":["DeathKnight:ReforgedRuneblade","NeowsBlessing","Bronze Scales","Omamori","Whetstone","Happy Flower","Bird Faced Urn","DeathKnight:TomeOfUnholySpecialization","Sozu","DeathKnight:TomeOfBloodSpecialization","Blood Vial","Bag of Preparation","Black Star","Mercury Hourglass"],"acts_visited":["Exordium","TheCity","TheBeyond"],"potions_floor_usage":[12,23,37],"damage_taken":[{"damage":0,"enemies":"Jaw Worm","floor":1,"turns":1},{"damage":0,"enemies":"Small Slimes","floor":5,"turns":2},{"damage":0,"enemies":"Lagavulin","floor":7,"turns":1},{"damage":0,"enemies":"2 Louse","floor":10,"turns":2},{"damage":8,"enemies":"Blue Slaver","floor":11,"turns":4},{"damage":10,"enemies":"3 Sentries","floor":12,"turns":7},{"damage":32,"enemies":"The Guardian","floor":16,"turns":8},{"damage":0,"enemies":"3 Byrds","floor":18,"turns":3},{"damage":6,"enemies":"Spheric Guardian","floor":21,"turns":5},{"damage":10,"enemies":"Snake Plant","floor":22,"turns":3},{"damage":0,"enemies":"Book of Stabbing","floor":23,"turns":4},{"damage":19,"enemies":"Sentry and Sphere","floor":24,"turns":4},{"damage":14,"enemies":"Centurion and Healer","floor":25,"turns":4},{"damage":29,"enemies":"Gremlin Leader","floor":29,"turns":4},{"damage":36,"enemies":"Automaton","floor":33,"turns":7},{"damage":8,"enemies":"3 Shapes","floor":35,"turns":4},{"damage":15,"enemies":"3 Darklings","floor":37,"turns":3},{"damage":59,"enemies":"2 Orb Walkers","floor":39,"turns":4}],"seed_played":"-1762712015126866673","potions_obtained":[{"floor":5,"key":"Weak Potion"},{"floor":10,"key":"ColorlessPotion"},{"floor":11,"key":"Strength Potion"}],"is_trial":false,"path_per_floor":["M","?","$","?","M","R","E","?","T","M","M","E","?","?","R","B",null,"M","$","?","M","M","E","M","M","T","$","R","E","R","?","R","B",null,"M","?","M","?","?"],"character_chosen":"DEATH_KNIGHT","items_purchased":["DeathKnight:Pestilence","DeathKnight:FoulBulwark","DeathKnight:IcyTouch","DeathKnight:Outbreak+1"],"campfire_rested":3,"item_purchase_floors":[3,3,3,19],"current_hp_per_floor":[68,68,68,73,73,73,73,73,73,73,65,55,45,45,45,13,63,63,63,63,61,53,55,38,26,26,26,50,25,49,49,73,44,71,69,69,56,56,5,5],"gold":322,"neow_bonus":"THREE_ENEMY_KILL","is_daily":false,"chose_seed":false,"campfire_upgraded":2,"win_rate":0.0,"timestamp":1614431717,"path_taken":["M","?","$","?","M","R","E","?","T","M","M","E","?","?","R","BOSS","M","$","?","M","M","E","M","M","T","$","R","E","R","?","R","BOSS","M","?","?","?","?"],"items_purchased_type":["Card","Card","Card","Card"],"build_version":"2020-12-22","purchased_purges":2,"victory":false,"max_hp_per_floor":[75,75,75,80,80,80,80,80,80,80,80,80,80,80,80,80,80,80,80,80,80,80,80,80,80,80,80,80,80,80,80,80,80,80,80,80,80,76,76,76],"card_choices":[{"not_picked":["DeathKnight:IcyTouch","DeathKnight:PathOfFrost"],"picked":"DeathKnight:HowlingBlast","floor":1},{"not_picked":["DeathKnight:MutagenicPlague","DeathKnight:HartStrike","DeathKnight:RuneShock"],"picked":"SKIP","floor":5},{"not_picked":["DeathKnight:HartStrike","DeathKnight:UnholyExperiment"],"picked":"DeathKnight:Hysteria","floor":7},{"not_picked":["DeathKnight:ThirstingStrike","DeathKnight:DeathGrip","DeathKnight:BladedArmor"],"picked":"SKIP","floor":10},{"not_picked":["DeathKnight:IcyTouch","DeathKnight:UnholyFrenzy"],"picked":"DeathKnight:Pestilence","floor":11},{"not_picked":["DeathKnight:UnholyPresence","DeathKnight:ThirstingStrike"],"picked":"DeathKnight:PathOfFrost","floor":12},{"not_picked":["DeathKnight:Outbreak+1","DeathKnight:RunicDetonation"],"picked":"DeathKnight:Runesurge","floor":16},{"not_picked":["DeathKnight:BladedArmor","DeathKnight:DeathGrip"],"picked":"DeathKnight:UnholyPresence","floor":18},{"not_picked":["DeathKnight:Ossuary+1","DeathKnight:DeathRune"],"picked":"DeathKnight:IceboundArmor","floor":21},{"not_picked":["DeathKnight:Hysteria+1","DeathKnight:Parry"],"picked":"DeathKnight:FesteringStrike+1","floor":22},{"not_picked":["DeathKnight:BludPresence","DeathKnight:BloodStrike"],"picked":"DeathKnight:DeathAndDecay+1","floor":23},{"not_picked":["DeathKnight:FrosPresence","DeathKnight:Hysteria+1"],"picked":"DeathKnight:Contagion","floor":24},{"not_picked":["DeathKnight:Hemostasis","DeathKnight:UnholyAssault"],"picked":"DeathKnight:RunicDetonation","floor":25},{"not_picked":["DeathKnight:RuneShock","DeathKnight:MutagenicPlague"],"picked":"DeathKnight:HornOfWinter+1","floor":29},{"not_picked":["DeathKnight:Outbreak+1","DeathKnight:UnholyExperiment+1"],"picked":"DeathKnight:Simulacrum","floor":33},{"not_picked":["DeathKnight:Parry+1","DeathKnight:FesteringStrike+1","DeathKnight:ScourgeStrike+1"],"picked":"SKIP","floor":35},{"not_picked":["Magnetism","Jack Of All Trades","Dark Shackles"],"picked":"SKIP","floor":36},{"not_picked":["DeathKnight:RaiseAlly","DeathKnight:DeathCoil+1","DeathKnight:BloodTap+1"],"picked":"SKIP","floor":37}],"player_experience":628069,"relics_obtained":[{"floor":7,"key":"Bronze Scales"},{"floor":9,"key":"Omamori"},{"floor":12,"key":"Whetstone"},{"floor":23,"key":"DeathKnight:TomeOfBloodSpecialization"},{"floor":26,"key":"Blood Vial"},{"floor":29,"key":"Bag of Preparation"},{"floor":36,"key":"Mercury Hourglass"}],"event_choices":[{"damage_healed":0,"gold_gain":77,"player_choice":"Gained Gold","damage_taken":0,"max_hp_gain":0,"max_hp_loss":0,"event_name":"Golden Wing","floor":2,"gold_loss":0},{"damage_healed":0,"gold_gain":0,"player_choice":"Donut","damage_taken":0,"max_hp_gain":5,"max_hp_loss":0,"event_name":"Big Fish","floor":4,"gold_loss":0},{"cards_removed":["DeathKnight:Strike_DeathKnight"],"damage_healed":0,"gold_gain":0,"player_choice":"Card Removal","damage_taken":0,"max_hp_gain":0,"max_hp_loss":0,"event_name":"The Cleric","floor":8,"gold_loss":50},{"damage_healed":0,"gold_gain":1,"player_choice":"Relic Relic ","damage_taken":10,"max_hp_gain":0,"max_hp_loss":0,"event_name":"betterThird:BetterScrap","floor":13,"gold_loss":0,"cards_obtained":["ConjureBlade"]},{"damage_healed":0,"gold_gain":0,"player_choice":"Searched \u00271\u0027 times","damage_taken":0,"relics_obtained":["DeathKnight:TomeOfUnholySpecialization"],"max_hp_gain":0,"max_hp_loss":0,"event_name":"Dead Adventurer","floor":14,"gold_loss":0},{"damage_healed":0,"gold_gain":0,"player_choice":"Ignored","damage_taken":0,"max_hp_gain":0,"max_hp_loss":0,"event_name":"Vampires","floor":20,"gold_loss":0},{"damage_healed":0,"gold_gain":0,"player_choice":"Random: Red","damage_taken":0,"max_hp_gain":0,"max_hp_loss":0,"event_name":"betterThird:BetterPortal","floor":36,"gold_loss":0},{"damage_healed":0,"gold_gain":0,"player_choice":"Max HP","damage_taken":0,"max_hp_gain":0,"max_hp_loss":4,"event_name":"Winding Halls","floor":38,"gold_loss":0},{"damage_healed":0,"gold_gain":0,"player_choice":"Fight","damage_taken":0,"max_hp_gain":0,"max_hp_loss":0,"event_name":"Mysterious Sphere","floor":39,"gold_loss":0}],"is_beta":false,"boss_relics":[{"not_picked":["Pandora\u0027s Box","Philosopher\u0027s Stone"],"picked":"Sozu"},{"not_picked":["Runic Pyramid","DeathKnight:ScourgeInsignia"],"picked":"Black Star"}],"items_purged_floors":[19,27],"is_endless":false,"potions_floor_spawned":[5,10,11,18,21,25,37],"killed_by":"2 Orb Walkers","ascension_level":7}}