{"host":"c97twqu0op5dg8i4","time":1614413192,"event":{"mods":["AchievementEnabler","BaseMod","Colored Map","Minty Spire (QoL Compilation)","Permanent Neow"],"gold_per_floor":[112,287,287,297,297,297,297,326,326,336,389,405,438,449,449,138,138,138,138,237,237,255,272,286,69,0,0,0,0],"floor_reached":28,"language":"ENG","playtime":764,"items_purged":[],"score":365,"play_id":"41c05d7b-f24b-4b7a-aee8-ef01bf9e52e2","local_time":"20210227030632","is_ascension_mode":true,"campfire_choices":[{"data":"Tempest","floor":7,"key":"SMITH"},{"data":"Zap","floor":9,"key":"SMITH"},{"floor":15,"key":"REST"},{"data":"Glacier","floor":18,"key":"SMITH"},{"data":"Capacitor","floor":19,"key":"SMITH"},{"floor":27,"key":"REST"}],"circlet_count":0,"master_deck":["AscendersBane","Strike_B","Strike_B","Strike_B","Strike_B","Defend_B","Defend_B","Defend_B","Defend_B","Zap+1","Dualcast","Tempest+1","Capacitor+1","Leap","Conserve Battery","Conserve Battery","Glacier+1","Echo Form","Conserve Battery+1","Capacitor","Coolheaded","Streamline"],"relics":["FrozenCore","Incense Burner","White Beast Statue","Art of War","Bag of Marbles","Cables","Happy Flower"],"acts_visited":["Exordium","TheCity"],"potions_floor_usage":[6,13,28],"damage_taken":[{"damage":0,"enemies":"2 Louse","floor":1,"turns":2},{"damage":10,"enemies":"Small Slimes","floor":4,"turns":3},{"damage":0,"enemies":"Gremlin Gang","floor":6,"turns":1},{"damage":34,"enemies":"Gremlin Nob","floor":8,"turns":4},{"damage":0,"enemies":"Large Slime","floor":10,"turns":4},{"damage":6,"enemies":"3 Louse","floor":12,"turns":3},{"damage":21,"enemies":"Lagavulin","floor":13,"turns":5},{"damage":8,"enemies":"Lots of Slimes","floor":14,"turns":4},{"damage":32,"enemies":"The Guardian","floor":20,"turns":15},{"damage":14,"enemies":"Chosen","floor":22,"turns":6},{"damage":16,"enemies":"Shell Parasite","floor":23,"turns":9},{"damage":18,"enemies":"Centurion and Healer","floor":24,"turns":9},{"damage":35,"enemies":"Slavers","floor":28,"turns":3}],"seed_played":"7779945267858402568","potions_obtained":[{"floor":1,"key":"SmokeBomb"},{"floor":8,"key":"Regen Potion"},{"floor":10,"key":"Weak Potion"},{"floor":13,"key":"Dexterity Potion"},{"floor":14,"key":"DuplicationPotion"}],"is_trial":false,"path_per_floor":["M","?","?","M","M","M","R","E","R","M","T","M","E","M","R","$","?","R","R","B",null,"M","M","M","$","?","R","E"],"character_chosen":"DEFECT","items_purchased":["Cables","Glacier","Happy Flower","Coolheaded","Streamline"],"campfire_rested":2,"item_purchase_floors":[16,16,25,25,25],"current_hp_per_floor":[68,68,68,58,58,58,58,24,24,24,24,18,11,3,23,23,68,68,68,36,60,46,30,12,12,12,32,0,0],"gold":0,"neow_bonus":"ONE_RARE_RELIC","is_daily":false,"chose_seed":false,"campfire_upgraded":4,"win_rate":0.0,"timestamp":1614413192,"path_taken":["M","?","?","?","?","M","R","E","R","M","T","M","E","M","R","$","?","R","R","BOSS","M","M","?","$","?","R","E"],"items_purchased_type":["Relic","Card","Relic","Card","Card"],"build_version":"2020-12-22","purchased_purges":0,"victory":false,"max_hp_per_floor":[68,68,68,68,68,68,68,68,68,68,68,68,68,68,68,68,68,68,68,68,68,68,68,68,68,68,68,68,68],"card_choices":[{"not_picked":["Beam Cell","Lockon"],"picked":"Melter","floor":1},{"not_picked":["Undo","Chaos"],"picked":"Tempest","floor":4},{"not_picked":["Darkness","Fusion","Chaos"],"picked":"SKIP","floor":8},{"not_picked":["Cold Snap","Sweeping Beam"],"picked":"Capacitor","floor":10},{"not_picked":["Gash","Melter"],"picked":"Leap","floor":12},{"not_picked":["Gash","Rebound"],"picked":"Conserve Battery","floor":13},{"not_picked":["Multi-Cast","Coolheaded"],"picked":"Conserve Battery","floor":14},{"not_picked":["Fission","Creative AI"],"picked":"Echo Form","floor":20},{"not_picked":["Beam Cell","Leap"],"picked":"Conserve Battery+1","floor":22},{"not_picked":["Storm","Rebound"],"picked":"Capacitor","floor":23},{"not_picked":["Conserve Battery","Hologram","Rip and Tear"],"picked":"SKIP","floor":24}],"player_experience":435398,"relics_obtained":[{"floor":8,"key":"White Beast Statue"},{"floor":11,"key":"Art of War"},{"floor":13,"key":"Bag of Marbles"}],"event_choices":[{"damage_healed":0,"gold_gain":175,"player_choice":"AGREE","damage_taken":0,"max_hp_gain":0,"max_hp_loss":0,"event_name":"Liars Game","floor":2,"gold_loss":0,"cards_obtained":["Doubt"]},{"cards_removed":["Doubt"],"damage_healed":0,"gold_gain":0,"player_choice":"Removed Curses","damage_taken":0,"max_hp_gain":0,"max_hp_loss":0,"event_name":"Fountain of Cleansing","floor":3,"gold_loss":0},{"cards_removed":["Melter"],"damage_healed":45,"gold_gain":0,"player_choice":"Offered Uncommon","damage_taken":0,"max_hp_gain":0,"max_hp_loss":0,"event_name":"Bonfire Elementals","floor":17,"gold_loss":0},{"damage_healed":0,"gold_gain":0,"player_choice":"Paid Fearfully","damage_taken":0,"max_hp_gain":0,"max_hp_loss":0,"event_name":"Masked Bandits","floor":26,"gold_loss":69}],"is_beta":false,"boss_relics":[{"not_picked":["Black Star","Velvet Choker"],"picked":"FrozenCore"}],"items_purged_floors":[],"is_endless":false,"potions_floor_spawned":[1,8,10,12,13,14,20,22,23,24],"killed_by":"Slavers","ascension_level":12}}