{"host":"0kk91h4bq4kgfj0u","time":1614386606,"event":{"mods":["BaseMod","Bestiary","Block Reminder","Colored Map","Colored Powertips","Curses Come First","Highlight Path","Minty Spire (QoL Compilation)","Relic Stats","StSLib"],"gold_per_floor":[113,124,124,144,163,163,163],"floor_reached":6,"language":"ENG","playtime":193,"items_purged":[],"score":55,"play_id":"d0b8ad25-4433-45d3-9c2d-3e34fb6adcf2","local_time":"20210226194326","is_ascension_mode":true,"campfire_choices":[],"circlet_count":0,"master_deck":["Strike_R","Strike_R","Strike_R","Strike_R","Strike_R","Defend_R","Defend_R","Defend_R","Defend_R","Bash","Double Tap","Headbutt","Thunderclap","Pommel Strike","Limit Break"],"relics":["Burning Blood"],"acts_visited":["Exordium"],"potions_floor_usage":[6],"damage_taken":[{"damage":3,"enemies":"Small Slimes","floor":1,"turns":4},{"damage":4,"enemies":"Jaw Worm","floor":2,"turns":4},{"damage":6,"enemies":"Cultist","floor":4,"turns":3},{"damage":22,"enemies":"Blue Slaver","floor":5,"turns":5},{"damage":72,"enemies":"Lagavulin","floor":6,"turns":9}],"seed_played":"2981254280035089136","potions_obtained":[{"floor":1,"key":"Dexterity Potion"},{"floor":5,"key":"Weak Potion"}],"is_trial":false,"path_per_floor":["M","M","?","M","M","E"],"character_chosen":"IRONCLAD","items_purchased":[],"campfire_rested":0,"item_purchase_floors":[],"current_hp_per_floor":[75,77,77,77,61,0,0],"gold":163,"neow_bonus":"ONE_RANDOM_RARE_CARD","is_daily":false,"chose_seed":false,"campfire_upgraded":0,"win_rate":0.0,"timestamp":1614386606,"path_taken":["M","M","?","M","M","E"],"items_purchased_type":[],"build_version":"2020-12-22","purchased_purges":0,"victory":false,"max_hp_per_floor":[80,80,80,80,80,80,80],"relic_stats":{"counters":[5,25],"obtain_stats":[{"Burning Blood":0},{"Burning Blood":0},{"Burning Blood":0}],"Burning Blood":24},"card_choices":[{"not_picked":["Hemokinesis","Disarm"],"picked":"Headbutt","floor":1},{"not_picked":["Dropkick","Perfected Strike"],"picked":"Thunderclap","floor":2},{"not_picked":["Clothesline","Reckless Charge"],"picked":"Pommel Strike","floor":4},{"not_picked":["Pommel Strike","Heavy Blade"],"picked":"Limit Break","floor":5}],"player_experience":931627,"relics_obtained":[],"event_choices":[{"damage_healed":0,"gold_gain":0,"player_choice":"Ignored","damage_taken":0,"max_hp_gain":0,"max_hp_loss":0,"event_name":"Liars Game","floor":3,"gold_loss":0}],"is_beta":false,"boss_relics":[],"items_purged_floors":[],"is_endless":false,"potions_floor_spawned":[1,5],"killed_by":"Lagavulin","ascension_level":9}}