{"host":"uyfpom4rlahfoee4","time":1614393646,"event":{"mods":["BaseMod","Downfall","Minty Spire (QoL Compilation)","StSLib"],"gold_per_floor":[99,115,125,140,159,159,159,177,177,195,195,195,195,213,232,333,333,333,348,366,366,67,67,120,136,155,155,190,190,217,230,253,253,253,253],"floor_reached":33,"language":"ENG","playtime":2353,"items_purged":["downfall:Malfunctioning"],"score":315,"play_id":"034842fc-8574-4361-9966-0ea8ad00415b","local_time":"20210226184046","is_ascension_mode":false,"campfire_choices":[{"data":"hexamod:Float","floor":1,"key":"SMITH"},{"data":"hexamod:PhantomCloak","floor":6,"key":"SMITH"},{"data":"hexamod:Hexaguard","floor":9,"key":"SMITH"},{"data":"hexamod:Hexaguard","floor":12,"key":"SMITH"},{"data":"hexamod:GhostflameInferno","floor":18,"key":"SMITH"},{"data":"expansioncontent:DashGenerateEvil","floor":23,"key":"SMITH"},{"floor":29,"key":"REST"}],"circlet_count":0,"master_deck":["hexamod:Strike","hexamod:Strike","hexamod:Strike","hexamod:Strike+1","hexamod:Defend+1","hexamod:Defend","hexamod:Defend","hexamod:Defend","hexamod:Sear","hexamod:Float+1","hexamod:PhantomCloak+1","hexamod:ThirdSeal","hexamod:ChargedBarrage","hexamod:FirstSeal","hexamod:BacktrackSmack","hexamod:Hexaguard+1","hexamod:SuperheatedStrike","hexamod:FlamesFromBeyond","hexamod:Hexaguard+1","hexamod:AdvancingGuard+1","hexamod:FastForward+1","hexamod:FastForward","hexamod:FlamesFromBeyond","hexamod:GhostLash","hexamod:NightmareGuise","hexamod:GhostflameInferno+1","hexamod:UnleashSpirits","hexamod:PhantomCloak+1","hexamod:SwordOfDarkness","hexamod:SwordOfDarkness","hexamod:SwordOfDarkness","hexamod:PowerFromBeyond+1","hexamod:AdvancingGuard","hexamod:SecondSeal","expansioncontent:DashGenerateEvil+1","hexamod:PhantomCloak","hexamod:Hexaguard","hexamod:Hexaguard","hexamod:BurningTouch","Decay","hexamod:SpectersWail","hexamod:CatchUp","hexamod:FlamesFromBeyond"],"relics":["hexamod:SpiritBrand","Slimebound:PreparedRelic","hexamod:IceCube","Juzu Bracelet","Bottled Tornado"],"acts_visited":["Exordium","TheCity"],"potions_floor_usage":[5,16,16,16,26,28,33],"damage_taken":[{"damage":0,"enemies":"Small Slimes","floor":2,"turns":3},{"damage":0,"enemies":"Jaw Worm","floor":3,"turns":4},{"damage":2,"enemies":"Cultist","floor":4,"turns":4},{"damage":19,"enemies":"Lots of Slimes","floor":5,"turns":8},{"damage":3,"enemies":"downfall:LooterAlt","floor":8,"turns":3},{"damage":0,"enemies":"3 Louse","floor":10,"turns":3},{"damage":0,"enemies":"Red Slaver","floor":14,"turns":4},{"damage":21,"enemies":"Lots of Slimes","floor":15,"turns":5},{"damage":36,"enemies":"DF_ARCHETYPE_STREAMLINE","floor":16,"turns":9},{"damage":20,"enemies":"3 Byrds","floor":19,"turns":4},{"damage":5,"enemies":"Spheric Guardian","floor":20,"turns":6},{"damage":5,"enemies":"downfall:FleeingMerchant","floor":22,"turns":4},{"damage":3,"enemies":"3 Cultists","floor":25,"turns":5},{"damage":0,"enemies":"Centurion and Healer","floor":26,"turns":5},{"damage":32,"enemies":"Slavers","floor":28,"turns":5},{"damage":4,"enemies":"Snake Plant","floor":30,"turns":4},{"damage":22,"enemies":"3 Cultists","floor":31,"turns":6},{"damage":14,"enemies":"Snecko","floor":32,"turns":6},{"damage":24,"enemies":"SI_MIRROR_ARCHETYPE","floor":33,"turns":12}],"seed_played":"4416056930304127041","potions_obtained":[{"floor":2,"key":"Weak Potion"},{"floor":3,"key":"Regen Potion"},{"floor":4,"key":"DuplicationPotion"},{"floor":8,"key":"Slimebound:ThreeZeroPotion"},{"floor":10,"key":"Dexterity Potion"},{"floor":20,"key":"Slimebound:ThreeZeroPotion"},{"floor":25,"key":"DuplicationPotion"},{"floor":30,"key":"Regen Potion"},{"floor":32,"key":"DistilledChaos"}],"is_trial":false,"path_per_floor":["R","M","M","M","M","R","T","M","R","M","?","R","?","M","M","B",null,"R","M","M","?","$","R","T","M","M","?","E","R","M","M","M","B"],"character_chosen":"THE_SPIRIT","items_purchased":["hexamod:SecondSeal","expansioncontent:DashGenerateEvil"],"campfire_rested":1,"item_purchase_floors":[22,22],"current_hp_per_floor":[77,77,77,75,63,63,63,67,67,74,74,74,74,77,63,42,77,77,64,66,66,68,68,68,72,72,72,40,63,66,51,44,20,20,20],"gold":253,"neow_bonus":"TEN_PERCENT_HP_BONUS","is_daily":false,"chose_seed":false,"campfire_upgraded":6,"win_rate":0.0,"timestamp":1614393646,"path_taken":["R","M","M","M","M","R","T","M","R","M","?","R","?","M","M","BOSS","R","M","M","?","$","R","T","M","M","?","E","R","M","M","M","BOSS"],"items_purchased_type":["Card","Card"],"build_version":"2020-12-22","purchased_purges":1,"victory":false,"max_hp_per_floor":[77,77,77,77,77,77,77,77,77,77,77,77,77,77,77,77,77,77,77,77,77,77,77,77,77,77,77,77,77,77,77,77,77,77,77],"card_choices":[{"not_picked":["hexamod:GhostOfSpireFuture","hexamod:GhostLash"],"picked":"hexamod:PhantomCloak","floor":2},{"not_picked":["hexamod:GhostOfSpireFuture","hexamod:RadiantFlame"],"picked":"hexamod:ThirdSeal","floor":3},{"not_picked":["hexamod:NecessarySacrifice","hexamod:Again"],"picked":"hexamod:ChargedBarrage","floor":4},{"not_picked":["hexamod:CatchUp","hexamod:BurningTouch"],"picked":"hexamod:FirstSeal","floor":4},{"not_picked":["hexamod:SkipABeat","hexamod:Hexaguard"],"picked":"hexamod:BacktrackSmack","floor":5},{"not_picked":["hexamod:GhostflameBarrier","hexamod:SpectralSpark"],"picked":"hexamod:Hexaguard","floor":5},{"not_picked":["hexamod:BurningTouch","hexamod:SoulSteal"],"picked":"hexamod:SuperheatedStrike","floor":5},{"not_picked":["hexamod:BacktrackSmack","hexamod:AdvancingGuard"],"picked":"hexamod:FlamesFromBeyond","floor":8},{"not_picked":["hexamod:ThirdSeal","hexamod:SoulSteal"],"picked":"hexamod:Hexaguard","floor":8},{"not_picked":["hexamod:GhostflameBarrier","hexamod:NightmareStrike"],"picked":"hexamod:AdvancingGuard","floor":10},{"not_picked":["hexamod:TurnItUp","hexamod:ShieldOfDarkness"],"picked":"hexamod:FastForward","floor":10},{"not_picked":["hexamod:GhostflameBarrier","hexamod:AdvancingGuard"],"picked":"hexamod:FastForward","floor":14},{"not_picked":["hexamod:SpectersWail","hexamod:EmpoweredFlame"],"picked":"hexamod:FlamesFromBeyond","floor":14},{"not_picked":["hexamod:NightmareStrike","hexamod:Again"],"picked":"hexamod:GhostLash","floor":15},{"not_picked":["hexamod:NightmareStrike","hexamod:AdvancingGuard"],"picked":"hexamod:NightmareGuise","floor":15},{"not_picked":["hexamod:GhostOfSpirePresent","hexamod:HexaLevel"],"picked":"hexamod:GhostflameInferno","floor":16},{"not_picked":["hexamod:TurnItUp","hexamod:ForkedFlame"],"picked":"hexamod:UnleashSpirits","floor":16},{"not_picked":["hexamod:BurningTouch","hexamod:HauntingEcho"],"picked":"hexamod:PhantomCloak+1","floor":19},{"not_picked":["hexamod:FastForward","hexamod:GhostOfSpirePast+1"],"picked":"hexamod:SwordOfDarkness","floor":19},{"not_picked":["hexamod:ThermalTransfer","hexamod:AdvancingGuard"],"picked":"hexamod:SwordOfDarkness","floor":20},{"not_picked":["hexamod:FastForward","hexamod:Incineration"],"picked":"hexamod:SwordOfDarkness","floor":20},{"not_picked":["hexamod:NightmareStrike","hexamod:DynamicBlow"],"picked":"hexamod:PowerFromBeyond+1","floor":22},{"not_picked":["hexamod:Toasty","hexamod:Haunt"],"picked":"hexamod:AdvancingGuard","floor":22},{"not_picked":["hexamod:Hexaguard","hexamod:BacktrackSmack"],"picked":"hexamod:PhantomCloak","floor":25},{"not_picked":["hexamod:ExtraCrispy","hexamod:GhostShield"],"picked":"hexamod:Hexaguard","floor":25},{"not_picked":["hexamod:RainOfEmbers+1","hexamod:ThermalTransfer+1"],"picked":"hexamod:Hexaguard","floor":26},{"not_picked":["hexamod:SuperheatedStrike+1","hexamod:HeatMetal+1"],"picked":"hexamod:BurningTouch","floor":26},{"not_picked":["hexamod:RainOfEmbers","hexamod:WildfireWeapon"],"picked":"hexamod:SpectersWail","floor":28},{"not_picked":["hexamod:GhostShield+1","hexamod:HauntingEcho+1","hexamod:PhantomFireball"],"picked":"SKIP","floor":30},{"not_picked":["hexamod:NightmareStrike","hexamod:FlamesFromBeyond"],"picked":"hexamod:CatchUp","floor":31},{"not_picked":["hexamod:ChargedBarrage","hexamod:GhostShield"],"picked":"hexamod:FlamesFromBeyond","floor":31},{"not_picked":["hexamod:RecurringNightmare","hexamod:Haunt","hexamod:NecessarySacrifice"],"picked":"SKIP","floor":32},{"not_picked":["hexamod:SwordOfDarkness+1","hexamod:HauntingEcho+1","hexamod:HeatShield"],"picked":"SKIP","floor":32}],"player_experience":232611,"relics_obtained":[{"floor":7,"key":"Slimebound:PreparedRelic"},{"floor":24,"key":"Juzu Bracelet"},{"floor":28,"key":"Bottled Tornado"}],"event_choices":[{"damage_healed":0,"gold_gain":0,"player_choice":"Grow","damage_taken":0,"max_hp_gain":0,"max_hp_loss":0,"event_name":"Living Wall","floor":11,"gold_loss":0,"cards_upgraded":["hexamod:FastForward"]},{"damage_healed":0,"gold_gain":0,"player_choice":"Cursed","damage_taken":0,"max_hp_gain":0,"max_hp_loss":0,"event_name":"Wheel of Change","floor":27,"gold_loss":0,"cards_obtained":["Decay"]}],"is_beta":false,"boss_relics":[{"not_picked":["SlaversCollar","Pandora\u0027s Box"],"picked":"hexamod:IceCube"}],"items_purged_floors":[22],"is_endless":false,"potions_floor_spawned":[2,3,4,8,10,20,25,30,32],"killed_by":"SI_MIRROR_ARCHETYPE","ascension_level":0}}