{"host":"l8j2eaviddq1qvzn","time":1614452720,"event":{"mods":["A Penny For Your Troubles","Act Like it!","BaseMod","Better Match","BetterRewards","Bossed Relics","Curses Come First","Evolution","Glutton Mod","Gold Saver","Infinite Spire","Minty Spire (QoL Compilation)","Practice Mode","Reliquary","Remove Card Discount Mod","Replay The Spire","SacredBarkPlus","Shapeshifter Mod","Shop Mod","StS++","StSLib","The Blue Laboratory","The Dragonkin","The Jungle","The Sage","Treasure Hunter","Wide Potions"],"gold_per_floor":[116,128,303,303,21,55,55,72,99,37,55,55,55,55,80,93,93,196,196,109,109,109,29,41,41,41,110,110,110,124,137,153,196,196,296,296,310,323,323,337,337,337,337,337,337,356,381,381,548,58,91,123,123,134],"floor_reached":55,"language":"ENG","playtime":6206,"items_purged":["Doubt","StSShapeShifter:ShapeShifter_Strike","StSShapeShifter:ShapeShifter_Defend","StSShapeShifter:Lynx_Form+1","Parasite","TH:DeckOfManyThings","TH:DeckOfManyThings","TH:BikiniMail","TH:BikiniMail","TH:PixieDust","TH:DeckOfManyThings","TH:TreasureMap"],"score":1069,"play_id":"4cf817f0-961f-43df-b0a3-9dc3205c6f1d","local_time":"20210227200520","is_ascension_mode":true,"campfire_choices":[{"floor":7.0,"key":"REST"},{"floor":14.0,"key":"REST"},{"data":"StSShapeShifter:Efflorescence","floor":17.0,"key":"SMITH"},{"floor":25.0,"key":"REST"},{"floor":34.0,"key":"REST"},{"floor":42.0,"key":"REST"},{"data":"infinitespire:NeuralNetwork","floor":45.0,"key":"SMITH"},{"data":"StSShapeShifter:Spring","floor":48.0,"key":"SMITH"},{"floor":53,"key":"REST"}],"circlet_count":0,"master_deck":["StSShapeShifter:AdaptiveStrikes","StSShapeShifter:AdaptiveStrikes","StSShapeShifter:AdaptiveStrikes","StSShapeShifter:AdaptiveStrikes","StSShapeShifter:ShapeShifter_Defend","StSShapeShifter:ShapeShifter_Defend","StSShapeShifter:ShapeShifter_Defend","StSShapeShifter:ShapeShifter_Defend","StSShapeShifter:Tortoise_Form+1","StSShapeShifter:RestoreBalance","StSShapeShifter:PoisonIvy","StSShapeShifter:Efflorescence+1","StSShapeShifter:DeepWound","StSShapeShifter:FallingLeaves","StSShapeShifter:Efflorescence+1","StSShapeShifter:FallingLeaves","StSShapeShifter:Blossom2","StSShapeShifter:PhoenixForm","StSShapeShifter:RockSlide","StSShapeShifter:AdaptiveStrikes","StSShapeShifter:RitualOfTheElders","infinitespire:NeuralNetwork+1","StSShapeShifter:RaptorForm","StSShapeShifter:PoisonIvy","StSShapeShifter:Mystical_Branch","StSShapeShifter:BloomingSlash","StSShapeShifter:Consume","StSShapeShifter:PowerShifter","StSShapeShifter:FallingLeaves","StSShapeShifter:Spring+1","StSShapeShifter:IntimidatingAura","StSShapeShifter:SpiritOfTheEarth","StSShapeShifter:Efflorescence+1","StSShapeShifter:PoisonIvy+1","StSShapeShifter:Evolution","StSShapeShifter:RhinoCalfForm","StSShapeShifter:Synchronicity"],"relics":["StSShapeShifter:AnimalHeart","StSShapeShifter:TheShapeShiftersMagnolia","EVO:Axolotl","StSShapeShifter:BeastkeepersGift","Lizard Tail","ReplayTheSpireMod:TigerMarble","sagemod:Blowpipe","Replay:Rubber Ducky","reliquary:RedPaperclip","infinitespire:CursedDice","StSShapeShifter:DruidicMedallion","reliquary:IridiumChain","Replay:Grab Bag","infinitespire:Cupcake","Sozu","SacredBark","ReplayFunnel","Eternal Feather","reliquary:FerryPass","infinitespire:Beetle Shell","StSpp:PetrifiedCaterpillar","infinitespire:Midas Blood"],"acts_visited":["Exordium","Exordium","TheBeyond"],"potions_floor_usage":[],"damage_taken":[{"damage":0.0,"enemies":"Small Slimes","floor":1.0,"turns":3.0},{"damage":0.0,"enemies":"2 Louse","floor":2.0,"turns":1.0},{"damage":37.0,"enemies":"Gremlin Nob","floor":6.0,"turns":7.0},{"damage":1.0,"enemies":"Cultist","floor":8.0,"turns":3.0},{"damage":12.0,"enemies":"Replay:BlueRogue","floor":10.0,"turns":9.0},{"damage":0.0,"enemies":"Lots of Slimes","floor":11.0,"turns":3.0},{"damage":6.0,"enemies":"3 Sentries","floor":15.0,"turns":7.0},{"damage":0.0,"enemies":"Blue Slaver","floor":16.0,"turns":8.0},{"damage":17.0,"enemies":"Slime Boss","floor":18.0,"turns":9.0},{"damage":6.0,"enemies":"theJungle:GiantWrat","floor":20.0,"turns":7.0},{"damage":8.0,"enemies":"theJungle:5_Spyders","floor":23.0,"turns":8.0},{"damage":50.0,"enemies":"theJungle:JungleHuntersEncounter","floor":24.0,"turns":7.0},{"damage":41.0,"enemies":"Snake Plant","floor":27.0,"turns":6.0},{"damage":17.0,"enemies":"theJungle:SlimyTreeVines","floor":30.0,"turns":6.0},{"damage":20.0,"enemies":"theJungle:JungleHuntersEncounter","floor":31.0,"turns":6.0},{"damage":50.0,"enemies":"theJungle:2_Snecko_Cultists","floor":32.0,"turns":5.0},{"damage":52.0,"enemies":"theJungle:Lyon","floor":33.0,"turns":6.0},{"damage":0.0,"enemies":"theJungle:QueenSpyder","floor":35.0,"turns":11.0},{"damage":10.0,"enemies":"3 Shapes","floor":37.0,"turns":8.0},{"damage":39.0,"enemies":"3 Darklings","floor":38.0,"turns":8.0},{"damage":39.0,"enemies":"Writhing Mass","floor":40.0,"turns":10.0},{"damage":24.0,"enemies":"4 Shapes","floor":46.0,"turns":6.0},{"damage":68.0,"enemies":"Transient","floor":49.0,"turns":5.0},{"damage":15,"enemies":"Reptomancer","floor":51,"turns":5},{"damage":32,"enemies":"Jaw Worm Horde","floor":52,"turns":5},{"damage":37,"enemies":"TheAcolyte","floor":54,"turns":7}],"seed_played":"4239647118095646068","potions_obtained":[{"floor":1.0,"key":"blueLaboratory:NullPotion"},{"floor":2.0,"key":"FearPotion"},{"floor":8.0,"key":"StSpp:ScatteredPotion"},{"floor":11.0,"key":"SkillPotion"},{"floor":16.0,"key":"Elixir"},{"floor":18.0,"key":"Adrenaline Potion"},{"floor":23.0,"key":"blueLaboratory:Moonshine"},{"floor":27.0,"key":"blueLaboratory:CorrosionFlask"},{"floor":33.0,"key":"DistilledChaos"},{"floor":33.0,"key":"blueLaboratory:LouseDecoction"}],"is_trial":false,"path_per_floor":["M","M","?","?","$","E","R","M","T","E","M","PTL","PTL","R","E","M","R","B",null,"M","AVR","?","M","M","R","?","M","T","?","M","M","M","M","R","B",null,"M","M","?","M","?","R","PTL","PTL","R","M","T","R","M","$","E","M","R","B",null],"character_chosen":"SHAPESHIFTER","items_purchased":["StSShapeShifter:DeepWound","StSShapeShifter:BeastkeepersGift","Lizard Tail","StSShapeShifter:FallingLeaves","StSShapeShifter:Synchronicity","infinitespire:Beetle Shell","StSpp:PetrifiedCaterpillar"],"campfire_rested":6,"item_purchase_floors":[5,5,5,5,50,50,50],"current_hp_per_floor":[78,78,78,78,78,41,64,63,63,51,51,51,51,74,68,68,68,51,78,74,74,74,66,18,42,42,3,3,3,17,29,4,16,43,45,94,89,52,52,15,15,100,100,100,100,76,76,100,34,99,86,56,103,68],"gold":134,"neow_bonus":"ONE_RANDOM_RARE_CARD","is_daily":false,"chose_seed":false,"campfire_upgraded":3,"win_rate":0.0,"timestamp":1614452720,"path_taken":["M","M","?","?","$","E","R","M","T","E","?","PTL","PTL","R","E","?","R","BOSS","M","AVR","?","M","M","R","?","M","T","?","?","M","M","M","R","BOSS","M","M","?","?","?","R","PTL","PTL","R","M","T","R","M","$","E","?","R","BOSS"],"items_purchased_type":["Card","Relic","Relic","Card","Card","Relic","Relic"],"build_version":"2020-12-22","purchased_purges":12,"victory":true,"max_hp_per_floor":[78,78,78,78,78,78,78,78,78,78,78,78,78,78,78,78,78,78,78,80,80,80,80,82,82,82,84,84,84,86,88,90,92,92,94,94,96,98,98,100,100,100,100,100,100,100,100,100,102,99,101,103,103,105],"card_choices":[{"not_picked":["StSShapeShifter:Guard","StSShapeShifter:HippoForm"],"picked":"StSShapeShifter:PoisonIvy","floor":1.0},{"not_picked":["StSShapeShifter:ThornToss","StSShapeShifter:FoxForm"],"picked":"StSShapeShifter:Efflorescence","floor":2.0},{"not_picked":["TH:CopperCoins"],"picked":"TH:DeckOfManyThings","floor":6.0},{"not_picked":["StSShapeShifter:WolfForm","StSShapeShifter:RaptorForm"],"picked":"StSShapeShifter:Efflorescence","floor":6.0},{"not_picked":["StSShapeShifter:BloomingSlash","StSShapeShifter:DeerForm"],"picked":"StSShapeShifter:FallingLeaves","floor":8.0},{"not_picked":["TH:Mimic"],"picked":"TH:BikiniMail","floor":9.0},{"not_picked":["TH:EnergyPotion"],"picked":"TH:DeckOfManyThings","floor":10.0},{"not_picked":["StSShapeShifter:Maul","StSShapeShifter:BladeOfGrass"],"picked":"StSShapeShifter:Blossom2","floor":10.0},{"not_picked":["StSShapeShifter:BarkSkin","StSShapeShifter:Garden"],"picked":"StSShapeShifter:PhoenixForm","floor":11.0},{"not_picked":["TH:ArmorSpikes"],"picked":"TH:PixieDust","floor":15.0},{"not_picked":["StSShapeShifter:CosmicShifter","StSShapeShifter:VineHandcuffs"],"picked":"StSShapeShifter:RockSlide","floor":15.0},{"not_picked":["StSShapeShifter:VineHandcuffs","StSShapeShifter:MonkeyForm"],"picked":"StSShapeShifter:AdaptiveStrikes","floor":16.0},{"not_picked":["TH:TreasureMap"],"picked":"TH:BikiniMail","floor":18.0},{"not_picked":["StSShapeShifter:MooseForm","StSShapeShifter:RhinoCalfForm"],"picked":"StSShapeShifter:RitualOfTheElders","floor":18.0},{"not_picked":["StSShapeShifter:VineHandcuffs","StSShapeShifter:WolfForm","StSShapeShifter:Roar"],"picked":"SKIP","floor":20.0},{"not_picked":["StSShapeShifter:VineHandcuffs","StSShapeShifter:WolfForm","StSShapeShifter:Roar"],"picked":"SKIP","floor":20.0},{"not_picked":["StSShapeShifter:OakBlade","StSShapeShifter:DeerForm"],"picked":"StSShapeShifter:RaptorForm","floor":23.0},{"not_picked":["StSShapeShifter:FlowerShield","StSShapeShifter:Sapling"],"picked":"StSShapeShifter:PoisonIvy","floor":24.0},{"not_picked":["StSShapeShifter:ShiftingStrike","StSShapeShifter:Ensconce"],"picked":"StSShapeShifter:Mystical_Branch","floor":27.0},{"not_picked":["TH:TreasureMap","TH:CursedSword"],"picked":"SKIP","floor":28.0},{"not_picked":["StSShapeShifter:Rest","StSShapeShifter:Uproot_Redwood"],"picked":"StSShapeShifter:BloomingSlash","floor":30.0},{"not_picked":["StSShapeShifter:BladeOfGrass","StSShapeShifter:Roar"],"picked":"StSShapeShifter:Consume","floor":31.0},{"not_picked":["StSShapeShifter:AdaptiveStrikes+1","StSShapeShifter:Hunt"],"picked":"StSShapeShifter:PowerShifter","floor":32.0},{"not_picked":["StSShapeShifter:FesteringBite","StSShapeShifter:ThrashAbout"],"picked":"StSShapeShifter:FallingLeaves","floor":33.0},{"not_picked":["StSShapeShifter:BurrBomb","StSShapeShifter:RhinoCalfForm"],"picked":"StSShapeShifter:Spring","floor":35.0},{"not_picked":["TH:TreasureMap"],"picked":"TH:DeckOfManyThings","floor":35.0},{"not_picked":["StSShapeShifter:Garden+1","StSShapeShifter:MonkeyForm+1"],"picked":"StSShapeShifter:IntimidatingAura","floor":37.0},{"not_picked":["StSShapeShifter:OwlForm+1","StSShapeShifter:BladeOfGrass+1"],"picked":"StSShapeShifter:SpiritOfTheEarth","floor":38.0},{"not_picked":["StSShapeShifter:ThrashAbout+1","StSShapeShifter:FesteringBite+1"],"picked":"StSShapeShifter:PoisonIvy+1","floor":40.0},{"not_picked":["StSShapeShifter:Roar+1","StSShapeShifter:Wildfire2"],"picked":"StSShapeShifter:Evolution","floor":46.0},{"not_picked":["TH:PixieDust"],"picked":"TH:TreasureMap","floor":47.0},{"not_picked":["StSShapeShifter:ShiftingStrike+1","StSShapeShifter:Rest"],"picked":"StSShapeShifter:RhinoCalfForm","floor":49.0},{"not_picked":["TH:PixieDust","TH:TreasureMap"],"picked":"SKIP","floor":51},{"not_picked":["StSShapeShifter:BearForm+1","StSShapeShifter:ClimbTree","StSShapeShifter:SquirrelForm+1"],"picked":"SKIP","floor":51},{"not_picked":["StSShapeShifter:MonkeyForm+1","StSShapeShifter:Evolution","StSShapeShifter:ShiftingStrike+1"],"picked":"SKIP","floor":52}],"player_experience":100139,"relics_obtained":[{"floor":6.0,"key":"reliquary:SharkskinSheath"},{"floor":9.0,"key":"ReplayTheSpireMod:TigerMarble"},{"floor":10.0,"key":"sagemod:Blowpipe"},{"floor":15.0,"key":"Replay:Rubber Ducky"},{"floor":27.0,"key":"StSShapeShifter:DruidicMedallion"},{"floor":28.0,"key":"reliquary:IridiumChain"},{"floor":47.0,"key":"ReplayFunnel"},{"floor":49.0,"key":"Eternal Feather"},{"floor":49.0,"key":"reliquary:FerryPass"},{"floor":51,"key":"infinitespire:Midas Blood"}],"event_choices":[{"damage_healed":0.0,"max_hp_gain":0.0,"max_hp_loss":0.0,"gold_gain":175.0,"event_name":"Liars Game","player_choice":"AGREE","floor":3.0,"gold_loss":0.0,"damage_taken":0.0,"cards_obtained":["Doubt"]},{"damage_healed":0.0,"max_hp_gain":0.0,"max_hp_loss":0.0,"gold_gain":0.0,"event_name":"WeMeetAgain","player_choice":"Gave Potion","floor":4.0,"gold_loss":0.0,"damage_taken":0.0,"relics_obtained":["Replay:Wax Seal"]},{"damage_healed":0.0,"max_hp_gain":0.0,"max_hp_loss":0.0,"gold_gain":0.0,"event_name":"Lab","player_choice":"Got Potions","floor":29.0,"gold_loss":0.0,"damage_taken":0.0},{"damage_healed":0.0,"max_hp_gain":0.0,"max_hp_loss":0.0,"gold_gain":0.0,"event_name":"Duplicator","player_choice":"Copied","floor":39.0,"gold_loss":0.0,"damage_taken":0.0,"cards_obtained":["StSShapeShifter:Efflorescence"]},{"damage_healed":0.0,"max_hp_gain":0.0,"max_hp_loss":0.0,"gold_gain":0.0,"event_name":"Upgrade Shrine","player_choice":"Upgraded","floor":41.0,"gold_loss":0.0,"damage_taken":0.0,"cards_upgraded":["StSShapeShifter:Efflorescence"]}],"is_beta":false,"boss_relics":[{"not_picked":["Painkiller Herb","reliquary:RedCape"],"picked":"reliquary:RedPaperclip"},{"not_picked":["Replay:Drink Me","Philosopher\u0027s Stone"],"picked":"Replay:Grab Bag"},{"not_picked":["Cursed Key","ReplayTheSpireMod:Onyx Gauntlets"],"picked":"infinitespire:Cupcake"},{"not_picked":["reliquary:KinkedSpring","Replay:Wanted Poster"],"picked":"Sozu"},{"not_picked":["StSpp:Balance","StSpp:PileOfSugar"],"picked":"SacredBark"}],"items_purged_floors":[5,5,5,5,50,50,50,50,50,50,50,50],"is_endless":false,"potions_floor_spawned":[1,2,8,11,16,18,23,33,35,49,51,52],"ascension_level":1}}