{"host":"a4s27ghlnr83kbqz","time":1614417923,"event":{"mods":["AchievementEnabler","BaseMod","Colored Map","Minty Spire (QoL Compilation)","Permanent Neow","SuperFastMode"],"gold_per_floor":[118,118,135,152,152,152,168,179,179,179,189,189,203,233,233,304,304,322,4,24,24,24,24,35,67,67,80,80,92,92,112,112,112,112],"floor_reached":33,"language":"KOR","playtime":629,"items_purged":["Strike_G"],"score":457,"play_id":"996aeb71-94f7-46af-a8dc-2ce36f15ca8b","local_time":"20210227182523","is_ascension_mode":true,"campfire_choices":[{"data":"Envenom","floor":6.0,"key":"SMITH"},{"floor":10.0,"key":"REST"},{"data":"Dagger Spray","floor":12.0,"key":"SMITH"},{"data":"Backstab","floor":15.0,"key":"SMITH"},{"floor":23,"key":"REST"},{"floor":28,"key":"REST"},{"floor":30,"key":"REST"},{"floor":32,"key":"REST"}],"circlet_count":0,"master_deck":["AscendersBane","Strike_G+1","Defend_G","Defend_G","Defend_G","Defend_G","Defend_G","Survivor+1","Neutralize","Envenom+1","Bane","Dagger Spray","Dash","Dagger Spray+1","Backstab+1","After Image","Corpse Explosion+1","Malaise+1","Backstab+1","Bane+1","PiercingWail+1","Endless Agony+1","Footwork","Crippling Poison"],"relics":["Ring of the Snake","Art of War","Question Card","Odd Mushroom","Astrolabe","Bottled Tornado","Paper Crane","Smiling Mask"],"acts_visited":["Exordium","TheCity"],"potions_floor_usage":[16,20,25,25,25,31,31],"damage_taken":[{"damage":4.0,"enemies":"Jaw Worm","floor":1.0,"turns":7.0},{"damage":6.0,"enemies":"2 Louse","floor":3.0,"turns":4.0},{"damage":0.0,"enemies":"Small Slimes","floor":4.0,"turns":2.0},{"damage":0.0,"enemies":"2 Fungi Beasts","floor":7.0,"turns":2.0},{"damage":0.0,"enemies":"Exordium Wildlife","floor":8.0,"turns":2.0},{"damage":15.0,"enemies":"Exordium Thugs","floor":11.0,"turns":5.0},{"damage":6.0,"enemies":"3 Louse","floor":13.0,"turns":3.0},{"damage":9.0,"enemies":"The Mushroom Lair","floor":14.0,"turns":2.0},{"damage":9,"enemies":"Slime Boss","floor":16,"turns":9},{"damage":0,"enemies":"3 Byrds","floor":18,"turns":2},{"damage":16,"enemies":"Spheric Guardian","floor":20,"turns":6},{"damage":12,"enemies":"Snecko","floor":24,"turns":3},{"damage":22,"enemies":"Book of Stabbing","floor":25,"turns":5},{"damage":18,"enemies":"Centurion and Healer","floor":27,"turns":2},{"damage":19,"enemies":"Shelled Parasite and Fungi","floor":29,"turns":5},{"damage":15,"enemies":"Chosen and Byrds","floor":31,"turns":6},{"damage":25,"enemies":"Automaton","floor":33,"turns":4}],"seed_played":"9000997084048851822","potions_obtained":[{"floor":3.0,"key":"Explosive Potion"},{"floor":4.0,"key":"Dexterity Potion"},{"floor":14.0,"key":"PowerPotion"},{"floor":16,"key":"EntropicBrew"},{"floor":20,"key":"Poison Potion"},{"floor":27,"key":"Strength Potion"}],"is_trial":false,"path_per_floor":["M","?","M","M","?","R","M","M","T","R","M","R","M","?","R","B",null,"M","$","M","?","?","R","M","E","T","M","R","M","R","M","R","B"],"character_chosen":"THE_SILENT","items_purchased":["Bottled Tornado"],"campfire_rested":5,"item_purchase_floors":[19],"current_hp_per_floor":[55,50,44,44,26,26,26,26,26,44,29,29,23,14,14,5,46,46,46,30,42,36,54,42,20,20,2,20,1,19,4,22,0,0],"gold":112,"neow_bonus":"THREE_RARE_CARDS","is_daily":false,"chose_seed":false,"campfire_upgraded":3,"win_rate":0.0,"timestamp":1614417923,"path_taken":["M","?","M","M","?","R","M","M","T","R","M","R","M","?","R","BOSS","M","$","M","?","?","R","M","E","T","M","R","?","R","M","R","BOSS"],"items_purchased_type":["Relic"],"build_version":"2020-12-22","purchased_purges":1,"victory":false,"max_hp_per_floor":[60,60,60,60,60,60,60,60,60,60,60,60,60,60,60,60,60,60,60,60,60,60,60,60,60,60,60,60,60,60,60,60,60,60],"card_choices":[{"not_picked":["Bullet Time","Storm of Steel"],"picked":"Envenom","floor":0.0},{"not_picked":["PiercingWail","Infinite Blades"],"picked":"Bane","floor":1.0},{"not_picked":["Blade Dance","Setup"],"picked":"Dagger Spray","floor":3.0},{"not_picked":["Outmaneuver","Dodge and Roll"],"picked":"Dash","floor":4.0},{"not_picked":["Deflect","Calculated Gamble","Sucker Punch"],"picked":"SKIP","floor":7.0},{"not_picked":["Bane","Outmaneuver"],"picked":"Dagger Spray","floor":8.0},{"not_picked":["Infinite Blades","Blur","Bane"],"picked":"Backstab","floor":11.0},{"not_picked":["Calculated Gamble","Cloak And Dagger","After Image","Deflect"],"picked":"SKIP","floor":13.0},{"not_picked":["Night Terror","Envenom","Venomology"],"picked":"After Image","floor":16},{"not_picked":["Slice+1","Flying Knee","Sucker Punch","Flechettes+1"],"picked":"SKIP","floor":18},{"not_picked":["All Out Attack","Well Laid Plans","Flechettes"],"picked":"Bane+1","floor":20},{"not_picked":["Dash","Riddle With Holes","Expertise"],"picked":"PiercingWail+1","floor":24},{"not_picked":["Prepared","Quick Slash","Cloak And Dagger"],"picked":"Endless Agony+1","floor":25},{"not_picked":["Bouncing Flask","Dodge and Roll","Deadly Poison"],"picked":"Footwork","floor":27},{"not_picked":["Finisher","Grand Finale","Expertise","Calculated Gamble"],"picked":"SKIP","floor":29},{"not_picked":["Sucker Punch+1","Finisher","Skewer"],"picked":"Crippling Poison","floor":31}],"player_experience":1152992,"relics_obtained":[{"floor":9.0,"key":"Question Card"},{"floor":14.0,"key":"Odd Mushroom"},{"floor":25,"key":"Paper Crane"},{"floor":26,"key":"Smiling Mask"}],"event_choices":[{"damage_healed":0.0,"max_hp_gain":0.0,"max_hp_loss":0.0,"gold_gain":0.0,"event_name":"Scrap Ooze","player_choice":"Success","floor":2.0,"gold_loss":0.0,"damage_taken":5.0,"relics_obtained":["Art of War"]},{"damage_healed":0.0,"max_hp_gain":0.0,"max_hp_loss":0.0,"gold_gain":0.0,"event_name":"Shining Light","player_choice":"Entered Light","floor":5.0,"gold_loss":0.0,"damage_taken":18.0,"cards_upgraded":["Strike_G","Survivor"]},{"damage_healed":0.0,"max_hp_gain":0.0,"max_hp_loss":0.0,"gold_gain":0.0,"event_name":"Mushrooms","player_choice":"Fought Mushrooms","floor":14.0,"gold_loss":0.0,"damage_taken":0.0},{"damage_healed":12,"gold_gain":0,"player_choice":"Heal","damage_taken":0,"max_hp_gain":0,"max_hp_loss":0,"event_name":"The Library","floor":21,"gold_loss":0},{"damage_healed":0,"gold_gain":0,"player_choice":"","damage_taken":6,"max_hp_gain":0,"max_hp_loss":0,"event_name":"Knowing Skull","floor":22,"potions_obtained":[],"gold_loss":0,"cards_obtained":[]}],"is_beta":false,"boss_relics":[{"not_picked":["Pandora\u0027s Box","SacredBark"],"picked":"Astrolabe"}],"items_purged_floors":[19],"is_endless":false,"potions_floor_spawned":[3,4,14,16,18,20,27],"killed_by":"Automaton","ascension_level":15}}