{"host":"w14xfy17z3c5mpoi","time":1614388446,"event":{"mods":["AchievementEnabler","BaseMod","Minty Spire (QoL Compilation)","Relic Stats"],"gold_per_floor":[118,118,118,118,128,128,128,128,128,128,145,160,172,186,186,186,186],"floor_reached":16,"language":"ENG","playtime":135,"items_purged":[],"score":92,"play_id":"96be5a6e-e591-4d1d-bd4c-ed8b14a0e3ad","local_time":"20210226201406","is_ascension_mode":false,"campfire_choices":[{"floor":6,"key":"RECALL"},{"data":"FollowUp","floor":8,"key":"SMITH"},{"data":"Defend_P","floor":10,"key":"SMITH"},{"floor":15,"key":"REST"}],"circlet_count":0,"master_deck":["Strike_P","Strike_P","Strike_P","Strike_P","Defend_P+1","Defend_P+1","Defend_P","Defend_P+1","Eruption+1","Vigilance+1","EmptyFist","FollowUp+1","CrushJoints","Consecrate","Indignation"],"relics":["PureWater","NeowsBlessing","Calipers"],"acts_visited":["Exordium"],"potions_floor_usage":[],"damage_taken":[{"damage":0,"enemies":"2 Louse","floor":1,"turns":1},{"damage":0,"enemies":"Small Slimes","floor":5,"turns":1},{"damage":0,"enemies":"Cultist","floor":11,"turns":1},{"damage":5,"enemies":"Red Slaver","floor":12,"turns":3},{"damage":0,"enemies":"3 Louse","floor":13,"turns":1},{"damage":26,"enemies":"Exordium Thugs","floor":14,"turns":3},{"damage":0,"enemies":"Slime Boss","floor":16,"turns":1}],"seed_played":"-3105560759645703399","potions_obtained":[{"floor":1,"key":"ColorlessPotion"},{"floor":13,"key":"Dexterity Potion"}],"is_trial":false,"path_per_floor":["M","?","?","?","M","R","$","R","T","R","M","M","M","M","R","B"],"character_chosen":"WATCHER","items_purchased":[],"campfire_rested":1,"item_purchase_floors":[],"current_hp_per_floor":[72,72,58,58,58,58,58,58,58,58,58,53,53,27,48,48,48],"gold":186,"neow_bonus":"THREE_ENEMY_KILL","is_daily":false,"chose_seed":false,"campfire_upgraded":2,"win_rate":0.0,"timestamp":1614388446,"path_taken":["M","?","?","?","M","R","$","R","T","R","M","M","M","?","R","BOSS"],"items_purchased_type":[],"build_version":"2020-12-22","purchased_purges":0,"victory":false,"max_hp_per_floor":[72,72,72,72,72,72,72,72,72,72,72,72,72,72,72,72,72],"relic_stats":{"counters":[7,11],"obtain_stats":[{"Calipers":9,"NeowsBlessing":0,"PureWater":0},{"Calipers":2,"NeowsBlessing":0,"PureWater":0},{"Calipers":2,"NeowsBlessing":0,"PureWater":0}]},"card_choices":[{"not_picked":["Meditate","FlurryOfBlows"],"picked":"EmptyFist","floor":1},{"not_picked":["MentalFortress","Halt"],"picked":"FollowUp","floor":5},{"not_picked":["Perseverance","Nirvana"],"picked":"CrushJoints","floor":11},{"not_picked":["Crescendo","JustLucky"],"picked":"Consecrate","floor":12},{"not_picked":["Halt","Adaptation"],"picked":"Indignation","floor":13},{"not_picked":["MasterReality","ClearTheMind","EmptyBody"],"picked":"SKIP","floor":14}],"player_experience":836483,"relics_obtained":[{"floor":9,"key":"Calipers"}],"event_choices":[{"damage_healed":0,"gold_gain":0,"player_choice":"Grow","damage_taken":0,"max_hp_gain":0,"max_hp_loss":0,"event_name":"Living Wall","floor":2,"gold_loss":0,"cards_upgraded":["Eruption"]},{"damage_healed":0,"gold_gain":0,"player_choice":"Entered Light","damage_taken":14,"max_hp_gain":0,"max_hp_loss":0,"event_name":"Shining Light","floor":3,"gold_loss":0,"cards_upgraded":["Defend_P","Defend_P"]},{"damage_healed":0,"gold_gain":0,"player_choice":"Forge","damage_taken":0,"max_hp_gain":0,"max_hp_loss":0,"event_name":"Accursed Blacksmith","floor":4,"gold_loss":0,"cards_upgraded":["Vigilance"]}],"is_beta":false,"boss_relics":[],"items_purged_floors":[],"is_endless":false,"potions_floor_spawned":[1,13],"killed_by":"Slime Boss","ascension_level":0}}