{"host":"i0kvgscy22nkofud","time":1614457932,"event":{"mods":["AchievementEnabler","BaseMod","BetterRewards","Colored Map","Colored Powertips","Highlight Path","Hubris","Infinite Spire","Minty Spire (QoL Compilation)","Quick Restart","Replay The Spire","StSLib"],"gold_per_floor":[117,129,129,143,158,158,188,188,188,212,284,284,284,315,315,414,414,424,24,39,39,56,56,56,68,68,68,83,83,98,6,6,103,153,171,171,171,184,184,198,198,198,221,67,67,67,77,112,112,112,112],"floor_reached":50,"language":"ENG","playtime":7359,"items_purged":["Strike_R"],"score":503,"play_id":"8cf9dba0-c34a-4ba2-9791-c313d32950c5","local_time":"20210227133212","is_ascension_mode":false,"campfire_choices":[{"data":"Infernal Blade","floor":6,"key":"SMITH"},{"floor":13,"key":"REST"},{"data":"ReplayTheSpireMod:Chaos Vortex","floor":15,"key":"SMITH"},{"data":"Enlightenment","floor":23,"key":"SMITH"},{"floor":27,"key":"REST"},{"data":"infinitespire:FinalStrike","floor":32,"key":"SMITH"},{"floor":41,"key":"REST"},{"floor":45,"key":"REST"},{"data":"Barricade","floor":49,"key":"SMITH"}],"circlet_count":0,"master_deck":["Strike_R+1","Strike_R","Strike_R","Strike_R","Defend_R","Defend_R+1","Defend_R","Defend_R","Infernal Blade+1","Self Repair+1","ReplayTheSpireMod:Limb From Limb","Mirror Shield","ReplayTheSpireMod:Chaos Vortex+1","Flex+1","Reaper","Enlightenment+1","Flex+1","Spot Weakness","Enlightenment+1","infinitespire:FinalStrike+1","Bludgeon","Anger","Flex","Double Tap","Rage+1","Madness+1","Madness+1","hubris:SharpeningStone","Flex+1","Barricade+1"],"relics":["Iron Core","hubris:OldNail","Gremlin Food","MealTicket","infinitespire:Eraser","Mark of Pain","HornCleat","DollysMirror","FossilizedHelix","Tiny House","Philosopher\u0027s Stone","Strange Spoon","hubris:Icosahedron","hubris:Towel","ReplayFunnel","HandDrill","Sundial"],"acts_visited":["Exordium","TheCity","TheBeyond"],"potions_floor_usage":[7,7,33,33,33,48,50,50],"damage_taken":[{"damage":5,"enemies":"Cultist","floor":1,"turns":4},{"damage":5,"enemies":"2 Louse","floor":2,"turns":3},{"damage":6,"enemies":"Jaw Worm","floor":4,"turns":3},{"damage":11,"enemies":"Large Slime","floor":5,"turns":4},{"damage":25,"enemies":"Gremlin Nob","floor":7,"turns":4},{"damage":17,"enemies":"3 Sentries","floor":14,"turns":10},{"damage":56,"enemies":"The Guardian","floor":16,"turns":10},{"damage":0,"enemies":"Chosen","floor":18,"turns":6},{"damage":0,"enemies":"Spheric Guardian","floor":20,"turns":4},{"damage":26,"enemies":"Centurion and Healer","floor":22,"turns":13},{"damage":18,"enemies":"Shelled Parasite and Fungi","floor":25,"turns":7},{"damage":0,"enemies":"Snake Plant","floor":28,"turns":5},{"damage":0,"enemies":"Snecko","floor":30,"turns":4},{"damage":64,"enemies":"Collector","floor":33,"turns":11},{"damage":0,"enemies":"3 Shapes","floor":35,"turns":3},{"damage":28,"enemies":"3 Darklings","floor":38,"turns":6},{"damage":68,"enemies":"4 Shapes","floor":40,"turns":10},{"damage":0,"enemies":"Jaw Worm Horde","floor":47,"turns":5},{"damage":7,"enemies":"Nightmare","floor":48,"turns":9},{"damage":97,"enemies":"infinitespire:MassOfShapes","floor":50,"turns":10}],"seed_played":"-2993807562405999485","potions_obtained":[{"floor":2,"key":"Weak Potion"},{"floor":4,"key":"AttackPotion"},{"floor":16,"key":"Languid Potion"},{"floor":18,"key":"Dexterity Potion"},{"floor":22,"key":"Dexterity Potion"},{"floor":25,"key":"FearPotion"},{"floor":33,"key":"SpeedPotion"},{"floor":34,"key":"LiquidBronze"},{"floor":48,"key":"Languid Potion"}],"is_trial":false,"path_per_floor":["M","M","?","M","M","R","E","?","T","T","?","?","R","E","R","B",null,"M","$","M","?","M","R","AVR","M","T","R","M","?","M","$","R","B",null,"M","AVR","?","M","?","M","R","?","T","$","R","NS","M","NM","R","B"],"character_chosen":"IRONCLAD","items_purchased":["Enlightenment","HornCleat","Flex","Anger","Flex","HandDrill"],"campfire_rested":4,"item_purchase_floors":[19,19,19,31,31,44],"current_hp_per_floor":[80,80,80,80,79,79,64,44,44,44,44,70,80,73,73,27,80,80,80,80,80,64,64,64,56,56,80,80,80,80,80,80,26,85,85,85,74,64,64,28,53,53,53,68,85,85,85,85,85,0,0],"gold":112,"neow_bonus":"RANDOM_EVENT","is_daily":false,"chose_seed":false,"campfire_upgraded":5,"win_rate":0.0,"timestamp":1614457932,"path_taken":["M","M","?","M","M","R","E","?","T","?","?","?","R","E","R","BOSS","M","$","M","?","M","R","AVR","M","T","R","?","?","?","$","R","BOSS","M","AVR","?","M","?","M","R","?","T","$","R","NS","M","NM","R","BOSS"],"items_purchased_type":["Card","Relic","Card","Card","Card","Relic"],"build_version":"2020-12-22","purchased_purges":1,"victory":false,"max_hp_per_floor":[80,80,80,80,80,80,80,80,80,80,80,80,80,80,80,80,80,80,80,80,80,80,80,80,80,80,80,80,80,80,80,80,80,85,85,85,85,85,85,85,85,85,85,85,85,85,85,85,85,85,85],"card_choices":[{"not_picked":["Battle Trance","Rampage"],"picked":"Infernal Blade","floor":1},{"not_picked":["Pommel Strike","Shrug It Off"],"picked":"Thunderclap","floor":2},{"not_picked":["Warcry","Replay:Undeath\u0027s Touch"],"picked":"ReplayTheSpireMod:Limb From Limb","floor":4},{"not_picked":["Intimidate","hubris:ReadiedAction","ReplayTheSpireMod:Strike From Hell"],"picked":"SKIP","floor":5},{"not_picked":["Intimidate","hubris:ReadiedAction","ReplayTheSpireMod:Strike From Hell"],"picked":"SKIP","floor":5},{"not_picked":["Intimidate","hubris:ReadiedAction","ReplayTheSpireMod:Strike From Hell"],"picked":"SKIP","floor":5},{"not_picked":["ReplayTheSpireMod:Strike From Hell","Rebound"],"picked":"Mirror Shield","floor":7},{"not_picked":["Replay:Fractal Strike","infinitespire:NeuralNetwork"],"picked":"ReplayTheSpireMod:Chaos Vortex","floor":8},{"not_picked":["WeaponsOverheat","Feel No Pain"],"picked":"Flex","floor":14},{"not_picked":["Berserk","Replay:Many Hands"],"picked":"Reaper","floor":16},{"not_picked":["Pommel Strike+1","hubris:ReadiedAction","Second Wind+1"],"picked":"SKIP","floor":18},{"not_picked":["True Grit","Armaments","Clash+1"],"picked":"SKIP","floor":20},{"not_picked":["Sever Soul","Cleave"],"picked":"Spot Weakness","floor":22},{"not_picked":["Thunderclap","Corruption","Armaments"],"picked":"SKIP","floor":25},{"not_picked":["Perfected Strike","Run Through","Power Through+1"],"picked":"SKIP","floor":28},{"not_picked":["Clash","Second Wind","Run Through"],"picked":"SKIP","floor":30},{"not_picked":["Eclipse","Offering"],"picked":"Double Tap","floor":33},{"not_picked":["Clash","Flex"],"picked":"Rage+1","floor":35},{"not_picked":["Searing Blow+1","Rupture"],"picked":"hubris:SharpeningStone","floor":38},{"not_picked":["Armaments+1","Headbutt+1","Thunderclap+1"],"picked":"SKIP","floor":40},{"not_picked":["Thunderclap","Cleave+1"],"picked":"Flex+1","floor":47},{"not_picked":["Body Slam","Warcry+1"],"picked":"Barricade","floor":48}],"player_experience":31521,"relics_obtained":[{"floor":7,"key":"hubris:OldNail"},{"floor":9,"key":"Gremlin Food"},{"floor":10,"key":"MealTicket"},{"floor":14,"key":"infinitespire:Eraser"},{"floor":26,"key":"FossilizedHelix"},{"floor":43,"key":"ReplayFunnel"},{"floor":48,"key":"Sundial"}],"event_choices":[{"cards_removed":["Bash"],"damage_healed":0,"gold_gain":0,"player_choice":"Forget","damage_taken":0,"max_hp_gain":0,"max_hp_loss":0,"event_name":"Living Wall","floor":0,"gold_loss":0},{"damage_healed":0,"gold_gain":72,"player_choice":"Gained Gold","damage_taken":0,"max_hp_gain":0,"max_hp_loss":0,"event_name":"Golden Wing","floor":11,"gold_loss":0},{"damage_healed":26,"gold_gain":0,"player_choice":"Banana","damage_taken":0,"max_hp_gain":0,"max_hp_loss":0,"event_name":"Big Fish","floor":12,"gold_loss":0},{"cards_removed":["Thunderclap"],"damage_healed":0,"gold_gain":0,"player_choice":"Purged","damage_taken":0,"max_hp_gain":0,"max_hp_loss":0,"event_name":"Purifier","floor":21,"gold_loss":0},{"damage_healed":0,"gold_gain":0,"player_choice":"1 cards matched","damage_taken":0,"max_hp_gain":0,"max_hp_loss":0,"event_name":"Match and Keep!","floor":29,"gold_loss":0,"cards_obtained":["Bludgeon"]},{"damage_healed":0,"gold_gain":0,"player_choice":"Embrace Madness","damage_taken":11,"max_hp_gain":0,"max_hp_loss":0,"event_name":"Winding Halls","floor":37,"gold_loss":0,"cards_obtained":["Madness","Madness"]}],"is_beta":false,"boss_relics":[{"not_picked":["Snecko Eye","Velvet Choker"],"picked":"Mark of Pain"},{"not_picked":["hubris:GrandSneckoEye","hubris:RunicObelisk"],"picked":"Tiny House"}],"items_purged_floors":[24],"is_endless":false,"potions_floor_spawned":[2,4,16,18,22,25,33,48],"killed_by":"infinitespire:MassOfShapes","ascension_level":0}}