{"host":"lkiec0wxjd85dqdp","time":1614430954,"event":{"mods":["2.2 Compatiblity","BaseMod","Bestiary","Block Reminder","Colored Map","Colored Powertips","DeckTracker","Googly Eyes","Hermit","Highlight Path","Marisa????????","Minty Spire (QoL Compilation)","Quick Restart","Rare Cards Sparkle","StSLib","The Cursed","The Servant 0.9.4","Unknown Chances"],"gold_per_floor":[109,109,120,132,145,145,161,161,161,12,12,12],"floor_reached":11,"language":"RUS","playtime":240,"items_purged":[],"score":65,"play_id":"fd416ca7-e7dd-4112-9cc7-36f7ec4ffcf2","local_time":"20210227150234","is_ascension_mode":false,"campfire_choices":[{"data":"KidneyShot","floor":6,"key":"SMITH"},{"data":"Exchange","floor":8,"key":"SMITH"}],"circlet_count":0,"master_deck":["Strike_S","Strike_S","Strike_S","Strike_S","Defend_S","Defend_S","Defend_S","Defend_S","KidneyShot+1","Exchange+1","Moonlight","DoubleEdge","Advance","FanOfKnives","TheWorld"],"relics":["Uniform","NeowsBlessing","Dream Catcher"],"acts_visited":["Exordium"],"potions_floor_usage":[],"damage_taken":[{"damage":0,"enemies":"Jaw Worm","floor":1,"turns":1},{"damage":0,"enemies":"Cultist","floor":3,"turns":1},{"damage":0,"enemies":"2 Louse","floor":4,"turns":1},{"damage":12,"enemies":"Looter","floor":5,"turns":3},{"damage":38,"enemies":"Gremlin Gang","floor":7,"turns":4},{"damage":21,"enemies":"Lagavulin","floor":11,"turns":3}],"seed_played":"-7966093036758674926","potions_obtained":[{"floor":1,"key":"SpeedPotion"},{"floor":2,"key":"PowerPotion"},{"floor":2,"key":"Weak Potion"}],"is_trial":false,"path_per_floor":["M","?","M","M","M","R","M","R","T","$","E"],"character_chosen":"THE_SERVANT","items_purchased":["TheWorld"],"campfire_rested":0,"item_purchase_floors":[10],"current_hp_per_floor":[65,65,65,65,53,53,15,15,15,15,0,0],"gold":12,"neow_bonus":"THREE_ENEMY_KILL","is_daily":false,"chose_seed":false,"campfire_upgraded":2,"win_rate":0.0,"timestamp":1614430954,"path_taken":["M","?","?","M","M","R","M","R","T","?","E"],"items_purchased_type":["Card"],"build_version":"2020-12-22","purchased_purges":0,"victory":false,"max_hp_per_floor":[65,65,65,65,65,65,65,65,65,65,65,65],"card_choices":[{"not_picked":["StarChef","Potential"],"picked":"Moonlight","floor":1},{"not_picked":["TimeWarp","Unruled"],"picked":"DoubleEdge","floor":3},{"not_picked":["Rewind","TimeWarp","DoubleEdge"],"picked":"SKIP","floor":4},{"not_picked":["FastForward","Foresight"],"picked":"Advance","floor":5},{"not_picked":["Advance","GearUp"],"picked":"FanOfKnives","floor":7}],"player_experience":110963,"relics_obtained":[{"floor":9,"key":"Dream Catcher"}],"event_choices":[{"damage_healed":0,"gold_gain":0,"player_choice":"Got Potions","damage_taken":0,"max_hp_gain":0,"max_hp_loss":0,"event_name":"Lab","floor":2,"gold_loss":0}],"is_beta":false,"boss_relics":[],"items_purged_floors":[],"is_endless":false,"potions_floor_spawned":[1,5],"killed_by":"Lagavulin","ascension_level":0}}