{"host":"gm50ke85n5jz306u","time":1614429769,"event":{"mods":["AchievementEnabler","AlwaysNeverKeys","Aspiration","BaseMod","Beaked The Cultist","Bestiary","Better Altar","Better Match","Better Note","Better Sensory Stone","Better Skull","Better Third Choice","Better Vampires","Better-Laid Plans","BetterRewards","Colored Powertips","Curses Come First","DNKmod","Defuse TimeMaze Blight","Disable Question Mark Monsters","Displayed Cursed Tome","Downfall","Emptier Cage","Extra Virgin Snecko Oil","Filter the Spire","Friendly Minions","Gremlin Skip","Hermit","Hubris","Hyrulean Relics","Ironclad Rager","Koishi","Lobotomy","Marisa????????","Marked Mod","Minty Spire (QoL Compilation)","Permanent Neow","Poor People Problems","Quick Restart","Reimu??????","Relic Filter Mod","Relic Sorter","Remove Card Discount Mod","Reorder Act Four","Replay The Spire","Shop Mod","StSLib","Synergy Search","Td1madao Mod","The Administrix","The Animator","The Blue Laboratory","The Bug Knight","The Construct","The Cursed","The Disciple","The Hierophant","The Necromancer","The Runesmith","The Senshi","The Servant 0.9.4","Thieving Mod","Transform Curses","WarShipGirlsR/????R mod"],"gold_per_floor":[10020,9679,9679,9692,9692,9692,9204,9214,9214,9214,9214,9214,9242,9261,9261,9362,9362,9381,9401,8854,8872,8872,8872,8261,8261,8343,8358,8358,7629,7649,7689,7689,7796,7796,7822,7822,7837,7847,7847,7563,7563,7606,7653,7663,7508,7525,7545,6965,6965,6965],"floor_reached":51,"language":"ENG","playtime":2391,"items_purged":["Injury","Zap+1","Dualcast+1","BasicCrystalCard+1","Strike_B","Strike_B","Strike_B","Strike_B","Turbo+1","Defend_B","Defend_B","Defend_B+1","Defend_B","Mirror Shield+1","Darkness+1","Darkness+1","Darkness+1","Glacier+1","Reprogram+1","aspiration:Polymerization+1","Hologram+1","Hologram+1","Redo+1","Redo+1","Core Surge"],"score":1157,"play_id":"2fa00180-b363-4fa6-9d3b-bbeb274744b3","local_time":"20210227134249","is_ascension_mode":true,"campfire_choices":[{"data":"Darkness","floor":6.0,"key":"SMITH"},{"data":"Hologram","floor":10.0,"key":"SMITH"},{"data":"Zap","floor":10.0,"key":"SMITH"},{"data":"Dualcast","floor":12.0,"key":"SMITH"},{"data":"Glacier","floor":12.0,"key":"SMITH"},{"data":"Blizzard","floor":15.0,"key":"SMITH"},{"data":"Defend_B","floor":15.0,"key":"SMITH"},{"floor":23,"key":"REST"},{"data":"Meteor Strike","floor":25,"key":"SMITH"},{"floor":28,"key":"REST"},{"data":"Meteor Strike+1","floor":32,"key":"PURGE"},{"floor":49,"key":"DIG"}],"circlet_count":0,"master_deck":["Blizzard+1","Coolheaded+1","Coolheaded+1","Coolheaded+1","Panacea+1","Defragment+1"],"relics":["Cracked Core","hubris:Icosahedron","aspiration:DSix","aspiration:BursterCore","Pen Nib","Emotion Chip","Cables","Happy Flower","Calipers","Solar Panel","MerchantsRug","Akabeko","Bag of Preparation","Toxic Egg 2","Replay:Arrowhead","hubris:EmptyBottle","CeramicFish","PreservedInsect","Toy Ornithopter","Replay:Multitool","Sling","Bag of Marbles","ReplayTheSpireMod:ShopPack","Blue Doll","Orichalcum","ClockworkSouvenir","hubris:TinFlute","CrazyTorch:ReiMu"],"acts_visited":["Exordium","TheCity","TheBeyond"],"potions_floor_usage":[30,30],"damage_taken":[{"damage":4.0,"enemies":"Jaw Worm","floor":1.0,"turns":3.0},{"damage":0.0,"enemies":"Small Slimes","floor":4.0,"turns":2.0},{"damage":0.0,"enemies":"Cultist","floor":8.0,"turns":2.0},{"damage":0.0,"enemies":"Lagavulin","floor":13.0,"turns":3.0},{"damage":0.0,"enemies":"3 Louse","floor":14.0,"turns":1.0},{"damage":1.0,"enemies":"The Guardian","floor":16.0,"turns":5.0},{"damage":0,"enemies":"Spheric Guardian","floor":18,"turns":2},{"damage":0,"enemies":"2 Thieves","floor":19,"turns":3},{"damage":0,"enemies":"Sentry and Sphere","floor":21,"turns":1},{"damage":0,"enemies":"Chosen and Byrds","floor":27,"turns":1},{"damage":0,"enemies":"Cultist and Chosen","floor":30,"turns":2},{"damage":0,"enemies":"Book of Stabbing","floor":31,"turns":1},{"damage":0,"enemies":"Champ","floor":33,"turns":2},{"damage":0,"enemies":"Orb Walker","floor":35,"turns":1},{"damage":0,"enemies":"3 Darklings","floor":37,"turns":2},{"damage":2,"enemies":"Jaw Worm Horde","floor":38,"turns":2},{"damage":0,"enemies":"Giant Head","floor":42,"turns":1},{"damage":0,"enemies":"Sphere and 2 Shapes","floor":44,"turns":1},{"damage":0,"enemies":"Spire Growth","floor":46,"turns":1},{"damage":0,"enemies":"Jaw Worm Horde","floor":47,"turns":1},{"damage":0,"enemies":"Awakened One","floor":50,"turns":2}],"seed_played":"-7337157486724527157","potions_obtained":[{"floor":4.0,"key":"blueLaboratory:HummingbirdPotion"},{"floor":13.0,"key":"blueLaboratory:FrostheartPotion"},{"floor":14.0,"key":"blueLaboratory:Moonshine"},{"floor":16.0,"key":"blueLaboratory:ForbiddenFruitJuice"},{"floor":31,"key":"Energy Potion"},{"floor":38,"key":"blueLaboratory:Moonshine"},{"floor":47,"key":"FearPotion"}],"is_trial":false,"path_per_floor":["M","$","?","M","?","R","$","M","T","R","?","R","E","M","R","B",null,"M","M","$","M","?","R","$","R","T","M","R","$","M","E","R","B",null,"M","?","M","M","?","$","R","E","T","M","$","M","M","$","R","B",null],"character_chosen":"DEFECT","items_purchased":["Bag of Preparation","Blizzard","Coolheaded+1","Darkness","Darkness+1","Replay:Arrowhead","Akabeko","hubris:EmptyBottle","Pen Nib","CeramicFish","Hologram+1","Elixir","MerchantsRug","Redo+1","PreservedInsect","Toy Ornithopter","Meteor Strike","Calipers","Replay:Multitool","Sling","blueLaboratory:FruitPunch","Bag of Marbles","ReplayTheSpireMod:ShopPack","Blue Doll","Orichalcum","ClockworkSouvenir","hubris:TinFlute","Adrenaline Potion"],"campfire_rested":2,"item_purchase_floors":[2,2,2,2,7,7,7,20,20,20,20,20,24,24,24,24,24,29,29,29,29,40,40,45,48,48,48,48],"current_hp_per_floor":[996,996,996,996,996,996,996,996,996,996,996,996,996,996,996,995,1000,1000,1000,1000,1000,1000,1000,1000,1000,1000,1000,1000,1000,1004,1004,1004,1004,1004,1004,1004,1004,1002,1002,1002,1004,1004,1004,1004,1004,1004,1004,1004,1004,1004],"gold":6965,"neow_bonus":"DSIX","is_daily":false,"chose_seed":false,"campfire_upgraded":8,"win_rate":0.0,"timestamp":1614429769,"path_taken":["M","$","?","?","?","R","$","M","T","R","?","R","E","M","R","BOSS","M","M","$","M","?","R","$","R","T","M","R","$","M","E","R","BOSS","M","?","M","M","?","$","R","E","T","M","$","M","M","$","R","BOSS"],"items_purchased_type":["Relic","Card","Card","Card","Card","Relic","Relic","Relic","Relic","Relic","Card","Potion","Relic","Card","Relic","Relic","Card","Relic","Relic","Relic","Potion","Relic","Relic","Relic","Relic","Relic","Relic","Potion"],"build_version":"2020-12-22","purchased_purges":25,"victory":true,"max_hp_per_floor":[1000,1000,1000,1000,1000,1000,1000,1000,1000,1000,1000,1000,1000,1000,1000,1000,1000,1000,1000,1000,1000,1000,1000,1000,1000,1000,1000,1000,1000,1004,1004,1004,1004,1004,1004,1004,1004,1004,1004,1004,1004,1004,1004,1004,1004,1004,1004,1004,1004,1004],"card_choices":[{"not_picked":["Steam","Cold Snap"],"picked":"Hologram","floor":1.0},{"not_picked":["Ball Lightning","ReplayTheSpireMod:System Scan"],"picked":"Glacier","floor":4.0},{"not_picked":["ReplayTheSpireMod:GoodbyeWorld","Beam Cell","Compile Driver"],"picked":"SKIP","floor":8.0},{"not_picked":["Barrage","ReplaySolidLightProjector+1"],"picked":"Redo+1","floor":13.0},{"not_picked":["Static Discharge","Panic Button+1"],"picked":"Turbo+1","floor":14.0},{"not_picked":["Buffer","All For One"],"picked":"Mirror Shield+1","floor":16.0},{"not_picked":["Ball Lightning","Streamline"],"picked":"BasicCrystalCard+1","floor":18},{"not_picked":["Streamline","Go for the Eyes","Stack+1"],"picked":"SKIP","floor":19},{"not_picked":["Beam Cell+1","ReplayTheSpireMod:System Scan+1","Ball Lightning"],"picked":"SKIP","floor":21},{"not_picked":["Ball Lightning","Steam+1","Turbo+1"],"picked":"SKIP","floor":27},{"not_picked":["Panic Button+1","Cold Snap+1"],"picked":"aspiration:Polymerization+1","floor":30},{"not_picked":["Steam+1","Heatsinks"],"picked":"Coolheaded+1","floor":31},{"not_picked":["Echo Form","Seek+1"],"picked":"Core Surge","floor":33},{"not_picked":["Conserve Battery+1","Rebound"],"picked":"Reprogram+1","floor":35},{"not_picked":["Panic Button+1","Time Bomb+1","Genetic Algorithm+1"],"picked":"SKIP","floor":37},{"not_picked":["Beam Cell+1","Loop+1","Steam+1"],"picked":"SKIP","floor":38},{"not_picked":["Midas Touch","Survey Options"],"picked":"Panacea","floor":40},{"not_picked":["Streamline","Go for the Eyes+1"],"picked":"Defragment+1","floor":42},{"not_picked":["Compile Driver","BasicCrystalCard+1","Glacier+1"],"picked":"SKIP","floor":44},{"not_picked":["hubris:Ukulele","Glacier+1","Recycle+1"],"picked":"SKIP","floor":46},{"not_picked":["hubris:Ukulele","Glacier+1","Recycle+1"],"picked":"SKIP","floor":46},{"not_picked":["Panic Button+1","ReplayTheSpireMod:Calculation Training+1","ReplayTheSpireMod:Omega Cannon"],"picked":"SKIP","floor":47}],"player_experience":513200,"relics_obtained":[{"floor":13.0,"key":"aspiration:HiddenCompartment"},{"floor":26,"key":"Solar Panel"},{"floor":31,"key":"Happy Flower"},{"floor":42,"key":"Emotion Chip"},{"floor":43,"key":"Cables"},{"floor":49,"key":"CrazyTorch:ReiMu"}],"event_choices":[{"damage_healed":0.0,"max_hp_gain":0.0,"max_hp_loss":0.0,"gold_gain":1.0,"event_name":"betterStone:BetterStone","player_choice":"1","floor":3.0,"gold_loss":0.0,"damage_taken":0.0},{"damage_healed":0,"gold_gain":0,"player_choice":"Ignored","damage_taken":0,"max_hp_gain":0,"max_hp_loss":0,"event_name":"betterNote:BetterNote","floor":22,"gold_loss":0,"cards_obtained":["Apotheosis"]},{"damage_healed":0,"gold_gain":0,"player_choice":"Ignored","damage_taken":0,"max_hp_gain":0,"max_hp_loss":0,"event_name":"Tomb of Lord Red Mask","floor":39,"gold_loss":0}],"is_beta":false,"boss_relics":[{"not_picked":["Ectoplasm","aspiration:FutureDiary"],"picked":"aspiration:BursterCore"},{"not_picked":["Runic Pyramid","aspiration:ServantSkillbook","Replay:Drink Me"]}],"items_purged_floors":[7,20,20,20,20,20,20,20,20,20,20,20,20,24,40,40,40,40,40,40,40,40,40,40,40],"is_endless":false,"potions_floor_spawned":[4,13,14,16,21,27,31,35,38,44,47],"ascension_level":2}}