{"host":"v1g0lpd6z6lg7is8","time":1614452784,"event":{"mods":["BaseMod","Colored Map","Colored Powertips","Minty Spire (QoL Compilation)","Quick Restart"],"gold_per_floor":[110,110,58,58,78,78,78,78,125,50,50,150,50,64,64,64,64],"floor_reached":16,"language":"ZHS","playtime":385,"items_purged":["Strike_R","Strike_R"],"score":86,"play_id":"b8f6d06c-e2e5-476e-b084-178ba47c4577","local_time":"20210228030624","is_ascension_mode":false,"campfire_choices":[{"data":"Body Slam","floor":6,"key":"SMITH"},{"data":"Impervious","floor":8,"key":"SMITH"},{"data":"Bloodletting","floor":11,"key":"SMITH"},{"data":"Body Slam","floor":15,"key":"SMITH"}],"circlet_count":0,"master_deck":["Strike_R","Strike_R","Defend_R","Defend_R","Defend_R","Bash","Impervious+1","Cleave","Bloodletting+1","Body Slam+1","Body Slam+1"],"relics":["Burning Blood","Golden Idol","Meat on the Bone","Vajra"],"acts_visited":["Exordium"],"potions_floor_usage":[5,16],"damage_taken":[{"damage":0,"enemies":"2 Louse","floor":1,"turns":2},{"damage":4,"enemies":"Small Slimes","floor":5,"turns":6},{"damage":1,"enemies":"Cultist","floor":14,"turns":3},{"damage":69,"enemies":"Slime Boss","floor":16,"turns":15}],"seed_played":"-4997208178023785050","potions_obtained":[{"floor":1,"key":"Regen Potion"},{"floor":14,"key":"AttackPotion"}],"is_trial":false,"path_per_floor":["M","?","$","?","M","R","?","R","T","$","R","?","$","M","R","B"],"character_chosen":"IRONCLAD","items_purchased":["Body Slam"],"campfire_rested":0,"item_purchase_floors":[3],"current_hp_per_floor":[62,42,42,42,58,58,58,58,58,58,58,58,58,63,63,0,0],"gold":64,"neow_bonus":"TRANSFORM_TWO_CARDS","is_daily":false,"chose_seed":false,"campfire_upgraded":4,"win_rate":0.0,"timestamp":1614452784,"path_taken":["M","?","$","?","M","R","?","R","T","$","R","?","$","?","R","BOSS"],"items_purchased_type":["Card"],"build_version":"2020-12-22","purchased_purges":2,"victory":false,"max_hp_per_floor":[80,80,80,80,80,80,80,80,80,80,80,80,80,80,80,80,80],"card_choices":[{"not_picked":["Seeing Red","Iron Wave"],"picked":"Bloodletting","floor":1},{"not_picked":["Clothesline","Havoc","Twin Strike"],"picked":"SKIP","floor":5},{"not_picked":["Clothesline","Clash"],"picked":"Body Slam","floor":14}],"player_experience":1974007,"relics_obtained":[{"floor":9,"key":"Vajra"}],"event_choices":[{"damage_healed":0,"gold_gain":0,"player_choice":"Take Damage","damage_taken":20,"relics_obtained":["Golden Idol"],"max_hp_gain":0,"max_hp_loss":0,"event_name":"Golden Idol","floor":2,"gold_loss":0},{"damage_healed":0,"gold_gain":0,"player_choice":"Box","damage_taken":0,"relics_obtained":["Meat on the Bone"],"max_hp_gain":0,"max_hp_loss":0,"event_name":"Big Fish","floor":4,"gold_loss":0,"cards_obtained":["Regret"]},{"cards_removed":["Regret"],"damage_healed":0,"gold_gain":0,"player_choice":"Forget","damage_taken":0,"max_hp_gain":0,"max_hp_loss":0,"event_name":"Living Wall","floor":7,"gold_loss":0},{"damage_healed":0,"gold_gain":100,"player_choice":"Pray","damage_taken":0,"max_hp_gain":0,"max_hp_loss":0,"event_name":"Golden Shrine","floor":12,"gold_loss":0}],"is_beta":false,"boss_relics":[],"items_purged_floors":[10,13],"is_endless":false,"potions_floor_spawned":[1,14],"killed_by":"Slime Boss","ascension_level":0}}