{"host":"q75fusloz6zmuoth","time":1614435158,"event":{"mods":["BaseMod","Clawfect","Downfall","Filter the Spire","Minty Spire (QoL Compilation)","Puzzle Mod","Relic Stats","StSLib","The Marked"],"gold_per_floor":[0,0,0,0,0,0,0,0,0,0,0],"floor_reached":10,"language":"ENG","playtime":283,"items_purged":[],"score":68,"play_id":"27d901e6-e5f6-4277-bacc-8399e74b76f0","local_time":"20210227151238","is_ascension_mode":false,"campfire_choices":[],"circlet_count":0,"master_deck":[],"relics":["puzzleMod:CursedCornerPiece","puzzleMod:BagOfPieces","Charon\u0027s Ashes","Cursed Key"],"acts_visited":["Exordium"],"potions_floor_usage":[10],"damage_taken":[{"damage":0.0,"enemies":"Custom Monster","floor":1.0,"turns":1.0},{"damage":19.0,"enemies":"Custom Monster","floor":2.0,"turns":1.0},{"damage":0.0,"enemies":"Custom Monster","floor":3.0,"turns":1.0},{"damage":0.0,"enemies":"Custom Monster","floor":4.0,"turns":1.0},{"damage":6.0,"enemies":"Custom Monster","floor":5.0,"turns":1.0},{"damage":0.0,"enemies":"Custom Monster","floor":6.0,"turns":1.0},{"damage":13.0,"enemies":"Custom Monster","floor":7.0,"turns":1.0},{"damage":13.0,"enemies":"Custom Monster","floor":8.0,"turns":1.0},{"damage":22.0,"enemies":"Custom Monster","floor":9.0,"turns":1.0},{"damage":94,"enemies":"Puzzle Boss","floor":10,"turns":1}],"seed_played":"8915005390737853459","potions_obtained":[],"is_trial":false,"path_per_floor":["P","P","P","P","P","P","P","P","P","B"],"character_chosen":"THE_PUZZLER","items_purchased":[],"campfire_rested":0,"item_purchase_floors":[],"current_hp_per_floor":[20,1,20,20,1,20,4,1,1,0,0],"gold":0,"neow_bonus":"","is_daily":false,"chose_seed":false,"campfire_upgraded":0,"win_rate":0.0,"timestamp":1614435158,"path_taken":["P","P","P","P","P","P","P","P","P","BOSS"],"items_purchased_type":[],"build_version":"2020-12-22","purchased_purges":0,"victory":false,"max_hp_per_floor":[20,20,20,20,20,20,17,14,23,20,20],"relic_stats":{"counters":[10,10],"Charon\u0027s Ashes":[63],"Cursed Key":0,"obtain_stats":[{"puzzleMod:BagOfPieces":0,"puzzleMod:CursedCornerPiece":0,"Charon\u0027s Ashes":10,"Cursed Key":10,"Akabeko":4},{"puzzleMod:BagOfPieces":0,"puzzleMod:CursedCornerPiece":0,"Charon\u0027s Ashes":9,"Cursed Key":9,"Akabeko":3},{"puzzleMod:BagOfPieces":0,"puzzleMod:CursedCornerPiece":0,"Charon\u0027s Ashes":9,"Cursed Key":9,"Akabeko":3}]},"card_choices":[],"player_experience":700286,"relics_obtained":[],"event_choices":[],"is_beta":false,"boss_relics":[],"items_purged_floors":[],"is_endless":false,"potions_floor_spawned":[],"killed_by":"Puzzle Boss","ascension_level":0}}