{"host":"3y9j540ftq0by6cq","time":1614401470,"event":{"mods":["BaseMod","CapriCore","Library of Ruina","Minty Spire (QoL Compilation)","StSLib"],"gold_per_floor":[110,129,139,45,45,71,85,116,116,128,157,49,60,119,119,222,222,239,239,168,168,178,178,205,205,505,505,73,98,113,212,212,311,361,375,386,397,3,3,3,18,50,50,63,63,63,97,97,97,97,97],"floor_reached":50,"language":"ZHS","playtime":3935,"items_purged":[],"score":710,"play_id":"2cf34284-72b9-4557-8590-cc792ea09772","local_time":"20210227125110","is_ascension_mode":false,"campfire_choices":[{"data":"YoureTooSlow","floor":15,"key":"SMITH"},{"data":"InhaleSmoke","floor":23,"key":"SMITH"},{"data":"InhaleSmoke","floor":27,"key":"SMITH"},{"data":"Dodge","floor":32,"key":"SMITH"},{"data":"SunsetBlade","floor":40,"key":"SMITH"},{"data":"SunsetBlade","floor":46,"key":"SMITH"},{"data":"TendonChords","floor":49,"key":"SMITH"}],"circlet_count":0,"master_deck":["Dodge+1","LightDefense+1","LightDefense+1","LightDefense+1","LightDefense+1","ChargeAndCover+1","FocusedStrikes+1","FleetFootsteps+1","TendonChords+1","GrazeTheGrass+1","HiddenBlade","Swift Strike","SunsetBlade+1","GrazeTheGrass","Thrust","DaringDecision","InhaleSmoke+1","InhaleSmoke+1","QuickAttack","YoureTooSlow+1","FleshFillet","Castigation+1","EnergyStrike+1","BlowItUp+1","Thrust","SunsetBlade+1","QuickAttack","Writhe","FleetFootsteps+1","BiXi+1","BackAttack+1","HiddenBlade","VioletBlade","TendonChords","SuanNi+1","BattleCommand+1","FleetEdge+1","FleetFootsteps+1","HandleRequest","FierceCharge+1","Violence+1","ToOvercomeCrisis+1","SilentMist+1","PreparedMind+1"],"relics":["PageOfLibrarian","Happy Flower","Boot","Eternal Feather","Torii","Astrolabe","Toxic Egg 2","Bag of Marbles","Old Coin","PageOfWayBackHome","PreservedInsect","Tiny House","Membership Card","PageOfWizard","PageOfBigBadWolf","PageOfMountain","Ancient Tea Set"],"acts_visited":["Exordium","TheCity","TheBeyond"],"potions_floor_usage":[11,24,33,33,47,47,48],"damage_taken":[{"damage":5,"enemies":"2 Louse","floor":1,"turns":3},{"damage":6,"enemies":"Cultist","floor":2,"turns":3},{"damage":6,"enemies":"Jaw Worm","floor":3,"turns":2},{"damage":0,"enemies":"3 Sentries","floor":6,"turns":5},{"damage":0,"enemies":"Looter","floor":7,"turns":3},{"damage":24,"enemies":"Gremlin Nob","floor":8,"turns":5},{"damage":0,"enemies":"Blue Slaver","floor":10,"turns":2},{"damage":11,"enemies":"Lagavulin","floor":11,"turns":3},{"damage":0,"enemies":"3 Louse","floor":13,"turns":3},{"damage":2,"enemies":"Hexaghost","floor":16,"turns":7},{"damage":0,"enemies":"Shell Parasite","floor":18,"turns":2},{"damage":12,"enemies":"Spheric Guardian","floor":22,"turns":3},{"damage":33,"enemies":"Book of Stabbing","floor":24,"turns":7},{"damage":0,"enemies":"Gremlin Leader","floor":29,"turns":3},{"damage":14,"enemies":"Centurion and Healer","floor":30,"turns":6},{"damage":62,"enemies":"Collector","floor":33,"turns":6},{"damage":23,"enemies":"Orb Walker","floor":35,"turns":4},{"damage":9,"enemies":"3 Shapes","floor":36,"turns":3},{"damage":18,"enemies":"Maw","floor":37,"turns":6},{"damage":14,"enemies":"Transient","floor":41,"turns":5},{"damage":20,"enemies":"Nemesis","floor":42,"turns":3},{"damage":30,"enemies":"Spire Growth","floor":44,"turns":5},{"damage":0,"enemies":"Giant Head","floor":47,"turns":6},{"damage":0,"enemies":"Jaw Worm Horde","floor":48,"turns":1},{"damage":89,"enemies":"Awakened One","floor":50,"turns":5}],"seed_played":"-765694852990238117","potions_obtained":[{"floor":7,"key":"EssenceOfSteel"},{"floor":10,"key":"PowerPotion"},{"floor":11,"key":"ColorlessPotion"},{"floor":22,"key":"SmokeBomb"},{"floor":30,"key":"SpeedPotion"},{"floor":34,"key":"AttackPotion"},{"floor":35,"key":"GamblersBrew"},{"floor":37,"key":"DistilledChaos"},{"floor":44,"key":"PowerPotion"}],"is_trial":false,"path_per_floor":["M","M","M","$","?","E","M","E","T","M","E","$","M","?","R","B",null,"M","?","$","?","M","R","E","?","T","R","$","E","M","?","R","B",null,"M","M","M","$","?","R","M","E","T","M","?","R","E","M","R","B"],"character_chosen":"Librarian","items_purchased":["Swift Strike","InhaleSmoke","QuickAttack","SunsetBlade","QuickAttack","PageOfWayBackHome","BiXi+1","BackAttack+1","HiddenBlade","Membership Card","PageOfWizard","FierceCharge+1","Violence+1"],"campfire_rested":0,"item_purchase_floors":[4,12,12,20,20,28,28,28,28,38,38,38,38],"current_hp_per_floor":[57,54,51,51,51,54,59,40,40,40,32,32,32,32,44,52,82,77,77,77,77,65,77,53,39,39,54,54,58,47,47,65,8,87,67,60,42,42,76,76,62,42,42,16,16,40,52,52,76,0,0],"gold":97,"neow_bonus":"THREE_CARDS","is_daily":false,"chose_seed":false,"campfire_upgraded":7,"win_rate":0.0,"timestamp":1614401470,"path_taken":["M","M","M","$","?","E","M","E","T","?","E","$","M","?","R","BOSS","M","?","$","?","M","R","E","?","T","R","$","E","?","?","R","BOSS","M","M","M","$","?","R","M","E","T","M","?","R","E","M","R","BOSS"],"items_purchased_type":["Card","Card","Card","Card","Card","Relic","Card","Card","Card","Relic","Relic","Card","Card"],"build_version":"2020-12-22","purchased_purges":0,"victory":false,"max_hp_per_floor":[82,82,82,82,82,82,82,82,82,82,82,82,82,82,82,82,82,77,77,77,77,77,77,77,82,82,82,82,82,82,82,82,82,87,87,87,87,87,76,76,76,76,76,76,76,76,76,76,76,76,76],"card_choices":[{"not_picked":["TheWillOfTheCity","Thrust"],"picked":"FleetFootsteps","floor":0},{"not_picked":["YourShield","SweepTheBackstreets","Tttonst","Multislash","SerpentSwordTechnique","SharpSwipe","BlindFaith","OminousPower"],"picked":"TendonChords","floor":1},{"not_picked":["Standoff","EnergyStrike","Rewind","QuickAttack","Diversion","SnakesPrey","FocusFire","OpportunitySpotted"],"picked":"GrazeTheGrass","floor":2},{"not_picked":["DistortedBlade","GrazeTheGrass","Standoff","FrontalAssault","PinpointShot","UncannyStrike","RhinoRam","Multislash"],"picked":"HiddenBlade","floor":3},{"not_picked":["Brawl","Multislash","Laceration","TrashDisposal","BackAttack","SpearedSweep","InnerArdor","HandleRequest"],"picked":"SunsetBlade","floor":6},{"not_picked":["InkOver","Leap_lor","BlowItUp","DarkCloud","StructuralAnalysis","Retaliate","Diversion","Standoff"],"picked":"GrazeTheGrass","floor":7},{"not_picked":["RipSpace","SunsetBlade","BoundaryOfDeath","Collision","BackAttack","SkyClearingCut","QuickSuppression","ExtractFuel"],"picked":"Thrust","floor":8},{"not_picked":["Reload","Leap_lor","UncannyStrike","WildCard","CoordinatedAssault","AutomatedMovement","Outburst","MultiBlock"],"picked":"DaringDecision","floor":10},{"not_picked":["HandlingWork","Juggling","Creak","ClassAndRespect","SpearedSweep","Endure","BayonetCombat","HeavyPeaks"],"picked":"InhaleSmoke","floor":11},{"not_picked":["SerpentineBarrier","MultiHit","EnergyStrike","BlowItUp","SnakesPrey","Parry2","ElectricShock","RapidGashes"],"picked":"YoureTooSlow","floor":13},{"not_picked":["Transpierce","BlazingStrike"],"picked":"FleshFillet","floor":16},{"not_picked":["Standoff","GuidanceOfTheGears","BlindFaith","Wallop_lor+1","HighKick","UncannyStrike","BiAn","ChopItOff"],"picked":"Thrust","floor":18},{"not_picked":["ExtractFuel+1","SuppressingShot","Tailoring","SpearedSweep","Retaliate+1","EndlessBattle+1","SearingSword+1","SilentNight"],"picked":"FleetFootsteps+1","floor":22},{"not_picked":["Outburst","HiddenBlade","ClassAndRespect","PreemptiveStrike","MultiBlock+1","IllEndYou+1","AbsorbImpact+1","NightInTheBackstreets","YourShield+1"],"picked":"SKIP","floor":24},{"not_picked":["TheWillOfTheCity+1","EnergyCycle","EnergyStrike","GreatSerpentsImpact","EnergyShield+1","Overcharge+1","GroundSmash","BackAttack+1"],"picked":"VioletBlade","floor":29},{"not_picked":["GuidanceOfTheGears+1","FaintMemories+1","ForTheFamily+1","MirageStorm","Duel_lor","EndlessBattle","Parry2","WillOfThePrescript+1"],"picked":"TendonChords","floor":30},{"not_picked":["RepressedFlesh","FlamingDragonFist"],"picked":"SuanNi+1","floor":33},{"not_picked":["SetFire","SerpentSwordTechnique+1","FierceCharge+1","TasteMyFlamingBat+1","Duel_lor","Diversion","ConcentratedFire","DeepDrag"],"picked":"BattleCommand+1","floor":34},{"not_picked":["InkOver+1","CombatPreparation+1","FendThisOffIfYouCan+1","StrongStrike+1","Diversion+1","ChopItOff","Parry2","Deflect_lor+1"],"picked":"FleetEdge+1","floor":35},{"not_picked":["PreemptiveStrike+1","Parry","EndlessBattle","Leap_lor","Unlock1","GuardingStance+1","GrazeTheGrass+1","MultiBlock+1"],"picked":"FleetFootsteps+1","floor":36},{"not_picked":["FieryDragonSlash","SpearedSweep","ConcentratedFire+1","Parry2","Ripple+1","UncannyStrike+1","FieryWaltz","MindCrush"],"picked":"HandleRequest","floor":37},{"not_picked":["SharpNails","RatsGuideToSurvival+1","BladeWhirl+1","BackstreetsDash","ClassAndRespect+1","SerpentSwordTechnique+1","Quickness+1","Rampage_lor","YoureTooSlow+1"],"picked":"SKIP","floor":41},{"not_picked":["Creak+1","DestructiveImpact+1","RhinoRam","Decapitation","Unlock1+1","StrongStrike+1","LoosenUp","Rewind+1"],"picked":"ToOvercomeCrisis+1","floor":42},{"not_picked":["Wallop_lor","FieryWaltz+1","BackAttack+1","BlindFaith+1","Gamble","DarkCloud+1","EnergyShield+1","FendThisOffIfYouCan"],"picked":"SilentMist+1","floor":44},{"not_picked":["BiAn+1","RipSpace","HiddenBlade","StrikeDown+1","CoordinatedAssault+1","FeelinGood+1","DimensionalRift+1","ElectricShock+1"],"picked":"PreparedMind+1","floor":47}],"player_experience":85813,"relics_obtained":[{"floor":6,"key":"Happy Flower"},{"floor":8,"key":"Boot"},{"floor":9,"key":"Eternal Feather"},{"floor":11,"key":"Torii"},{"floor":24,"key":"Bag of Marbles"},{"floor":26,"key":"Old Coin"},{"floor":29,"key":"PreservedInsect"},{"floor":42,"key":"PageOfBigBadWolf"},{"floor":43,"key":"PageOfMountain"},{"floor":47,"key":"Ancient Tea Set"}],"event_choices":[{"damage_healed":0,"gold_gain":0,"player_choice":"Forge","damage_taken":0,"max_hp_gain":0,"max_hp_loss":0,"event_name":"Accursed Blacksmith","floor":5,"gold_loss":0,"cards_upgraded":["FleetFootsteps"]},{"damage_healed":0,"gold_gain":59,"player_choice":"Gained Gold","damage_taken":0,"max_hp_gain":0,"max_hp_loss":0,"event_name":"Golden Wing","floor":14,"gold_loss":0},{"damage_healed":0,"gold_gain":0,"player_choice":"Simplicity","damage_taken":0,"max_hp_gain":0,"max_hp_loss":0,"event_name":"Back to Basics","floor":19,"gold_loss":0,"cards_upgraded":["LightDefense","LightDefense","LightDefense","LightDefense","ChargeAndCover","FocusedStrikes"]},{"damage_healed":0,"gold_gain":0,"player_choice":"Opened","damage_taken":0,"relics_obtained":["Toxic Egg 2"],"max_hp_gain":0,"max_hp_loss":0,"event_name":"The Mausoleum","floor":21,"gold_loss":0,"cards_obtained":["Writhe"]},{"damage_healed":0,"gold_gain":0,"player_choice":"Shed Blood","damage_taken":19,"max_hp_gain":5,"max_hp_loss":0,"event_name":"Forgotten Altar","floor":25,"gold_loss":0},{"damage_healed":0,"gold_gain":99,"player_choice":"Stole From Cult","damage_taken":0,"max_hp_gain":0,"max_hp_loss":0,"event_name":"Nest","floor":31,"gold_loss":0},{"damage_healed":76,"gold_gain":0,"player_choice":"Heal","damage_taken":0,"max_hp_gain":0,"max_hp_loss":11,"event_name":"The Moai Head","floor":39,"gold_loss":0},{"damage_healed":0,"gold_gain":0,"player_choice":"Ignored","damage_taken":0,"max_hp_gain":0,"max_hp_loss":0,"event_name":"Tomb of Lord Red Mask","floor":45,"gold_loss":0}],"is_beta":false,"boss_relics":[{"not_picked":["SacredBark","Snecko Eye"],"picked":"Astrolabe"},{"not_picked":["Runic Dome","Busted Crown"],"picked":"Tiny House"}],"items_purged_floors":[],"is_endless":false,"potions_floor_spawned":[2,7,10,11,16,22,30,35,37,44,48],"killed_by":"Awakened One","ascension_level":0}}