{"host":"ty9fb48q9oru32qm","time":1614438092,"event":{"mods":["2.2 Compatiblity","AchievementEnabler","Act Like it!","Aspiration","Astrologer","BaseMod","Beaked The Cultist","Better Synergies","Block Reminder","Colored Powertips","Conspire","DeckTracker","Downfall","Friendly Minions","GifTheSpireLib","Halation","Hermit","Hubris","Infinite Spire","Jorbs\u0027s Wanderer Trilogy","Marisa????????","Minty Spire (QoL Compilation)","Permanent Neow","Quick Restart","Random Character Button","Reliquary","Replay The Spire","Somnambulant","StSLib","Stuff the Spire","The Cursed","The Jungle","The Marked","The Runesmith","TheVacant","Wandering Minibosses"],"gold_per_floor":[112,122,122,135,235,261,261,261,261],"floor_reached":8,"language":"ENG","playtime":524,"items_purged":[],"score":109,"play_id":"52b95efa-6239-4ab7-9e85-a25940a5940b","local_time":"20210227160132","is_ascension_mode":true,"campfire_choices":[{"data":"ReplayGash","floor":7,"key":"SMITH"}],"circlet_count":0,"master_deck":["conspire:GhostlyStrike","conspire:GhostlyStrike","conspire:GhostlyStrike","conspire:GhostlyStrike","conspire:GhostlyDefend","conspire:GhostlyDefend","conspire:GhostlyDefend","conspire:GhostlyDefend","Zap","Dualcast","Gash","Leap","Beam Cell","ReplayGash+1"],"relics":["Cracked Core","Anchor"],"acts_visited":["Exordium"],"potions_floor_usage":[],"damage_taken":[{"damage":11,"enemies":"Jaw Worm","floor":1,"turns":3},{"damage":3,"enemies":"Small Slimes","floor":2,"turns":4},{"damage":0,"enemies":"Cultist","floor":4,"turns":4},{"damage":39,"enemies":"3 Sentries","floor":6,"turns":9},{"damage":18,"enemies":"Lagavulin","floor":8,"turns":6}],"seed_played":"-6120185623928316328","potions_obtained":[{"floor":4,"key":"FocusPotion"},{"floor":6,"key":"Elixir"}],"is_trial":false,"path_per_floor":["M","M","?","M","?","E","R","E"],"character_chosen":"DEFECT","items_purchased":[],"campfire_rested":0,"item_purchase_floors":[],"current_hp_per_floor":[64,61,61,61,61,22,22,4,4],"gold":261,"neow_bonus":"THREE_CARDS","is_daily":false,"chose_seed":false,"campfire_upgraded":1,"win_rate":0.0,"timestamp":1614438092,"path_taken":["M","M","?","M","?","E","R","E"],"items_purchased_type":[],"build_version":"2020-12-22","purchased_purges":0,"victory":false,"max_hp_per_floor":[75,75,75,75,75,75,75,75,75],"card_choices":[{"not_picked":["Rebound","Hologram"],"picked":"Gash","floor":0},{"not_picked":["StuffTheSpire:Plugnplay","ReplayTheSpireMod:GoodbyeWorld","FTL"],"picked":"SKIP","floor":1},{"not_picked":["Beam Cell","Stack"],"picked":"Leap","floor":2},{"not_picked":["Panic Button","ReplayTheSpireMod:GoodbyeWorld"],"picked":"Beam Cell","floor":4},{"not_picked":["Force Field","BasicCrystalCard"],"picked":"ReplayGash","floor":6}],"player_experience":359961,"relics_obtained":[{"floor":6,"key":"Anchor"}],"event_choices":[{"damage_healed":0,"gold_gain":0,"player_choice":"Agree","damage_taken":0,"max_hp_gain":0,"max_hp_loss":0,"event_name":"conspire:LoneGhost","floor":3,"gold_loss":0},{"damage_healed":0,"gold_gain":100,"player_choice":"Pray","damage_taken":0,"max_hp_gain":0,"max_hp_loss":0,"event_name":"Golden Shrine","floor":5,"gold_loss":0}],"is_beta":false,"boss_relics":[],"items_purged_floors":[],"is_endless":false,"potions_floor_spawned":[4,6],"killed_by":"Lagavulin","ascension_level":1}}