{"host":"rwiy0nr47d6nmxat","time":1614461402,"event":{"mods":["2.2 Compatiblity","AchievementEnabler","Act Like it!","Aspiration","BaseMod","Better Note","Better Sensory Stone","Block Reminder","Challenge The Spire","Colored Map","Colored Powertips","Conspire","Curses Come First","Elementarium","Highlight Path","Hubris","Infinite Spire","Mad Scientist","Minty Spire (QoL Compilation)","Permanent Neow","Quick Restart","Rare Cards Sparkle","Reliquary","Replay The Spire","Ruina","Spire Arcade","StSLib","SuperFastMode","The Cursed","TheFirefly","slay the spire mod where everything is the same but ironclad has a cowboy hat"],"gold_per_floor":[112,122,134,145,145,145,180,191,191,266,266,296,296,296,296,392,392,403,417,158,158,173,173,173],"floor_reached":23,"language":"ENG","playtime":665,"items_purged":[],"score":201,"play_id":"faa5fb35-154c-4c75-978a-9e3090aaa6dd","local_time":"20210227163002","is_ascension_mode":false,"campfire_choices":[{"data":"Zap","floor":6,"key":"SMITH"},{"floor":11,"key":"REST"},{"floor":13,"key":"REST"},{"data":"Flex","floor":15,"key":"SMITH"}],"circlet_count":0,"master_deck":["Strike_B+1","Strike_B+1","Strike_B","Strike_B","Defend_B","Defend_B","Defend_B","Defend_B","Zap+1","Dualcast","Flex+1","Turbo","Leap","Steam","FIFO Queue","Ball Lightning+1","Reaper","Beam Cell+1","Leap","Streamline+1"],"relics":["Cracked Core","aspiration:Nostalgia","Iron Core","Whetstone","reliquary:GummyVitamins","StoneCalendar","Black Star","hubris:Stopwatch","Replay:Bottled Eggs"],"acts_visited":["TheCity"],"potions_floor_usage":[12,12,12,18,22,23],"damage_taken":[{"damage":0,"enemies":"Small Slimes","floor":1,"turns":2},{"damage":1,"enemies":"Jaw Worm","floor":2,"turns":3},{"damage":1,"enemies":"Cultist","floor":3,"turns":3},{"damage":1,"enemies":"Looter","floor":4,"turns":3},{"damage":25,"enemies":"Lagavulin","floor":7,"turns":8},{"damage":0,"enemies":"Large Slime","floor":8,"turns":6},{"damage":27,"enemies":"3 Sentries","floor":12,"turns":8},{"damage":15,"enemies":"Slime Boss","floor":16,"turns":7},{"damage":36,"enemies":"conspire:FuzzyDice","floor":18,"turns":7},{"damage":31,"enemies":"Shell Parasite","floor":19,"turns":7},{"damage":8,"enemies":"Snake Plant","floor":22,"turns":4},{"damage":0,"enemies":"Slavers","floor":23,"turns":1}],"seed_played":"-5709848284001985794","potions_obtained":[{"floor":1,"key":"Block Potion"},{"floor":2,"key":"Explosive Potion"},{"floor":7,"key":"Cursed Concoction"},{"floor":16,"key":"SneckoOil"},{"floor":19,"key":"Venom Potion"},{"floor":22,"key":"Block Potion"}],"is_trial":false,"path_per_floor":["M","M","M","M","?","R","E","M","T","?","R","E","R","AVR","R","B",null,"M","M","$","?","M","E"],"character_chosen":"DEFECT","items_purchased":["Replay:Bottled Eggs"],"campfire_rested":2,"item_purchase_floors":[20],"current_hp_per_floor":[75,74,73,72,72,72,47,47,47,36,58,31,53,53,53,38,75,39,17,17,17,9,9,9],"gold":173,"neow_bonus":"NOSTALGIA","is_daily":false,"chose_seed":false,"campfire_upgraded":2,"win_rate":0.0,"timestamp":1614461402,"path_taken":["M","M","M","M","?","R","E","M","T","?","R","E","R","AVR","R","BOSS","M","M","$","?","M","E"],"items_purchased_type":["Relic"],"build_version":"2020-12-22","purchased_purges":0,"victory":false,"max_hp_per_floor":[75,75,75,75,75,75,75,75,75,75,75,75,75,75,75,75,75,75,75,75,75,75,75,75],"card_choices":[{"not_picked":["Go for the Eyes","Darkness"],"picked":"Flex","floor":1},{"not_picked":["conspire:Rain","Barrage"],"picked":"Turbo","floor":2},{"not_picked":["Coolheaded","Conserve Battery"],"picked":"Leap","floor":3},{"not_picked":["Iron Wave","Meteor Strike"],"picked":"Steam","floor":4},{"not_picked":["Coolheaded","Self Repair"],"picked":"FIFO Queue","floor":7},{"not_picked":["Melter","Beam Cell","Warcry"],"picked":"SKIP","floor":8},{"not_picked":["ReplaySolidLightProjector","Compile Driver"],"picked":"Ball Lightning","floor":12},{"not_picked":["hubris:DoWhile","Double Tap"],"picked":"Reaper","floor":16},{"not_picked":["Cold Snap+1","Rip and Tear+1"],"picked":"Beam Cell+1","floor":18},{"not_picked":["Ball Lightning","ReplayGash+1"],"picked":"Leap","floor":19},{"not_picked":["Barrage","Coolheaded"],"picked":"Streamline+1","floor":22}],"player_experience":93196,"relics_obtained":[{"floor":7,"key":"Whetstone"},{"floor":9,"key":"reliquary:GummyVitamins"},{"floor":12,"key":"StoneCalendar"}],"event_choices":[{"damage_healed":0,"gold_gain":0,"player_choice":"Ignored","damage_taken":0,"max_hp_gain":0,"max_hp_loss":0,"event_name":"Golden Wing","floor":5,"gold_loss":0},{"damage_healed":0,"gold_gain":75,"player_choice":"Gather Gold","damage_taken":11,"max_hp_gain":0,"max_hp_loss":0,"event_name":"World of Goop","floor":10,"gold_loss":0},{"damage_healed":0,"gold_gain":0,"player_choice":"Ignored","damage_taken":0,"max_hp_gain":0,"max_hp_loss":0,"event_name":"betterNote:BetterNote","floor":21,"gold_loss":0,"cards_obtained":["Amplify"]}],"is_beta":false,"boss_relics":[{"not_picked":["Honey Jar","conspire:RunicOctahedron"],"picked":"hubris:Stopwatch"}],"items_purged_floors":[],"is_endless":false,"potions_floor_spawned":[1,2,7,16,19,22],"killed_by":"Slavers","ascension_level":0}}