{"host":"j0tja808rg8hkg8v","time":1614395581,"event":{"mods":["Aspiration","BaseMod","Colored Powertips","Downfall","Energized Spire","Hermit","Infinite Spire","Ironclad Rager","Magitek Elite","Minty Spire (QoL Compilation)","Relic Stats","Replay The Spire","StSLib","The Bladedancer","The Cursed","The Disciple","The Runesmith"],"gold_per_floor":[118,118,169,1,20,20,8,32,32,48,71,71,101,142,142,277,277,318,309,309,309,345,264,264,264,264],"floor_reached":25,"language":"ENG","playtime":2058,"items_purged":["hermit:Strike_Hermit"],"score":201,"play_id":"ec494a63-4717-4810-9d87-5794e33b3a4e","local_time":"20210227031301","is_ascension_mode":false,"campfire_choices":[{"floor":6.0,"key":"REST"},{"floor":12.0,"key":"DIG"},{"floor":15.0,"key":"REST"}],"circlet_count":0,"master_deck":["hermit:Strike_Hermit","hermit:Strike_Hermit","hermit:Strike_Hermit","hermit:Defend_Hermit","hermit:Defend_Hermit","hermit:Defend_Hermit","hermit:Defend_Hermit","hermit:Snapshot","hermit:Covet","Regret","hermit:EyeOfTheStorm","hermit:Vantage","hermit:Vantage","hermit:ItchyTrigger","hermit:Dive","hermit:Scavenge","hermit:GhostlyPresence","hermit:DeadOrAlive","hermit:Gambit","hermit:Snipe","hermit:Combo"],"relics":["hermit:Momento","Replay:Multitool","Golden Idol","Membership Card","infinitespire:FocusingShard","Tintinnabulum","Blood Vial","infinitespire:WardingShard","energizedSpire:CursedPentagram"],"acts_visited":["Exordium","TheCity"],"potions_floor_usage":[16,16],"damage_taken":[{"damage":10.0,"enemies":"Small Slimes","floor":1.0,"turns":3.0},{"damage":0.0,"enemies":"2 Louse","floor":5.0,"turns":2.0},{"damage":6.0,"enemies":"Jaw Worm","floor":8.0,"turns":4.0},{"damage":2.0,"enemies":"Gremlin Gang","floor":10.0,"turns":5.0},{"damage":4.0,"enemies":"Red Slaver","floor":13.0,"turns":4.0},{"damage":16.0,"enemies":"Lagavulin","floor":14.0,"turns":11.0},{"damage":43,"enemies":"Slime Boss","floor":16,"turns":21},{"damage":13,"enemies":"Chosen","floor":18,"turns":9},{"damage":7,"enemies":"2 Thieves","floor":19,"turns":5},{"damage":21,"enemies":"Snecko","floor":22,"turns":9},{"damage":48,"enemies":"Gremlin Leader","floor":25,"turns":5}],"seed_played":"1851015488691413977","potions_obtained":[{"floor":1.0,"key":"infinitespire:BlackPotion"},{"floor":8.0,"key":"Toxic Potion"},{"floor":14.0,"key":"Energy Potion"},{"floor":18,"key":"Strength Potion"}],"is_trial":false,"path_per_floor":["M","?","?","$","M","R","$","M","T","M","T","R","M","E","R","B",null,"M","M","PTL","PTL","M","$","?","E"],"character_chosen":"HERMIT","items_purchased":["Membership Card","hermit:Vantage","hermit:Dive","hermit:Snipe","hermit:Combo"],"campfire_rested":2,"item_purchase_floors":[4,4,7,23,23],"current_hp_per_floor":[65,47,47,47,47,69,69,63,63,61,61,62,61,48,71,31,75,62,58,59,60,42,43,44,0,0],"gold":264,"neow_bonus":"RANDOM_EVENT","is_daily":false,"chose_seed":false,"campfire_upgraded":0,"win_rate":0.0,"timestamp":1614395581,"path_taken":["M","?","?","$","M","R","?","?","T","M","?","R","M","E","R","BOSS","M","?","PTL","PTL","M","?","?","E"],"items_purchased_type":["Relic","Card","Card","Card","Card"],"build_version":"2020-12-22","purchased_purges":1,"victory":false,"max_hp_per_floor":[75,75,75,75,75,75,75,75,75,75,75,75,75,75,75,75,75,75,75,75,75,75,75,75,75,75],"relic_stats":{"Blood Vial":12,"counters":[11,78],"Golden Idol":60,"obtain_stats":[{"Blood Vial":12,"energizedSpire:CursedPentagram":17,"infinitespire:WardingShard":14,"Golden Idol":2,"Tintinnabulum":11,"infinitespire:FocusingShard":9,"Replay:Multitool":0,"Membership Card":4,"hermit:Momento":0},{"Blood Vial":4,"energizedSpire:CursedPentagram":7,"infinitespire:WardingShard":6,"Golden Idol":1,"Tintinnabulum":4,"infinitespire:FocusingShard":3,"Replay:Multitool":0,"Membership Card":1,"hermit:Momento":0},{"Blood Vial":14,"energizedSpire:CursedPentagram":50,"infinitespire:WardingShard":29,"Golden Idol":3,"Tintinnabulum":14,"infinitespire:FocusingShard":9,"Replay:Multitool":0,"Membership Card":3,"hermit:Momento":0}]},"card_choices":[{"not_picked":["hermit:Snipe","hermit:LoneWolf"],"picked":"hermit:EyeOfTheStorm","floor":1.0},{"not_picked":["hermit:CalledShot","hermit:LowProfile"],"picked":"hermit:ItchyTrigger","floor":5.0},{"not_picked":["hermit:NoHoldsBarred","hermit:Shortfuse","hermit:FlashPowder"],"picked":"SKIP","floor":8.0},{"not_picked":["hermit:Vantage","hermit:Misfire"],"picked":"hermit:Scavenge","floor":10.0},{"not_picked":["hermit:Ricochet","hermit:Dive"],"picked":"hermit:GhostlyPresence","floor":13.0},{"not_picked":["hermit:CalledShot","hermit:Cheat"],"picked":"hermit:DeadOrAlive","floor":14.0},{"not_picked":["hermit:HighNoon","hermit:Magnum"],"picked":"hermit:Gambit","floor":16},{"not_picked":["hermit:WideOpen+1","hermit:Misfire","hermit:Determination"],"picked":"SKIP","floor":18},{"not_picked":["hermit:Midnight","hermit:Shortfuse","hermit:HoleUp"],"picked":"SKIP","floor":19},{"not_picked":["hermit:BodyArmor","hermit:WideOpen+1","hermit:HoleUp"],"picked":"SKIP","floor":22}],"player_experience":86521,"relics_obtained":[{"floor":9.0,"key":"infinitespire:FocusingShard"},{"floor":11.0,"key":"Tintinnabulum"},{"floor":12.0,"key":"Blood Vial"},{"floor":14.0,"key":"infinitespire:WardingShard"}],"event_choices":[{"damage_healed":0.0,"max_hp_gain":0.0,"max_hp_loss":0.0,"gold_gain":0.0,"event_name":"Big Fish","player_choice":"Box","floor":0.0,"gold_loss":0.0,"damage_taken":0.0,"relics_obtained":["Replay:Multitool"],"cards_obtained":["Regret"]},{"damage_healed":0.0,"max_hp_gain":0.0,"max_hp_loss":0.0,"gold_gain":0.0,"event_name":"Golden Idol","player_choice":"Take Damage","floor":2.0,"gold_loss":0.0,"damage_taken":18.0,"relics_obtained":["Golden Idol"]},{"damage_healed":0.0,"max_hp_gain":0.0,"max_hp_loss":0.0,"gold_gain":51.0,"event_name":"Golden Wing","player_choice":"Gained Gold","floor":3.0,"gold_loss":0.0,"damage_taken":0.0},{"damage_healed":0,"gold_gain":0,"player_choice":"Ignored","damage_taken":0,"max_hp_gain":0,"max_hp_loss":0,"event_name":"N\u0027loth","floor":24,"gold_loss":0}],"is_beta":false,"boss_relics":[{"not_picked":["SlaversCollar","energizedSpire:EnergizedDie"],"picked":"energizedSpire:CursedPentagram"}],"items_purged_floors":[23],"is_endless":false,"potions_floor_spawned":[1,8,14,18],"killed_by":"Gremlin Leader","ascension_level":0}}