{"host":"Tylorde","time":1614398339,"event":{"mods":["BaseMod","Minty Spire (QoL Compilation)","Weighted Paths"],"gold_per_floor":[165,184,259,276,276,276,311,311,311,311,19,34,62,82,82,181,181,192,222,322,339,33,33,33,65,65,83,113,113,13,24,24,125,125,141,159,170,180,180,511,511,511,511],"floor_reached":42,"language":"ENG","playtime":3021,"items_purged":["Strike_P","Bite"],"score":791,"play_id":"ff7a2e6e-c048-4d21-84b9-1f19f974ba13","local_time":"20210226195859","is_ascension_mode":true,"campfire_choices":[{"data":"CutThroughFate","floor":6.0,"key":"SMITH"},{"data":"FlurryOfBlows","floor":8.0,"key":"SMITH"},{"data":"Eruption","floor":10.0,"key":"SMITH"},{"data":"WheelKick","floor":15.0,"key":"SMITH"},{"data":"Worship","floor":23.0,"key":"SMITH"},{"data":"Fasting2","floor":29.0,"key":"SMITH"},{"data":"LikeWater","floor":32.0,"key":"SMITH"}],"circlet_count":0,"master_deck":["AscendersBane","Defend_P+1","Defend_P+1","Defend_P","Eruption+1","Vigilance+1","CutThroughFate+1","FollowUp","FlurryOfBlows+1","Prostrate","Evaluate","InnerPeace","BowlingBash","WheelKick+1","LikeWater+1","Devotion","SashWhip","Worship+1","MentalFortress","Bite","Bite","Bite","Bite","FearNoEvil","ThirdEye","Fasting2+1","Sanctity","Vault","FlurryOfBlows","Adaptation","Halt+1","Swivel","Worship","Writhe"],"relics":["Tiny House","Calipers","Mercury Hourglass","Toolbox","War Paint","Coffee Dripper","Bird Faced Urn","MealTicket","Akabeko","VioletLotus","Old Coin"],"acts_visited":["Exordium","TheCity","TheBeyond"],"potions_floor_usage":[],"damage_taken":[{"damage":0.0,"enemies":"Small Slimes","floor":1.0,"turns":3.0},{"damage":7.0,"enemies":"Jaw Worm","floor":2.0,"turns":4.0},{"damage":0.0,"enemies":"Cultist","floor":4.0,"turns":3.0},{"damage":16.0,"enemies":"Lagavulin","floor":7.0,"turns":8.0},{"damage":0.0,"enemies":"2 Fungi Beasts","floor":12.0,"turns":2.0},{"damage":16.0,"enemies":"3 Sentries","floor":13.0,"turns":3.0},{"damage":5.0,"enemies":"Exordium Thugs","floor":14.0,"turns":4.0},{"damage":19.0,"enemies":"Slime Boss","floor":16.0,"turns":6.0},{"damage":0.0,"enemies":"3 Byrds","floor":18.0,"turns":5.0},{"damage":11.0,"enemies":"Spheric Guardian","floor":19.0,"turns":4.0},{"damage":8.0,"enemies":"Snecko","floor":21.0,"turns":7.0},{"damage":31.0,"enemies":"Book of Stabbing","floor":25.0,"turns":5.0},{"damage":10.0,"enemies":"Sentry and Sphere","floor":27.0,"turns":4.0},{"damage":23.0,"enemies":"Slavers","floor":28.0,"turns":6.0},{"damage":15.0,"enemies":"Chosen and Byrds","floor":31.0,"turns":4.0},{"damage":12.0,"enemies":"Champ","floor":33.0,"turns":9.0},{"damage":7.0,"enemies":"Orb Walker","floor":35.0,"turns":4.0},{"damage":19.0,"enemies":"3 Shapes","floor":36.0,"turns":7.0},{"damage":25.0,"enemies":"Jaw Worm Horde","floor":37.0,"turns":6.0},{"damage":0.0,"enemies":"Sphere and 2 Shapes","floor":38.0,"turns":5.0},{"damage":43.0,"enemies":"Reptomancer","floor":40.0,"turns":6.0},{"damage":36,"enemies":"2 Orb Walkers","floor":42,"turns":2}],"seed_played":"9123005717912713144","potions_obtained":[{"floor":0.0,"key":"Fire Potion"},{"floor":2.0,"key":"Regen Potion"},{"floor":12.0,"key":"Energy Potion"},{"floor":16.0,"key":"ColorlessPotion"},{"floor":18.0,"key":"DistilledChaos"},{"floor":25.0,"key":"DistilledChaos"},{"floor":31.0,"key":"Energy Potion"},{"floor":33.0,"key":"Weak Potion"},{"floor":35.0,"key":"PowerPotion"}],"is_trial":false,"path_per_floor":["M","M","?","M","?","R","E","R","T","R","$","M","E","M","R","B",null,"M","M","?","M","$","R","?","E","T","M","E","R","$","M","R","B",null,"M","M","M","M","?","E","?","?"],"character_chosen":"WATCHER","items_purchased":["Toolbox","InnerPeace","Bird Faced Urn"],"campfire_rested":0,"item_purchase_floors":[11,11,22],"current_hp_per_floor":[70,63,52,52,52,52,51,51,51,51,51,51,35,30,30,11,61,61,50,50,42,42,42,42,27,27,31,18,18,33,30,30,40,50,46,41,26,40,40,15,28,0,0],"gold":511,"neow_bonus":"BOSS_RELIC","is_daily":false,"chose_seed":false,"campfire_upgraded":7,"win_rate":0.0,"timestamp":1614398339,"path_taken":["M","M","?","M","?","R","E","R","T","R","?","M","E","?","R","BOSS","M","M","?","?","$","R","?","E","T","M","E","R","?","M","R","BOSS","M","M","M","M","?","E","?","?"],"items_purchased_type":["Relic","Card","Relic"],"build_version":"2020-12-18","purchased_purges":2,"victory":false,"max_hp_per_floor":[77,77,77,77,77,77,77,77,77,77,77,77,77,77,77,77,77,77,77,77,77,77,77,53,53,53,53,53,53,53,53,53,53,53,53,53,53,53,53,53,53,53,53],"card_choices":[{"not_picked":["ClearTheMind","ThirdEye"],"picked":"CutThroughFate","floor":0.0},{"not_picked":["Worship","Protect"],"picked":"FollowUp","floor":1.0},{"not_picked":["Fasting2","ClearTheMind"],"picked":"FlurryOfBlows","floor":2.0},{"not_picked":["DeceiveReality","ForeignInfluence"],"picked":"Prostrate","floor":4.0},{"not_picked":["PathToVictory","Omniscience"],"picked":"Evaluate","floor":7.0},{"not_picked":["CrushJoints","Crescendo"],"picked":"BowlingBash","floor":12.0},{"not_picked":["Pray","Meditate"],"picked":"WheelKick","floor":13.0},{"not_picked":["Tantrum","BattleHymn"],"picked":"LikeWater","floor":14.0},{"not_picked":["Scrawl","Alpha"],"picked":"Devotion","floor":16.0},{"not_picked":["Collect","Swivel"],"picked":"SashWhip","floor":18.0},{"not_picked":["BowlingBash+1","FollowUp"],"picked":"Worship","floor":19.0},{"not_picked":["EmptyFist","Protect"],"picked":"MentalFortress","floor":21.0},{"not_picked":["MentalFortress","Tantrum"],"picked":"FearNoEvil","floor":25.0},{"not_picked":["WaveOfTheHand","BowlingBash"],"picked":"ThirdEye","floor":27.0},{"not_picked":["Worship+1","Establishment"],"picked":"Fasting2","floor":28.0},{"not_picked":["FlurryOfBlows","JustLucky+1"],"picked":"Sanctity","floor":31.0},{"not_picked":["Judgement","Blasphemy"],"picked":"Vault","floor":33.0},{"not_picked":["Consecrate+1","Evaluate"],"picked":"FlurryOfBlows","floor":35.0},{"not_picked":["Crescendo+1","SignatureMove","FollowUp+1"],"picked":"SKIP","floor":36.0},{"not_picked":["JustLucky","Prostrate"],"picked":"Adaptation","floor":37.0},{"not_picked":["Study+1","ClearTheMind+1"],"picked":"Halt+1","floor":38.0},{"not_picked":["EmptyFist","DeceiveReality+1"],"picked":"Worship","floor":40}],"player_experience":930683,"relics_obtained":[{"floor":7.0,"key":"Calipers"},{"floor":9.0,"key":"Mercury Hourglass"},{"floor":13.0,"key":"War Paint"},{"floor":25.0,"key":"MealTicket"},{"floor":28.0,"key":"Akabeko"},{"floor":40,"key":"Old Coin"}],"event_choices":[{"damage_healed":0.0,"max_hp_gain":0.0,"max_hp_loss":0.0,"gold_gain":75.0,"event_name":"World of Goop","player_choice":"Gather Gold","floor":3.0,"gold_loss":0.0,"damage_taken":11.0},{"damage_healed":0.0,"max_hp_gain":0.0,"max_hp_loss":0.0,"gold_gain":0.0,"event_name":"Liars Game","player_choice":"Ignored","floor":5.0,"gold_loss":0.0,"damage_taken":0.0},{"damage_healed":0.0,"max_hp_gain":0.0,"max_hp_loss":0.0,"gold_gain":100.0,"event_name":"Golden Shrine","player_choice":"Pray","floor":20.0,"gold_loss":0.0,"damage_taken":0.0},{"damage_healed":0.0,"max_hp_gain":0.0,"max_hp_loss":24.0,"gold_gain":0.0,"event_name":"Vampires","player_choice":"Became a vampire","floor":24.0,"gold_loss":0.0,"damage_taken":0.0,"cards_obtained":["Bite","Bite","Bite","Bite","Bite"]},{"damage_healed":0.0,"max_hp_gain":0.0,"max_hp_loss":0.0,"gold_gain":0.0,"cards_transformed":["Defend_P"],"event_name":"Transmorgrifier","player_choice":"Transformed","floor":39.0,"gold_loss":0.0,"damage_taken":0.0,"cards_obtained":["Swivel"]},{"damage_healed":13,"gold_gain":0,"player_choice":"Writhe","damage_taken":0,"max_hp_gain":0,"max_hp_loss":0,"event_name":"Winding Halls","floor":41,"gold_loss":0,"cards_obtained":["Writhe"]},{"damage_healed":0,"gold_gain":0,"player_choice":"Fight","damage_taken":0,"max_hp_gain":0,"max_hp_loss":0,"event_name":"Mysterious Sphere","floor":42,"gold_loss":0}],"is_beta":true,"boss_relics":[{"not_picked":["Calling Bell","SacredBark"],"picked":"Coffee Dripper"},{"not_picked":["Sozu","Pandora\u0027s Box"],"picked":"VioletLotus"}],"items_purged_floors":[11,30],"is_endless":false,"potions_floor_spawned":[2,4,12,16,18,25,31,33,35,36],"killed_by":"2 Orb Walkers","ascension_level":11}}