{"host":"xltl1aroowo69o4n","time":1614410657,"event":{"mods":["BaseMod","Colored Map","Colored Powertips","Downfall","Koishi","Marisa????????","Minty Spire (QoL Compilation)","Replay The Spire","StSLib","The Cursed","The Hierophant","The Mystic","The Necromancer","The Servant 0.9.4"],"gold_per_floor":[0,20,20,20,295,326,394,412,212,212,212,230,230,244,255,255,255],"floor_reached":16,"language":"ENG","playtime":695,"items_purged":[],"score":130,"play_id":"79036578-514a-455c-b97d-d9b7186820e9","local_time":"20210227022417","is_ascension_mode":true,"campfire_choices":[{"floor":1,"key":"RECALL"},{"floor":9,"key":"REST"},{"floor":11,"key":"REST"},{"data":"Koishi:PerfectMindControl","floor":13,"key":"SMITH"}],"circlet_count":0,"master_deck":["Koishi:BasicStrike","Koishi:BasicStrike","Koishi:BasicStrike","Koishi:BasicStrike","Koishi:BasicDefend","Koishi:BasicDefend","Koishi:BasicDefend","Koishi:BasicDefend","Koishi:Provoke","Koishi:HauntingSlash","Koishi:PerfectMindControl+1","Koishi:DNAsFlaw","Regret","Koishi:UnseenTerror","Koishi:Catatonia","Koishi:PhantomBarrier","Koishi:PerfectMindControl+1","Koishi:DanmakuParanoia","Koishi:Vanish"],"relics":["Koishi:ImaginaryFriend","Golden Egg","downfall:HeartBlessingRed","downfall:HeartBlessingBlue"],"acts_visited":["Exordium"],"potions_floor_usage":[6,16,16],"damage_taken":[{"damage":4,"enemies":"Small Slimes","floor":2,"turns":5},{"damage":52,"enemies":"Lagavulin","floor":6,"turns":13},{"damage":11,"enemies":"2 Louse","floor":8,"turns":3},{"damage":0,"enemies":"Cultist","floor":10,"turns":1},{"damage":7,"enemies":"Gremlin Gang","floor":12,"turns":6},{"damage":12,"enemies":"Large Slime","floor":14,"turns":4},{"damage":20,"enemies":"Exordium Thugs","floor":15,"turns":7},{"damage":58,"enemies":"IC_STATUS_ARCHETYPE","floor":16,"turns":13}],"seed_played":"1990753737258093011","potions_obtained":[{"floor":2,"key":"Strength Potion"},{"floor":6,"key":"Energy Potion"},{"floor":12,"key":"bronze:BurnAndBuffPotion"}],"is_trial":false,"path_per_floor":["R","M","?","?","?","E","T","M","R","M","R","M","R","M","M","B"],"character_chosen":"KOISHI","items_purchased":[],"campfire_rested":2,"item_purchase_floors":[],"current_hp_per_floor":[60,58,63,63,63,17,17,7,39,39,61,62,62,53,37,0,0],"gold":255,"neow_bonus":"THREE_RARE_CARDS","is_daily":false,"chose_seed":false,"campfire_upgraded":1,"win_rate":0.0,"timestamp":1614410657,"path_taken":["R","M","?","?","?","E","T","?","R","M","R","M","R","M","M","BOSS"],"items_purchased_type":[],"build_version":"2020-12-13","purchased_purges":0,"victory":false,"max_hp_per_floor":[60,60,65,65,65,65,65,65,75,75,75,75,75,75,75,75,75],"card_choices":[{"not_picked":["Koishi:GrowingPain","Koishi:ImGoingToCallYouNow"],"picked":"Koishi:PerfectMindControl","floor":0},{"not_picked":["Koishi:FourthEye","Koishi:SpiritedAway"],"picked":"Koishi:DNAsFlaw","floor":2},{"not_picked":["Koishi:ImGoingToCallYouNow","Koishi:DreadfulBlow"],"picked":"Koishi:UnseenTerror","floor":6},{"not_picked":["Koishi:JumpScare","Koishi:PhantomStrike"],"picked":"Koishi:Catatonia","floor":8},{"not_picked":["Koishi:UnconsciousUrges","Koishi:CatchAndRose"],"picked":"Koishi:PhantomBarrier","floor":10},{"not_picked":["Koishi:SubconsciousSweep","Koishi:Possession"],"picked":"Koishi:PerfectMindControl","floor":12},{"not_picked":["Koishi:ParalyzingFear","Koishi:HeartfeltFancy"],"picked":"Koishi:DanmakuParanoia","floor":14},{"not_picked":["Koishi:PhantomBarrier","Koishi:FidgetySnatcher"],"picked":"Koishi:Vanish","floor":15}],"player_experience":286578,"relics_obtained":[{"floor":6,"key":"Golden Egg"}],"event_choices":[{"damage_healed":0,"gold_gain":0,"player_choice":"Donut","damage_taken":0,"max_hp_gain":5,"max_hp_loss":0,"event_name":"Big Fish","floor":3,"gold_loss":0}],"is_beta":false,"boss_relics":[],"items_purged_floors":[],"is_endless":false,"potions_floor_spawned":[2,6,12],"killed_by":"IC_STATUS_ARCHETYPE","ascension_level":1}}