{"host":"xp5rvh2jwe2ejyfm","time":1614434207,"event":{"mods":["2.2 Compatiblity","Aspiration","Bard","BaseMod","Beaked The Cultist","Better Altar","Better Match","Better Note","Better Sensory Stone","Better Skull","BetterRewards","Colored Powertips","Conspire","Downfall","GifTheSpireLib","Gremlin Mod","GungeonMod","Hermit","Hubris","Jorbs\u0027s Wanderer Trilogy","Mad Scientist","Minty Spire (QoL Compilation)","Potionbrewer","Quick Restart","Replay The Spire","Robot Space Explorer","Shade Mod","Somnambulant","StSLib","The Bug Knight","The Clintock","The Construct","The Cursed","The Disciple","The Forsaken","The Hierophant","The Marked","The Mystic","The Necromancer","The Runesmith","The Servant 0.9.4","The Valiant","The Witch","TheFirefly","TheVacant","thorton"],"gold_per_floor":[116,116,133,18,35,55,55,69,69,69,97,97,110,73,73,172,172,182,6,20,20,20,20,44,44,44,44,44,44,59,59,59],"floor_reached":31,"language":"ENG","playtime":1062,"items_purged":[],"score":233,"play_id":"bee05a9e-b1f7-4a66-ba55-fb6ec0b54703","local_time":"20210227085647","is_ascension_mode":false,"campfire_choices":[{"data":"1","floor":7,"key":"LIFT"},{"data":"2","floor":12,"key":"LIFT"},{"floor":15,"key":"REST"},{"floor":23,"key":"REST"},{"data":"3","floor":27,"key":"LIFT"},{"floor":29,"key":"RECALL"}],"circlet_count":0,"master_deck":["Strike_W","Strike_W","Strike_W","Strike_W","Defend_W","Defend_W","Defend_W","Defend_W","Negative_Energy_Arrows","Bone_Wall","Bone_Armory+1","Toxic_Smoke_Screen","Acid_Javelin","Negative_Energy_Bomb","Bone_Bullets","Death_March_Dance","Toxic_Smoke_Screen","Bones_to_Steel","Bone_Shift","Reap_The_Weak","Negative_Energy_Mist","Negative_Energy_Mist","Skeleton_Dragon","Summon_Lich","Summon_Undead_Army","Hellfire","Grasp_Heart","HandOfGreed","Necrotic_Claws"],"relics":["Vampire_Amulet","DemoMod:Relodestone","Quantum Egg","Girya","DemoMod:GnawedKey","conspire:Dentures","Orichalcum","aspiration:SeaSaltIceCream","DemoMod:SerJunkan"],"acts_visited":["Exordium","TheCity"],"potions_floor_usage":[11,16],"damage_taken":[{"damage":7,"enemies":"Jaw Worm","floor":1,"turns":4},{"damage":3,"enemies":"Small Slimes","floor":3,"turns":3},{"damage":3,"enemies":"2 Louse","floor":5,"turns":3},{"damage":1,"enemies":"Exordium Wildlife","floor":6,"turns":4},{"damage":1,"enemies":"2 Fungi Beasts","floor":8,"turns":3},{"damage":37,"enemies":"3 Sentries","floor":11,"turns":7},{"damage":2,"enemies":"Blue Slaver","floor":13,"turns":2},{"damage":38,"enemies":"Fading Forest","floor":16,"turns":11},{"damage":40,"enemies":"Spheric Guardian","floor":18,"turns":8},{"damage":16,"enemies":"Shell Parasite","floor":20,"turns":5},{"damage":33,"enemies":"Centurion and Healer","floor":30,"turns":7},{"damage":16,"enemies":"Chosen and Byrds","floor":31,"turns":3}],"seed_played":"-6608872557992486303","potions_obtained":[{"floor":3,"key":"CultistPotion"},{"floor":8,"key":"GamblersBrew"},{"floor":18,"key":"potionbrewer:CleansingPotion"}],"is_trial":false,"path_per_floor":["M","?","M","$","M","M","R","M","T","?","E","R","M","$","R","B",null,"M","$","M","?","?","R","T","$","T","R","?","R","M","M"],"character_chosen":"NECROMANCER","items_purchased":["Bone_Armory","Toxic_Smoke_Screen","Acid_Javelin","Girya","DemoMod:GnawedKey","Negative_Energy_Mist","Summon_Undead_Army","Hellfire"],"campfire_rested":2,"item_purchase_floors":[0,0,0,0,4,14,19,19],"current_hp_per_floor":[35,60,61,61,62,65,65,68,68,68,37,37,37,37,59,35,75,37,37,23,23,23,45,45,45,45,45,45,45,16,0,0],"gold":59,"neow_bonus":"","is_daily":false,"chose_seed":false,"campfire_upgraded":0,"win_rate":0.0,"timestamp":1614434207,"path_taken":["M","?","M","$","M","M","R","M","T","?","E","R","?","$","R","BOSS","M","$","M","?","?","R","?","$","T","R","?","R","?","M"],"items_purchased_type":["Card","Card","Card","Relic","Relic","Card","Card","Card"],"build_version":"2020-12-22","purchased_purges":0,"victory":false,"max_hp_per_floor":[75,75,75,75,75,75,75,75,75,75,75,75,75,75,75,75,75,75,75,75,75,75,75,75,75,75,75,75,75,75,75,75],"card_choices":[{"not_picked":["Finger_Of_Death","Negative_Energy_Shield"],"picked":"Negative_Energy_Bomb","floor":1},{"not_picked":["Bone_Prison","Slay_Living"],"picked":"Bone_Bullets","floor":3},{"not_picked":["Negative_Energy_Javelin","Flesh_Made_Foul"],"picked":"Death_March_Dance","floor":5},{"not_picked":["Bone_Bullets","Shackles_Of_Pain"],"picked":"Toxic_Smoke_Screen","floor":6},{"not_picked":["Death_Knell","Bone_Shift"],"picked":"Bones_to_Steel","floor":8},{"not_picked":["Negative_Energy_Shield","Blood_Whip"],"picked":"Bone_Shift","floor":11},{"not_picked":["Toxic_Smoke_Screen","Vampiric_Strike"],"picked":"Reap_The_Weak","floor":13},{"not_picked":["Summon_Vampire_Lady","Blood_Magic"],"picked":"Skeleton_Dragon","floor":16},{"not_picked":["Negative_Energy_Shield","Negative_Energy_Mist"],"picked":"Summon_Lich","floor":18},{"not_picked":["Spectral_Walk","Bone_Shift"],"picked":"Grasp_Heart","floor":20},{"not_picked":["Shade_Step+1","Negative_Energy_Mist"],"picked":"Necrotic_Claws","floor":30}],"player_experience":585059,"relics_obtained":[{"floor":9,"key":"conspire:Dentures"},{"floor":11,"key":"Orichalcum"},{"floor":26,"key":"aspiration:SeaSaltIceCream"}],"event_choices":[{"damage_healed":25,"gold_gain":0,"player_choice":"Banana","damage_taken":0,"max_hp_gain":0,"max_hp_loss":0,"event_name":"Big Fish","floor":2,"gold_loss":0},{"damage_healed":0,"gold_gain":0,"player_choice":"Leave","damage_taken":0,"max_hp_gain":0,"max_hp_loss":0,"event_name":"The Cleric","floor":10,"gold_loss":0},{"cards_removed":["Death_March_Dance"],"damage_healed":0,"gold_gain":0,"player_choice":"Take \u0026 Give","damage_taken":0,"max_hp_gain":0,"max_hp_loss":0,"event_name":"betterNote:BetterNote","floor":21,"gold_loss":0,"cards_obtained":["HandOfGreed"]},{"damage_healed":0,"gold_gain":0,"player_choice":"Ignored","damage_taken":0,"max_hp_gain":0,"max_hp_loss":0,"event_name":"Vampires","floor":28,"gold_loss":0}],"is_beta":false,"boss_relics":[{"not_picked":["Runic Dome","Astrolabe","conspire:RoyalGoblet"]}],"items_purged_floors":[],"is_endless":false,"potions_floor_spawned":[3,8,18],"killed_by":"Chosen and Byrds","ascension_level":0}}