{"host":"9c9syrivwe4sfpe0","time":1614431211,"event":{"mods":["AchievementEnabler","BaseMod","Colored Powertips","DeckTracker","GifTheSpireLib","Highlight Path","Minty Spire (QoL Compilation)","Quick Restart","Random Character Button","StSLib","SuperFastMode"],"gold_per_floor":[116,116,170,184,199,199,232,232,232,232,246,265,285,6,6,101,101,111,111,161,171,184,184,184,184],"floor_reached":24,"language":"ENG","playtime":1884,"items_purged":[],"score":267,"play_id":"8f2d8a90-f49e-4bb5-a604-e0c496cdb447","local_time":"20210228000651","is_ascension_mode":true,"campfire_choices":[{"data":"Zap","floor":6,"key":"SMITH"},{"data":"Loop","floor":8,"key":"SMITH"},{"floor":15,"key":"REST"},{"floor":23,"key":"REST"}],"circlet_count":0,"master_deck":["Strike_B","Strike_B","Strike_B","Strike_B","Defend_B","Zap+1","Dualcast","Deep Breath","White Noise","Regret","Beam Cell+1","Static Discharge","Loop+1","Barrage+1","Ball Lightning+1","Skim","Magnetism","Static Discharge","Compile Driver+1","Thunder Strike+1","FTL+1","Self Repair+1","Reboot+1","Consume","Stack+1","Leap"],"relics":["Cracked Core","Molten Egg 2","Anchor","Bronze Scales","Omamori","Astrolabe","InkBottle"],"acts_visited":["Exordium","TheCity"],"potions_floor_usage":[7,12,18,24],"damage_taken":[{"damage":4,"enemies":"Jaw Worm","floor":1,"turns":4},{"damage":3,"enemies":"Cultist","floor":4,"turns":3},{"damage":5,"enemies":"Small Slimes","floor":5,"turns":3},{"damage":31,"enemies":"Lagavulin","floor":7,"turns":5},{"damage":0,"enemies":"Red Slaver","floor":11,"turns":3},{"damage":1,"enemies":"Exordium Thugs","floor":12,"turns":2},{"damage":1,"enemies":"Large Slime","floor":13,"turns":3},{"damage":37,"enemies":"Slime Boss","floor":16,"turns":6},{"damage":7,"enemies":"3 Byrds","floor":18,"turns":2},{"damage":36,"enemies":"Shell Parasite","floor":21,"turns":4},{"damage":24,"enemies":"Cultist and Chosen","floor":22,"turns":5},{"damage":43,"enemies":"Snecko","floor":24,"turns":4}],"seed_played":"2857856672220249810","potions_obtained":[{"floor":5,"key":"SteroidPotion"},{"floor":7,"key":"Fire Potion"},{"floor":11,"key":"Weak Potion"},{"floor":22,"key":"FearPotion"}],"is_trial":false,"path_per_floor":["M","?","T","M","M","R","E","R","T","?","M","M","M","$","R","B",null,"M","?","?","M","M","R","M"],"character_chosen":"DEFECT","items_purchased":["Magnetism","Static Discharge","Compile Driver+1"],"campfire_rested":2,"item_purchase_floors":[14,14,14],"current_hp_per_floor":[64,64,64,61,56,56,25,25,25,25,25,24,23,23,45,8,58,61,61,61,35,21,43,0,0],"gold":184,"neow_bonus":"RANDOM_COLORLESS","is_daily":false,"chose_seed":false,"campfire_upgraded":2,"win_rate":0.0,"timestamp":1614431211,"path_taken":["M","?","?","?","M","R","E","R","T","?","M","?","M","?","R","BOSS","M","?","?","?","M","R","M"],"items_purchased_type":["Card","Card","Card"],"build_version":"2020-12-22","purchased_purges":0,"victory":false,"max_hp_per_floor":[75,75,75,75,75,75,75,75,75,75,75,75,75,75,75,75,75,75,75,75,75,75,75,75,75],"card_choices":[{"not_picked":["Blind","Finesse"],"picked":"Deep Breath","floor":0},{"not_picked":["Coolheaded","Chaos"],"picked":"White Noise","floor":1},{"not_picked":["Gash+1","Compile Driver+1"],"picked":"Beam Cell+1","floor":4},{"not_picked":["Double Energy","Sweeping Beam+1"],"picked":"Static Discharge","floor":5},{"not_picked":["Ball Lightning+1","Capacitor"],"picked":"Loop","floor":7},{"not_picked":["Streamline+1","Turbo"],"picked":"Barrage+1","floor":11},{"not_picked":["Melter+1","Streamline+1"],"picked":"Ball Lightning+1","floor":12},{"not_picked":["Redo","FTL+1"],"picked":"Skim","floor":13},{"not_picked":["Rainbow","Fission"],"picked":"Thunder Strike+1","floor":16},{"not_picked":["Rip and Tear+1","Skim+1"],"picked":"Consume","floor":18},{"not_picked":["Compile Driver+1","Turbo"],"picked":"Stack+1","floor":21},{"not_picked":["Steam","Gash+1"],"picked":"Leap","floor":22}],"player_experience":875888,"relics_obtained":[{"floor":7,"key":"Anchor"},{"floor":9,"key":"Bronze Scales"},{"floor":10,"key":"Omamori"}],"event_choices":[{"damage_healed":0,"gold_gain":0,"player_choice":"Box","damage_taken":0,"relics_obtained":["Molten Egg 2"],"max_hp_gain":0,"max_hp_loss":0,"event_name":"Big Fish","floor":2,"gold_loss":0,"cards_obtained":["Regret"]},{"damage_healed":0,"gold_gain":0,"player_choice":"Relic","damage_taken":0,"max_hp_gain":0,"max_hp_loss":0,"event_name":"Wheel of Change","floor":10,"gold_loss":0},{"damage_healed":0,"gold_gain":0,"player_choice":"Opened","damage_taken":0,"relics_obtained":["InkBottle"],"max_hp_gain":0,"max_hp_loss":0,"event_name":"The Mausoleum","floor":19,"gold_loss":0},{"damage_healed":0,"gold_gain":100,"player_choice":"Bet on Murderer","damage_taken":0,"max_hp_gain":0,"max_hp_loss":0,"event_name":"The Joust","floor":20,"gold_loss":50}],"is_beta":false,"boss_relics":[{"not_picked":["Cursed Key","Runic Pyramid"],"picked":"Astrolabe"}],"items_purged_floors":[],"is_endless":false,"potions_floor_spawned":[5,7,11,22],"killed_by":"Snecko","ascension_level":7}}