{"host":"1bmpebsu0h6jmm2g","time":1614406812,"event":{"mods":["BaseMod","BetterRewards","Colored Map","DeckTracker","Highlight Path","Keyboard Shortcuts","Minty Spire (QoL Compilation)","Permanent Neow","Quick Restart","Relic Stats","Slay the Relics Exporter","StSLib","SuperFastMode","The Poker Player"],"gold_per_floor":[118,130,142,157,174,174,186,186,186,196,210,224,238,238,238,309,359,374,386,404,424,424,424],"floor_reached":22,"language":"KOR","playtime":630,"items_purged":[],"score":376,"play_id":"779d5f64-97dd-4d3a-b69c-5a3978ce25ac","local_time":"20210227152012","is_ascension_mode":true,"campfire_choices":[{"data":"Crippling Poison","floor":6.0,"key":"SMITH"},{"data":"Deadly Poison","floor":8.0,"key":"SMITH"},{"data":"Noxious Fumes","floor":15.0,"key":"SMITH"}],"circlet_count":0,"master_deck":["AscendersBane","Strike_G","Strike_G","Strike_G","Strike_G+1","Defend_G","Defend_G","Defend_G","Defend_G","Defend_G","Survivor","Neutralize","Adrenaline","Deadly Poison+1","Crippling Poison+1","Calculated Gamble","Noxious Fumes+1","Reflex","Adrenaline","Backflip","Catalyst","Acrobatics+1","PiercingWail"],"relics":["Ring of the Snake","White Beast Statue","Tiny House"],"acts_visited":["Exordium","TheCity"],"potions_floor_usage":[16,20],"damage_taken":[{"damage":2.0,"enemies":"Cultist","floor":1.0,"turns":4.0},{"damage":4.0,"enemies":"Small Slimes","floor":2.0,"turns":3.0},{"damage":0.0,"enemies":"2 Louse","floor":3.0,"turns":2.0},{"damage":2.0,"enemies":"Blue Slaver","floor":4.0,"turns":4.0},{"damage":6.0,"enemies":"3 Louse","floor":5.0,"turns":3.0},{"damage":10.0,"enemies":"Exordium Wildlife","floor":7.0,"turns":6.0},{"damage":2.0,"enemies":"Blue Slaver","floor":10.0,"turns":3.0},{"damage":3.0,"enemies":"Looter","floor":11.0,"turns":4.0},{"damage":0.0,"enemies":"2 Fungi Beasts","floor":12.0,"turns":3.0},{"damage":0.0,"enemies":"3 Louse","floor":13.0,"turns":2.0},{"damage":35,"enemies":"The Guardian","floor":16,"turns":8},{"damage":0,"enemies":"3 Byrds","floor":18,"turns":4},{"damage":7,"enemies":"Shell Parasite","floor":19,"turns":3},{"damage":29,"enemies":"Shelled Parasite and Fungi","floor":20,"turns":4},{"damage":16,"enemies":"Centurion and Healer","floor":21,"turns":6},{"damage":0,"enemies":"Cultist and Chosen","floor":22,"turns":1}],"seed_played":"3752967361576809940","potions_obtained":[{"floor":2.0,"key":"CultistPotion"},{"floor":3.0,"key":"Dexterity Potion"},{"floor":11.0,"key":"SteroidPotion"},{"floor":12.0,"key":"SkillPotion"},{"floor":13.0,"key":"FairyPotion"},{"floor":16,"key":"Energy Potion"},{"floor":17,"key":"Energy Potion"},{"floor":18,"key":"PowerPotion"},{"floor":20,"key":"Weak Potion"}],"is_trial":false,"path_per_floor":["M","M","M","M","M","R","M","R","T","M","M","M","M","?","R","B",null,"M","M","M","M","M"],"character_chosen":"THE_SILENT","items_purchased":[],"campfire_rested":0,"item_purchase_floors":[],"current_hp_per_floor":[42,38,38,36,30,30,20,20,20,18,15,15,15,15,15,6,56,56,49,20,4,4,4],"gold":424,"neow_bonus":"THREE_RARE_CARDS","is_daily":false,"chose_seed":false,"campfire_upgraded":3,"win_rate":0.0,"timestamp":1614406812,"path_taken":["M","?","M","M","M","R","M","R","T","M","M","M","M","?","R","BOSS","M","M","M","M","M"],"items_purchased_type":[],"build_version":"2020-12-22","purchased_purges":0,"victory":false,"max_hp_per_floor":[66,66,66,66,66,66,66,66,66,66,66,66,66,66,66,66,71,71,71,71,71,71,71],"relic_stats":{"counters":[16,59],"obtain_stats":[{"Tiny House":17,"White Beast Statue":9,"Ring of the Snake":0},{"Tiny House":11,"White Beast Statue":6,"Ring of the Snake":0},{"Tiny House":42,"White Beast Statue":22,"Ring of the Snake":0}],"Ring of the Snake":[30]},"card_choices":[{"not_picked":["Doppelganger","Unload"],"picked":"Adrenaline","floor":0.0},{"not_picked":["Slice","All Out Attack"],"picked":"Deadly Poison","floor":1.0},{"not_picked":["Dagger Throw","Deadly Poison"],"picked":"Crippling Poison","floor":2.0},{"not_picked":["Flechettes","Prepared","All Out Attack"],"picked":"SKIP","floor":3.0},{"not_picked":["Concentrate","Distraction"],"picked":"Calculated Gamble","floor":4.0},{"not_picked":["Expertise","Endless Agony","Cloak And Dagger"],"picked":"SKIP","floor":5.0},{"not_picked":["Bane","Skewer","A Thousand Cuts"],"picked":"SKIP","floor":7.0},{"not_picked":["Infinite Blades","Bane","Underhanded Strike"],"picked":"SKIP","floor":10.0},{"not_picked":["Bane","Sucker Punch"],"picked":"Noxious Fumes","floor":11.0},{"not_picked":["Blade Dance","Dodge and Roll"],"picked":"Reflex","floor":12.0},{"not_picked":["Accuracy","Phantasmal Killer","Prepared"],"picked":"SKIP","floor":13.0},{"not_picked":["Die Die Die","Envenom"],"picked":"Adrenaline","floor":16},{"not_picked":["Slice","PiercingWail"],"picked":"Backflip","floor":17},{"not_picked":["Well Laid Plans","Infinite Blades"],"picked":"Catalyst","floor":18},{"not_picked":["Outmaneuver","Dagger Spray"],"picked":"Acrobatics+1","floor":19},{"not_picked":["Predator","Deadly Poison"],"picked":"PiercingWail","floor":20},{"not_picked":["Quick Slash","PiercingWail","Slice"],"picked":"SKIP","floor":21}],"player_experience":573613,"relics_obtained":[{"floor":9.0,"key":"White Beast Statue"}],"event_choices":[{"cards_removed":["Strike_G"],"damage_healed":0.0,"max_hp_gain":0.0,"max_hp_loss":0.0,"gold_gain":0.0,"event_name":"Purifier","player_choice":"Purged","floor":14.0,"gold_loss":0.0,"damage_taken":0.0}],"is_beta":false,"boss_relics":[{"not_picked":["Fusion Hammer","SlaversCollar"],"picked":"Tiny House"}],"items_purged_floors":[],"is_endless":false,"potions_floor_spawned":[2,3,5,10,11,12,13,16,18,19,20,21],"killed_by":"Cultist and Chosen","ascension_level":20}}