{"host":"78edkx97cmgws1r9","time":1614454971,"event":{"mods":["Act Like it!","BaseMod","Better Note","Better Sensory Stone","Colored Map","Colored Powertips","Hermit","Minty Spire (QoL Compilation)","Rare Cards Sparkle","Replay The Spire","StSLib"],"gold_per_floor":[118,293,313,325,95,95,127,143,218,228,228,228,247,275,275,371,371,384,384,238,153,164,164,175,207,234,57,57,69,69,96,96,96,96],"floor_reached":33,"language":"ENG","playtime":3389,"items_purged":["Doubt","Overencumbered"],"score":310,"play_id":"88c00a5e-697f-4b3c-a62e-f1c173b6ad7c","local_time":"20210227204251","is_ascension_mode":true,"campfire_choices":[{"floor":6,"key":"RECALL"},{"floor":12,"key":"REST"},{"floor":15,"key":"REST"},{"data":"Perfected Strike","floor":23,"key":"SMITH"},{"data":"Perfected Strike","floor":30,"key":"SMITH"},{"data":"ReplayTheSpireMod:Stacked","floor":32,"key":"SMITH"}],"circlet_count":0,"master_deck":["Strike_R","Strike_R","Strike_R","Strike_R","Strike_R","Defend_R","Defend_R","Defend_R","Defend_R","Bash","Ghostly Armor","Perfected Strike+1","Perfected Strike+1","Double Tap","Dual Wield","Pommel Strike","Shrug It Off","Power Through+1","ReplayTheSpireMod:Stacked+1"],"relics":["Burning Blood","Happy Flower","Incense Burner","Pantograph","Orichalcum","HornCleat","Runic Pyramid","Nunchaku","Onion Ring","Centennial Puzzle","Membership Card","ReplayFunnel"],"acts_visited":["Exordium","TheCity"],"potions_floor_usage":[16,16,18,33,33],"damage_taken":[{"damage":0,"enemies":"Small Slimes","floor":1,"turns":4},{"damage":4,"enemies":"2 Louse","floor":3,"turns":4},{"damage":5,"enemies":"Cultist","floor":4,"turns":4},{"damage":79,"enemies":"3 Sentries","floor":7,"turns":14},{"damage":14,"enemies":"Large Slime","floor":8,"turns":8},{"damage":6,"enemies":"Exordium Wildlife","floor":10,"turns":4},{"damage":8,"enemies":"Blue Slaver","floor":13,"turns":5},{"damage":4,"enemies":"Replay:BlueRogue","floor":14,"turns":6},{"damage":40,"enemies":"Slime Boss","floor":16,"turns":11},{"damage":15,"enemies":"2 Thieves","floor":18,"turns":3},{"damage":0,"enemies":"Spheric Guardian","floor":22,"turns":3},{"damage":7,"enemies":"Centurion and Healer","floor":24,"turns":5},{"damage":6,"enemies":"Book of Stabbing","floor":25,"turns":4},{"damage":16,"enemies":"Snake Plant","floor":29,"turns":3},{"damage":12,"enemies":"Replay:Snechameleon","floor":31,"turns":8},{"damage":94,"enemies":"Automaton","floor":33,"turns":14}],"seed_played":"2771418308404208661","potions_obtained":[{"floor":8,"key":"BlessingOfTheForge"},{"floor":10,"key":"Explosive Potion"},{"floor":16,"key":"SteroidPotion"},{"floor":24,"key":"Energy Potion"},{"floor":29,"key":"Block Potion"}],"is_trial":false,"path_per_floor":["M","?","M","M","$","R","E","M","T","M","?","R","M","E","R","B",null,"M","?","$","?","M","R","M","E","T","$","?","M","R","E","R","B"],"character_chosen":"IRONCLAD","items_purchased":["Happy Flower","Pommel Strike","Membership Card","Shrug It Off"],"campfire_rested":2,"item_purchase_floors":[5,20,27,27],"current_hp_per_floor":[88,88,88,88,88,88,15,7,7,7,7,33,31,33,59,50,88,79,79,79,79,85,85,84,84,84,84,84,74,74,68,68,0,0],"gold":96,"neow_bonus":"TEN_PERCENT_HP_BONUS","is_daily":false,"chose_seed":false,"campfire_upgraded":3,"win_rate":0.0,"timestamp":1614454971,"path_taken":["M","?","M","M","$","R","E","M","T","M","?","R","?","E","R","BOSS","M","?","$","?","M","R","M","E","T","$","?","M","R","E","R","BOSS"],"items_purchased_type":["Relic","Card","Relic","Card"],"build_version":"2020-12-22","purchased_purges":2,"victory":false,"max_hp_per_floor":[88,88,88,88,88,88,88,88,88,88,88,88,88,88,88,88,88,88,88,88,88,88,88,88,88,88,88,88,88,88,88,88,88,88],"card_choices":[{"not_picked":["Cleave","Pommel Strike","Armaments"],"picked":"SKIP","floor":1},{"not_picked":["Abandon","ReplayTheSpireMod:Muscle Training","Clash"],"picked":"SKIP","floor":3},{"not_picked":["Sentinel","Shrug It Off","Replay:Undeath\u0027s Touch"],"picked":"SKIP","floor":4},{"not_picked":["Shockwave","Warcry"],"picked":"Ghostly Armor","floor":7},{"not_picked":["Fire Breathing","Fiend Fire","Run Through"],"picked":"SKIP","floor":8},{"not_picked":["Sentinel","Cleave","Evolve"],"picked":"SKIP","floor":10},{"not_picked":["Anger","Replay:Undeath\u0027s Touch"],"picked":"Perfected Strike","floor":13},{"not_picked":["Thunderclap","Burning Pact"],"picked":"Perfected Strike","floor":14},{"not_picked":["Offering","Hemogenesis"],"picked":"Double Tap","floor":16},{"not_picked":["Clash","Flame Barrier"],"picked":"Dual Wield","floor":18},{"not_picked":["Dropkick","Cleave","Flex"],"picked":"SKIP","floor":22},{"not_picked":["Shrug It Off","Whirlwind","Warcry+1"],"picked":"SKIP","floor":24},{"not_picked":["Battle Trance+1","Sentinel","Pummel+1"],"picked":"SKIP","floor":25},{"not_picked":["Warcry","Shrug It Off"],"picked":"Power Through+1","floor":29},{"not_picked":["Anger","Iron Wave"],"picked":"ReplayTheSpireMod:Stacked","floor":31}],"player_experience":157216,"relics_obtained":[{"floor":7,"key":"Incense Burner"},{"floor":9,"key":"Pantograph"},{"floor":11,"key":"Orichalcum"},{"floor":14,"key":"HornCleat"},{"floor":25,"key":"Centennial Puzzle"},{"floor":31,"key":"ReplayFunnel"}],"event_choices":[{"damage_healed":0,"gold_gain":175,"player_choice":"AGREE","damage_taken":0,"max_hp_gain":0,"max_hp_loss":0,"event_name":"Liars Game","floor":2,"gold_loss":0,"cards_obtained":["Doubt"]},{"damage_healed":0,"gold_gain":0,"player_choice":"Relic","damage_taken":0,"max_hp_gain":0,"max_hp_loss":0,"event_name":"Wheel of Change","floor":11,"gold_loss":0},{"damage_healed":0,"gold_gain":0,"player_choice":"Obtained Relic","damage_taken":0,"relics_obtained":["Onion Ring"],"max_hp_gain":0,"max_hp_loss":0,"event_name":"Addict","floor":21,"gold_loss":85}],"is_beta":false,"boss_relics":[{"not_picked":["Cursed Key","Pandora\u0027s Box"],"picked":"Runic Pyramid"}],"items_purged_floors":[5,20],"is_endless":false,"potions_floor_spawned":[8,10,16,24,29],"killed_by":"Automaton","ascension_level":1}}