{"host":"5p3yes4p30troaz4","time":1614402072,"event":{"mods":["BaseMod","Colored Map","Colored Powertips","Downfall","Googly Eyes","Hermit","Marisa????????","Minty Spire (QoL Compilation)","Replay The Spire","StSLib","The Cursed","The Servant 0.9.4"],"gold_per_floor":[110,121,131,150,150,150,40,40,67,47,75,94,126,145,145,250,250,262,262,262,31,41,41,41,55,55,85,85,85,100,100,119,119,119,217,217,229,60,73,93,105,105,133,146,146,28,38,38,38,138,138,138],"floor_reached":53,"language":"ENG","playtime":6917,"items_purged":["downfall:Icky","Shame"],"score":1019,"play_id":"e81a5944-d775-4b5c-bef0-163ea78c2f18","local_time":"20210226230112","is_ascension_mode":false,"campfire_choices":[{"data":"MasterSpark","floor":6.0,"key":"SMITH"},{"data":"MysteriousBeam","floor":8.0,"key":"SMITH"},{"data":"JA","floor":15.0,"key":"SMITH"},{"data":"BinaryStars","floor":24.0,"key":"SMITH"},{"data":"GrandCross","floor":31.0,"key":"SMITH"},{"floor":34.0,"key":"DIG"},{"data":"ManaRampage","floor":42.0,"key":"SMITH"},{"floor":48,"key":"REST"},{"data":"FairyDestructionRay","floor":51,"key":"SMITH"}],"circlet_count":0,"master_deck":["Strike_MRS","Strike_MRS","Strike_MRS","Defend_MRS","Defend_MRS","Defend_MRS","MasterSpark+1","UpSweep","LuminesStrike","GrandCross","WitchLeyline","ManaRampage+1","MysteriousBeam+1","MysteriousBeam","JA+1","GrandCross+1","MilkyWay","WitchLeyline","BinaryStars+1","Singularity","StarDustReverie","DC","6A+1","Pot Of Greed","Pot Of Greed","Pot Of Greed","BlazeAway+1","6A+1","ManaRampage+1","BlazeAway+1","DoubleSpark+1","ShootingEcho+1","FairyDestructionRay+1","UnstableBomb+1","Pot Of Greed","EarthLightRay+1","WitchLeyline+1","MilkyWay+1","IllusionStar","DoubleSpark+1"],"relics":["MiniHakkero","NeowsBlessing","Strawberry","Ancient Tea Set","Eternal Feather","SacredBark","sneckomod:BabySnecko","Mercury Hourglass","Grinning Jar","Meat on the Bone","Astrolabe","Replay:Kaleidoscope","Durian"],"acts_visited":["Exordium","TheCity","TheBeyond"],"potions_floor_usage":[43,52],"damage_taken":[{"damage":0.0,"enemies":"Cultist","floor":1.0,"turns":1.0},{"damage":0.0,"enemies":"Jaw Worm","floor":2.0,"turns":1.0},{"damage":0.0,"enemies":"2 Louse","floor":3.0,"turns":1.0},{"damage":1.0,"enemies":"Gremlin Gang","floor":4.0,"turns":4.0},{"damage":0.0,"enemies":"Lagavulin","floor":11.0,"turns":2.0},{"damage":8.0,"enemies":"3 Louse","floor":12.0,"turns":2.0},{"damage":4.0,"enemies":"Replay:BlueRogue","floor":13.0,"turns":3.0},{"damage":0.0,"enemies":"2 Fungi Beasts","floor":14.0,"turns":1.0},{"damage":2.0,"enemies":"Fading Forest","floor":16.0,"turns":11.0},{"damage":0.0,"enemies":"Spheric Guardian","floor":18.0,"turns":2.0},{"damage":7.0,"enemies":"Chosen","floor":22.0,"turns":2.0},{"damage":0.0,"enemies":"Centurion and Healer","floor":25.0,"turns":4.0},{"damage":19.0,"enemies":"Replay:Snechameleon","floor":27.0,"turns":3.0},{"damage":0.0,"enemies":"Snake Plant","floor":30.0,"turns":2.0},{"damage":10.0,"enemies":"3 Cultists","floor":32.0,"turns":3.0},{"damage":6.0,"enemies":"Pondfish","floor":35.0,"turns":5.0},{"damage":33.0,"enemies":"3 Darklings","floor":37.0,"turns":3.0},{"damage":25.0,"enemies":"3 Shapes","floor":39.0,"turns":2.0},{"damage":39.0,"enemies":"Sphere and 2 Shapes","floor":40.0,"turns":2.0},{"damage":10.0,"enemies":"Jaw Worm Horde","floor":41.0,"turns":3.0},{"damage":12,"enemies":"Nemesis","floor":43,"turns":1},{"damage":2,"enemies":"Spire Growth","floor":44,"turns":3},{"damage":13,"enemies":"4 Shapes","floor":47,"turns":3},{"damage":89,"enemies":"Donu and Deca","floor":52,"turns":7}],"seed_played":"5995656926655745699","potions_obtained":[{"floor":2.0,"key":"EssenceOfSteel"},{"floor":4.0,"key":"AttackPotion"},{"floor":10.0,"key":"EntropicBrew"},{"floor":22.0,"key":"Fire Potion"},{"floor":27.0,"key":"ColorlessPotion"},{"floor":30.0,"key":"CultistPotion"},{"floor":35.0,"key":"ColorlessPotion"},{"floor":37.0,"key":"Energy Potion"},{"floor":41.0,"key":"Death Potion"},{"floor":43,"key":"Death Potion"},{"floor":47,"key":"Death Potion"}],"is_trial":false,"path_per_floor":["M","M","M","M","?","R","$","R","T","?","E","M","E","M","R","B",null,"M","?","?","$","M","?","R","M","T","E","PTL","PTL","M","R","M","?","R_BF","B",null,"M","$","M","M","M","R","E","M","T","$","M","R","$","?","R","B",null],"character_chosen":"MARISA","items_purchased":["MysteriousBeam","Regen Potion","StarDustReverie","FairyDestructionRay","Guardian:BlockOnCardUsePotion","IllusionStar"],"campfire_rested":1,"item_purchase_floors":[7,7,21,38,46,46],"current_hp_per_floor":[75,75,75,74,74,74,74,74,81,81,81,73,69,69,81,79,82,82,82,82,82,75,75,82,82,82,63,63,63,63,81,71,92,92,86,92,59,59,46,19,46,67,55,59,64,64,51,97,97,97,97,20],"gold":138,"neow_bonus":"THREE_ENEMY_KILL","is_daily":false,"chose_seed":false,"campfire_upgraded":7,"win_rate":0.0,"timestamp":1614402072,"path_taken":["M","?","?","M","?","R","$","R","T","?","E","M","E","?","R","BOSS","M","?","?","$","M","?","R","M","T","E","PTL","PTL","M","R","M","?","R_BF","BOSS","M","$","M","M","M","R","E","M","T","?","M","R","$","?","R","BOSS"],"items_purchased_type":["Card","Potion","Card","Card","Potion","Card"],"build_version":"2020-12-22","purchased_purges":2,"victory":true,"max_hp_per_floor":[75,75,75,75,75,75,75,75,82,82,82,82,82,82,82,82,82,82,82,82,82,82,82,82,82,82,82,82,82,82,82,82,92,92,92,92,92,92,92,92,92,92,92,92,97,97,97,97,97,97,97,97],"card_choices":[{"not_picked":["GalacticHalo","SprinkleStarSeal"],"picked":"LuminesStrike","floor":1.0},{"not_picked":["WitchOfGreed","MysteriousBeam"],"picked":"GrandCross","floor":2.0},{"not_picked":["Acceleration","RefractionSpark"],"picked":"WitchLeyline","floor":3.0},{"not_picked":["SporeBomb","WitchLeyline"],"picked":"NonDirectionalLaser","floor":4.0},{"not_picked":["EarthLightRay","Robbery"],"picked":"JA","floor":11.0},{"not_picked":["ShootingEcho","WitchLeyline"],"picked":"GrandCross","floor":12.0},{"not_picked":["ManaRampage","MysteriousBeam"],"picked":"MilkyWay","floor":13.0},{"not_picked":["WitchOfGreed","DoubleSpark"],"picked":"WitchLeyline","floor":14.0},{"not_picked":["BlazingStar","CasketOfStar"],"picked":"BinaryStars","floor":16.0},{"not_picked":["LuminesStrike","MilkyWay"],"picked":"Singularity","floor":18.0},{"not_picked":["SporeBomb","AlicesGift"],"picked":"DC","floor":22.0},{"not_picked":["OortCloud+1","RefractionSpark"],"picked":"6A+1","floor":25.0},{"not_picked":["GravityBeat","TreasureHunter"],"picked":"BlazeAway+1","floor":27.0},{"not_picked":["Robbery","EnergyRecoil","OrrerysSun+1"],"picked":"SKIP","floor":30.0},{"not_picked":["MeteoricShower","DeepEcoloBomb"],"picked":"6A+1","floor":32.0},{"not_picked":["SatelliteIllusion","SuperNova"],"picked":"ManaRampage","floor":35.0},{"not_picked":["LuminesStrike+1","6A+1"],"picked":"ShootingEcho+1","floor":37.0},{"not_picked":["ShootTheMoon+1","Acceleration+1"],"picked":"UnstableBomb+1","floor":39.0},{"not_picked":["DoubleSpark","Acceleration+1"],"picked":"EarthLightRay+1","floor":40.0},{"not_picked":["AsteroidBelt","MachineGunSpark+1"],"picked":"WitchLeyline+1","floor":41.0},{"not_picked":["CasketOfStar","MysteriousBeam+1"],"picked":"MilkyWay+1","floor":43},{"not_picked":["Acceleration","LuminesStrike","DarkSpark+1"],"picked":"SKIP","floor":44},{"not_picked":["DragonMeteor","IllusionStar"],"picked":"DoubleSpark+1","floor":47}],"player_experience":176822,"relics_obtained":[{"floor":9.0,"key":"Strawberry"},{"floor":11.0,"key":"Ancient Tea Set"},{"floor":13.0,"key":"Eternal Feather"},{"floor":26.0,"key":"Mercury Hourglass"},{"floor":27.0,"key":"Grinning Jar"},{"floor":34.0,"key":"Meat on the Bone"},{"floor":43,"key":"Replay:Kaleidoscope"},{"floor":45,"key":"Durian"}],"event_choices":[{"damage_healed":0.0,"max_hp_gain":0.0,"max_hp_loss":0.0,"gold_gain":0.0,"event_name":"The Woman in Blue","player_choice":"Bought 1 Potion","floor":10.0,"gold_loss":0.0,"damage_taken":0.0},{"damage_healed":0.0,"max_hp_gain":0.0,"max_hp_loss":0.0,"gold_gain":0.0,"event_name":"Vampires","player_choice":"Ignored","floor":19.0,"gold_loss":0.0,"damage_taken":0.0},{"cards_removed":["Slimebound:CheckThePlaybook"],"damage_healed":11.0,"max_hp_gain":10.0,"max_hp_loss":0.0,"gold_gain":0.0,"event_name":"Bonfire Elementals","player_choice":"Offered Rare","floor":33.0,"gold_loss":0.0,"damage_taken":0.0},{"damage_healed":0,"gold_gain":100,"player_choice":"Pray","damage_taken":0,"max_hp_gain":0,"max_hp_loss":0,"event_name":"Golden Shrine","floor":50,"gold_loss":0}],"is_beta":false,"boss_relics":[{"not_picked":["Replay:Drink Me","bronze:MakeshiftBattery"],"picked":"SacredBark"},{"not_picked":["Ring of Chaos","Philosopher\u0027s Stone"],"picked":"Astrolabe"}],"items_purged_floors":[21,38],"is_endless":false,"potions_floor_spawned":[2,4,11,14,22,27,30,35,37,41,43,47],"ascension_level":0}}