{"host":"za9ilm1uiwmpmin1","time":1614408435,"event":{"mods":["AchievementEnabler","BaseMod","Downfall","Friendly Minions","KomeijiMod","Lobotomy","Minty Spire (QoL Compilation)","MostiFishMod","StSLib","TestMod","Waifu the Spire"],"gold_per_floor":[119,119,139,139,155,189,114,114,114,128,159,173,173,201,201,278,278,290,309,325,335,225,255,267,297,324,338,358,22,49,63,63,140,140,153,53,53,67,85,111,111,143,166,183,202,234,109,125,125,125,125,125,125,125,152,152],"floor_reached":57,"language":"ZHS","playtime":3008,"items_purged":["champ:Strike","champ:Strike+1","champ:Defend+1"],"score":2540,"play_id":"5a21b756-574f-4fc5-a125-0638ccdaf28f","local_time":"20210227144715","is_ascension_mode":true,"campfire_choices":[{"data":"champ:Taunt","floor":8,"key":"SMITH"},{"data":"champ:Backstep","floor":15,"key":"SMITH"},{"floor":32,"key":"RECALL"},{"floor":41,"key":"REST"},{"floor":49,"key":"REST"},{"floor":53,"key":"REST"}],"circlet_count":0,"master_deck":["AscendersBane","champ:Defend+1","champ:Defend+1","champ:Taunt+1","champ:GladiatorForm+1","champ:ShieldThrow+1","champ:Backstep+1","champ:Duel+1","champ:HoldFirm+1","champ:ShieldWall+1","champ:FocusedDefense+1"],"relics":["DaveBox","testmod-TestBox","testmod-InjuryResistance","GuanYuAspect","SacredBark","SynthV:TestCard","testmod-DragonStarHat","sneckomod:BlankCard","Happy Flower","testmod-BloodSacrificeSpiritualization","MostiFishMod:Haymaker","PreservedInsect","Omamori","DaCapo","champ:DeflectingBracers","testmod-SaigiyounoYou","Pocketwatch","Kunai","Anchor","Bottled Flame","Gremlin Horn"],"acts_visited":["Exordium","TheCity","TheBeyond","TheEnding"],"potions_floor_usage":[11,18,33,40,56,56],"damage_taken":[{"damage":19,"enemies":"Cultist","floor":1,"turns":3},{"damage":7,"enemies":"2 Louse","floor":3,"turns":3},{"damage":6,"enemies":"Jaw Worm","floor":5,"turns":4},{"damage":40,"enemies":"Lagavulin","floor":6,"turns":9},{"damage":11,"enemies":"Exordium Thugs","floor":10,"turns":6},{"damage":14,"enemies":"3 Sentries","floor":11,"turns":9},{"damage":17,"enemies":"2 Fungi Beasts","floor":12,"turns":3},{"damage":15,"enemies":"Gremlin Nob","floor":14,"turns":4},{"damage":30,"enemies":"Hexaghost","floor":16,"turns":9},{"damage":10,"enemies":"2 Thieves","floor":18,"turns":4},{"damage":18,"enemies":"Spheric Guardian","floor":19,"turns":4},{"damage":21,"enemies":"Cultist and Chosen","floor":20,"turns":8},{"damage":27,"enemies":"Centurion and Healer","floor":21,"turns":7},{"damage":22,"enemies":"Gremlin Leader","floor":23,"turns":5},{"damage":11,"enemies":"Shelled Parasite and Fungi","floor":24,"turns":3},{"damage":7,"enemies":"Slavers","floor":25,"turns":4},{"damage":19,"enemies":"Cultist and Chosen","floor":27,"turns":4},{"damage":2,"enemies":"Snecko","floor":28,"turns":4},{"damage":7,"enemies":"Gremlin Leader","floor":30,"turns":6},{"damage":13,"enemies":"3 Cultists","floor":31,"turns":3},{"damage":19,"enemies":"Automaton","floor":33,"turns":7},{"damage":0,"enemies":"Orb Walker","floor":35,"turns":2},{"damage":4,"enemies":"3 Shapes","floor":38,"turns":4},{"damage":3,"enemies":"Maw","floor":39,"turns":5},{"damage":21,"enemies":"Nemesis","floor":40,"turns":9},{"damage":0,"enemies":"Reptomancer","floor":42,"turns":10},{"damage":4,"enemies":"Writhing Mass","floor":44,"turns":3},{"damage":3,"enemies":"Spire Growth","floor":45,"turns":3},{"damage":2,"enemies":"Nemesis","floor":46,"turns":3},{"damage":1,"enemies":"4 Shapes","floor":48,"turns":4},{"damage":19,"enemies":"Awakened One","floor":50,"turns":7},{"damage":1,"enemies":"Shield and Spear","floor":55,"turns":4},{"damage":4,"enemies":"The Heart","floor":56,"turns":9}],"seed_played":"6801970387326088281","potions_obtained":[{"floor":6,"key":"FearPotion"},{"floor":10,"key":"Fire Potion"},{"floor":12,"key":"Fire Potion"},{"floor":23,"key":"BlessingOfTheForge"},{"floor":25,"key":"champ:OpenerPotion"},{"floor":28,"key":"LiquidMemories"},{"floor":38,"key":"Block Potion"},{"floor":42,"key":"champ:CounterPotion"}],"is_trial":false,"path_per_floor":["M","?","M","?","M","E","$","R","T","M","E","M","?","E","R","B",null,"M","M","M","M","?","E","M","E","T","M","M","$","E","M","R","B",null,"M","$","?","M","M","E","R","E","T","M","M","E","$","M","R","B",null,null,"R","$","E","B",null],"character_chosen":"THE_CHAMP","items_purchased":["DaCapo"],"campfire_rested":3,"item_purchase_floors":[29],"current_hp_per_floor":[41,36,41,41,41,38,38,38,38,41,41,41,32,39,39,41,41,41,40,41,41,41,41,41,41,41,41,41,41,41,41,41,41,41,41,41,41,41,41,26,32,41,41,41,41,41,41,41,41,41,41,41,41,41,41,41],"gold":152,"neow_bonus":"BOSS_RELIC","is_daily":false,"chose_seed":false,"campfire_upgraded":2,"win_rate":0.0,"timestamp":1614408435,"path_taken":["M","?","M","?","M","E","?","R","T","M","E","?","?","E","R","BOSS","M","M","M","M","?","E","M","E","T","M","M","$","E","M","R","BOSS","M","$","?","M","M","E","R","E","T","M","M","E","?","M","R","BOSS","R","$","E","BOSS"],"items_purchased_type":["Card"],"build_version":"2020-12-22","purchased_purges":3,"victory":true,"max_hp_per_floor":[41,41,41,41,41,41,41,41,41,41,41,41,41,41,41,41,41,41,41,41,41,41,41,41,41,41,41,41,41,41,41,41,41,41,41,41,41,41,41,41,41,41,41,41,41,41,41,41,41,41,41,41,41,41,41,41],"card_choices":[{"not_picked":["champ:GutPunch","champ:CrownThrow","champ:BerserkersShout"],"picked":"SKIP","floor":1},{"not_picked":["champ:CrownThrow","champ:TornadoPunch","champ:DeathBlow","champ:BerserkerStyle","champ:PerfectedStrike"],"picked":"SKIP","floor":3},{"not_picked":["champ:FlashCut","champ:Endure","champ:ShieldSigil","champ:Haymaker","champ:StanceDance"],"picked":"SKIP","floor":5},{"not_picked":["champ:CrownThrow","champ:HeartStrike","champ:BringItOn","champ:RisingSlash"],"picked":"champ:ShieldThrow","floor":6},{"not_picked":["champ:DefensiveShout","champ:FlashCut","champ:BerserkersShout","champ:EnGarde"],"picked":"champ:Backstep","floor":10},{"not_picked":["champ:EndlessRage","champ:GutPunch","champ:PreciseThrust","champ:FlashCut","champ:CheapShot"],"picked":"SKIP","floor":11},{"not_picked":["champ:EndlessRage","champ:GutPunch","champ:PreciseThrust","champ:FlashCut","champ:CheapShot"],"picked":"SKIP","floor":11},{"not_picked":["champ:PerfectedStrike","champ:DefensiveShout","champ:EnGarde","champ:GutPunch","champ:Haymaker"],"picked":"SKIP","floor":12},{"not_picked":["champ:EndlessRage","champ:TornadoPunch","champ:Shatter","champ:DefensiveStyle","champ:FanOfKnives"],"picked":"SKIP","floor":14},{"not_picked":["champ:GutPunch","champ:ShieldSigil+1","champ:EnGarde","champ:BerserkersShout+1","champ:UltimateStance"],"picked":"SKIP","floor":18},{"not_picked":["champ:CalledShot","champ:BladeFlurry+1","champ:PreemptiveStrike","champ:ShieldSigil+1"],"picked":"champ:Duel+1","floor":19},{"not_picked":["champ:EnGarde","champ:FanOfKnives","champ:Encircle+1","champ:FlashCut","champ:ArenaPreparation"],"picked":"SKIP","floor":20},{"not_picked":["champ:EnGarde","champ:DefensiveShout","champ:ShieldSigil","champ:Backstep","champ:CrownThrow"],"picked":"SKIP","floor":21},{"not_picked":["champ:PerfectedStrike","champ:GladiatorForm","champ:DefensiveShout","champ:TornadoPunch","champ:BerserkersShout"],"picked":"SKIP","floor":23},{"not_picked":["champ:Encircle","champ:CalledShot","champ:DeathBlow","champ:PerfectedStrike","champ:ShieldSigil"],"picked":"SKIP","floor":24},{"not_picked":["champ:DefensiveShout","champ:FancyFootwork","champ:ShieldSigil+1","champ:Shatter","champ:ViciousMockery"],"picked":"SKIP","floor":25},{"not_picked":["champ:EndlessRage","champ:ShieldSigil","champ:Devastate","champ:SwordSigil","champ:BladeFlurry"],"picked":"SKIP","floor":27},{"not_picked":["champ:StanceDance","champ:FocusedBerserking","champ:CrookedStrike","champ:BladeFlurry+1","champ:DefensiveShout"],"picked":"SKIP","floor":28},{"not_picked":["champ:Devastate","champ:CrownThrow","champ:BerserkerStyle","champ:AdrenalArmor","champ:FlashCut"],"picked":"SKIP","floor":30},{"not_picked":["champ:EndlessRage+1","champ:BerserkerStyle","champ:TornadoPunch","champ:RisingSlash","champ:DeathBlow"],"picked":"SKIP","floor":31},{"not_picked":["champ:GladiatorForm","champ:TripleStrike","champ:EnchantShield","champ:LastStand"],"picked":"champ:HoldFirm","floor":33},{"not_picked":["champ:RisingSlash","champ:Duel","champ:PreciseThrust","champ:StanceDance+1","champ:GladiatorStyle"],"picked":"SKIP","floor":35},{"not_picked":["champ:Backstep","champ:FlashCut","champ:AdrenalArmor","champ:FanOfKnives","champ:PreciseThrust"],"picked":"SKIP","floor":38},{"not_picked":["champ:ShieldSigil","champ:FlashCut","champ:ShieldSlam","champ:IronFortress","champ:BladeFlurry"],"picked":"SKIP","floor":39},{"not_picked":["champ:GladiatorForm","champ:EndlessRage","champ:SwordSigil","champ:Improvising","champ:StanceDance"],"picked":"SKIP","floor":40},{"not_picked":["champ:SwordSigil","champ:DefensiveShout","champ:HeartStrike","champ:RecklessLeap"],"picked":"champ:ShieldWall","floor":42},{"not_picked":["champ:PreciseThrust","champ:FlashCut+1","champ:BringItOn","champ:Shatter","champ:DefensiveShout"],"picked":"SKIP","floor":44},{"not_picked":["champ:FlashCut+1","champ:PreciseThrust","champ:EnchantShield","champ:Haymaker"],"picked":"champ:FocusedDefense+1","floor":45},{"not_picked":["champ:IronFortress+1","champ:BringItOn","champ:FalseCounter","champ:CrownThrow","champ:EnGarde"],"picked":"SKIP","floor":46},{"not_picked":["champ:GutPunch","champ:RapidStrikes+1","champ:AdrenalArmor","champ:HoldFirm","champ:BladeFlurry"],"picked":"SKIP","floor":48},{"not_picked":["champ:ShieldWall","champ:PreemptiveStrike","champ:AdrenalArmor","champ:PreciseThrust+1","champ:RageSigil+1"],"picked":"SKIP","floor":55}],"player_experience":1168576,"relics_obtained":[{"floor":1,"key":"SynthV:TestCard"},{"floor":6,"key":"testmod-DragonStarHat"},{"floor":11,"key":"sneckomod:BlankCard"},{"floor":14,"key":"Happy Flower"},{"floor":23,"key":"MostiFishMod:Haymaker"},{"floor":25,"key":"PreservedInsect"},{"floor":26,"key":"Omamori"},{"floor":30,"key":"champ:DeflectingBracers"},{"floor":40,"key":"Pocketwatch"},{"floor":42,"key":"Kunai"},{"floor":43,"key":"Anchor"},{"floor":46,"key":"Bottled Flame"},{"floor":55,"key":"Gremlin Horn"}],"event_choices":[{"cards_removed":["champ:Strike"],"damage_healed":0,"gold_gain":0,"player_choice":"Card Removal","damage_taken":7,"max_hp_gain":0,"max_hp_loss":0,"event_name":"Golden Wing","floor":2,"gold_loss":0},{"damage_healed":0,"gold_gain":0,"cards_transformed":["champ:Strike"],"player_choice":"Change","damage_taken":0,"max_hp_gain":0,"max_hp_loss":0,"event_name":"Living Wall","floor":4,"gold_loss":0,"cards_obtained":["champ:GladiatorForm"]},{"damage_healed":0,"gold_gain":0,"player_choice":"Entered Light","damage_taken":12,"max_hp_gain":0,"max_hp_loss":0,"event_name":"Shining Light","floor":13,"gold_loss":0,"cards_upgraded":["champ:GladiatorForm","champ:Strike"]},{"cards_removed":["champ:Defend"],"damage_healed":0,"gold_gain":0,"player_choice":"Upgrade and Remove","damage_taken":0,"max_hp_gain":0,"max_hp_loss":0,"event_name":"Designer","floor":22,"gold_loss":110,"cards_upgraded":["champ:ShieldThrow"]},{"cards_removed":["champ:Execute"],"damage_healed":0,"gold_gain":0,"player_choice":"Offered Basic","damage_taken":0,"max_hp_gain":0,"max_hp_loss":0,"event_name":"Bonfire Elementals","floor":37,"gold_loss":0}],"is_beta":false,"boss_relics":[{"not_picked":["BloodWine","TimeKeys"],"picked":"testmod-BloodSacrificeSpiritualization"},{"not_picked":["testmod-IncinerationGenerator","testmod-GoldenSoul"],"picked":"testmod-SaigiyounoYou"}],"items_purged_floors":[7,36,47],"is_endless":false,"potions_floor_spawned":[6,10,12,16,23,25,27,28,31,33,38,39,42,45],"ascension_level":16}}