{"host":"m1loc25s2tepoquo","time":1614401975,"event":{"mods":["BaseMod","Minty Spire (QoL Compilation)","SuperFastMode"],"gold_per_floor":[110,110,122,122,137,137,171,184,207,207,219,230,230,230,230,327,327,327,337,35,35,50,50,64,64,64,64,81,99,19,37,37,142,142,161,179,199,46,46,46,75,75,75,75,93,93,120,136,136,136],"floor_reached":51,"language":"ENG","playtime":3844,"items_purged":[],"score":686,"play_id":"8fa14cb3-9e16-45fe-8d32-c998a72f4a21","local_time":"20210226225935","is_ascension_mode":false,"campfire_choices":[{"data":"Backflip","floor":6,"key":"SMITH"},{"floor":10,"key":"REST"},{"data":"All Out Attack","floor":13,"key":"SMITH"},{"floor":15,"key":"REST"},{"data":"After Image","floor":23,"key":"SMITH"},{"floor":27,"key":"REST"},{"floor":32,"key":"REST"},{"floor":40,"key":"REST"},{"data":"Burst","floor":42,"key":"SMITH"},{"data":"Adrenaline","floor":44,"key":"SMITH"},{"floor":46,"key":"REST"},{"floor":49,"key":"REST"}],"circlet_count":0,"master_deck":["Strike_G","Strike_G","Strike_G","Strike_G","Defend_G","Defend_G","Defend_G","Defend_G","Survivor","Neutralize","Clumsy","Crippling Poison+1","Deadly Poison","Deflect","Sucker Punch","Unload+1","Backflip+1","Bouncing Flask","All Out Attack+1","Deadly Poison","All Out Attack","Deadly Poison","Bane","After Image+1","Poisoned Stab+1","Parasite","Deflect+1","Backflip+1","Adrenaline+1","Poisoned Stab+1","Footwork","Footwork","Burst+1","Pain","Deflect+1","Catalyst"],"relics":["Ring of the Snake","Prayer Wheel","Nunchaku","Pen Nib","SlaversCollar","Oddly Smooth Stone","Regal Pillow","Vajra","Busted Crown","Medical Kit","WarpedTongs","Whetstone","Question Card","Strawberry"],"acts_visited":["Exordium","TheCity","TheBeyond"],"potions_floor_usage":[7,16,18,22,29,33,37,50,50],"damage_taken":[{"damage":0,"enemies":"Small Slimes","floor":1,"turns":5},{"damage":0,"enemies":"Cultist","floor":3,"turns":6},{"damage":0,"enemies":"Jaw Worm","floor":5,"turns":4},{"damage":29,"enemies":"3 Sentries","floor":7,"turns":10},{"damage":10,"enemies":"Large Slime","floor":8,"turns":6},{"damage":0,"enemies":"Exordium Thugs","floor":11,"turns":3},{"damage":4,"enemies":"2 Fungi Beasts","floor":12,"turns":3},{"damage":20,"enemies":"Hexaghost","floor":16,"turns":8},{"damage":0,"enemies":"2 Thieves","floor":18,"turns":1},{"damage":6,"enemies":"Spheric Guardian","floor":19,"turns":4},{"damage":10,"enemies":"Cultist and Chosen","floor":22,"turns":6},{"damage":28,"enemies":"Snecko","floor":24,"turns":6},{"damage":6,"enemies":"Chosen and Byrds","floor":28,"turns":6},{"damage":10,"enemies":"Shelled Parasite and Fungi","floor":29,"turns":6},{"damage":12,"enemies":"Centurion and Healer","floor":31,"turns":5},{"damage":21,"enemies":"Collector","floor":33,"turns":8},{"damage":14,"enemies":"3 Darklings","floor":35,"turns":6},{"damage":1,"enemies":"3 Shapes","floor":36,"turns":4},{"damage":8,"enemies":"Maw","floor":37,"turns":8},{"damage":19,"enemies":"Nemesis","floor":41,"turns":7},{"damage":31,"enemies":"3 Darklings","floor":45,"turns":5},{"damage":31,"enemies":"Reptomancer","floor":47,"turns":8},{"damage":7,"enemies":"4 Shapes","floor":48,"turns":3},{"damage":52,"enemies":"Time Eater","floor":50,"turns":11}],"seed_played":"-4533462391889839152","potions_obtained":[{"floor":3,"key":"SmokeBomb"},{"floor":5,"key":"ColorlessPotion"},{"floor":7,"key":"FearPotion"},{"floor":11,"key":"Fire Potion"},{"floor":12,"key":"Regen Potion"},{"floor":22,"key":"Regen Potion"},{"floor":31,"key":"AttackPotion"},{"floor":35,"key":"DistilledChaos"},{"floor":36,"key":"Strength Potion"},{"floor":47,"key":"Strength Potion"}],"is_trial":false,"path_per_floor":["M","?","M","?","M","R","E","M","T","R","M","M","R","?","R","B",null,"M","M","$","?","M","R","M","?","T","R","M","M","$","M","R","B",null,"M","M","M","$","?","R","E","R","T","R","M","R","E","M","R","B",null],"character_chosen":"THE_SILENT","items_purchased":["Oddly Smooth Stone","Regal Pillow","Footwork","Medical Kit"],"campfire_rested":7,"item_purchase_floors":[20,20,30,38],"current_hp_per_floor":[70,70,70,70,70,70,41,31,31,52,52,48,48,41,62,57,70,70,64,64,64,54,54,26,26,26,62,56,60,60,48,70,49,70,56,55,47,47,47,70,51,51,51,51,20,56,32,25,63,11],"gold":136,"neow_bonus":"ONE_RARE_RELIC","is_daily":false,"chose_seed":false,"campfire_upgraded":5,"win_rate":0.0,"timestamp":1614401975,"path_taken":["M","?","M","?","M","R","E","M","T","R","M","?","R","?","R","BOSS","M","M","$","?","M","R","?","?","T","R","?","M","$","M","R","BOSS","M","M","M","$","?","R","E","R","T","R","M","R","E","?","R","BOSS"],"items_purchased_type":["Relic","Relic","Card","Relic"],"build_version":"2020-12-22","purchased_purges":0,"victory":true,"max_hp_per_floor":[70,70,70,70,70,70,70,70,70,70,70,70,70,70,70,70,70,70,70,70,70,70,70,70,70,70,70,70,70,70,70,70,70,70,70,70,70,70,70,70,70,70,70,70,70,70,77,77,77,77],"card_choices":[{"not_picked":["Dagger Throw","Blade Dance"],"picked":"Crippling Poison","floor":1},{"not_picked":["Backflip","Footwork"],"picked":"Deadly Poison","floor":1},{"not_picked":["Heel Hook","Dodge and Roll"],"picked":"Deflect","floor":3},{"not_picked":["Cloak And Dagger","Deflect"],"picked":"Sucker Punch","floor":3},{"not_picked":["Blade Dance","Tactician"],"picked":"Unload","floor":5},{"not_picked":["Tactician","Outmaneuver"],"picked":"Backflip","floor":5},{"not_picked":["Tactician","Tools of the Trade"],"picked":"Bouncing Flask","floor":7},{"not_picked":["Dagger Throw","Cloak And Dagger"],"picked":"All Out Attack","floor":8},{"not_picked":["Endless Agony","Acrobatics"],"picked":"Deadly Poison","floor":8},{"not_picked":["Blade Dance","Dagger Spray"],"picked":"All Out Attack","floor":11},{"not_picked":["Predator","Masterful Stab","Slice"],"picked":"SKIP","floor":11},{"not_picked":["Bouncing Flask","Skewer"],"picked":"Deadly Poison","floor":12},{"not_picked":["Acrobatics","PiercingWail"],"picked":"Bane","floor":12},{"not_picked":["Envenom","Night Terror"],"picked":"After Image","floor":16},{"not_picked":["Reflex","Prepared"],"picked":"Poisoned Stab","floor":19},{"not_picked":["Deflect","Bane","Blade Dance+1"],"picked":"SKIP","floor":19},{"not_picked":["Choke","Calculated Gamble","Acrobatics"],"picked":"SKIP","floor":22},{"not_picked":["Eviscerate","Dagger Throw+1","Dash"],"picked":"SKIP","floor":22},{"not_picked":["Crippling Poison","Backflip"],"picked":"Deflect+1","floor":24},{"not_picked":["Backflip","Prepared","Slice+1"],"picked":"SKIP","floor":24},{"not_picked":["Predator","Dagger Spray"],"picked":"Backflip+1","floor":28},{"not_picked":["Deadly Poison","Leg Sweep+1","Flying Knee+1"],"picked":"SKIP","floor":28},{"not_picked":["Bane","Quick Slash"],"picked":"Adrenaline","floor":29},{"not_picked":["Deadly Poison","Dagger Throw"],"picked":"Poisoned Stab+1","floor":29},{"not_picked":["Prepared","Underhanded Strike"],"picked":"Footwork","floor":31},{"not_picked":["Cloak And Dagger","Leg Sweep","Dagger Throw"],"picked":"SKIP","floor":31},{"not_picked":["Doppelganger","Night Terror"],"picked":"Burst","floor":33},{"not_picked":["Finisher+1"],"picked":"SKIP","floor":35},{"not_picked":["Acrobatics"],"picked":"SKIP","floor":35},{"not_picked":["Deadly Poison+1"],"picked":"SKIP","floor":36},{"not_picked":["Slice"],"picked":"SKIP","floor":36},{"not_picked":["Finisher"],"picked":"SKIP","floor":37},{"not_picked":["Dodge and Roll+1"],"picked":"SKIP","floor":37},{"not_picked":["Dagger Spray+1"],"picked":"SKIP","floor":41},{"not_picked":["Prepared","Poisoned Stab"],"picked":"SKIP","floor":45},{"not_picked":["Accuracy+1","Sucker Punch+1"],"picked":"SKIP","floor":45},{"not_picked":["Endless Agony"],"picked":"Deflect+1","floor":47},{"not_picked":["Heel Hook+1"],"picked":"Catalyst","floor":48},{"not_picked":["Bane+1","Flying Knee"],"picked":"SKIP","floor":48}],"player_experience":125572,"relics_obtained":[{"floor":7,"key":"Nunchaku"},{"floor":9,"key":"Pen Nib"},{"floor":26,"key":"Vajra"},{"floor":41,"key":"Whetstone"},{"floor":43,"key":"Question Card"},{"floor":47,"key":"Strawberry"}],"event_choices":[{"damage_healed":0,"gold_gain":0,"player_choice":"Ignored","damage_taken":0,"max_hp_gain":0,"max_hp_loss":0,"event_name":"Liars Game","floor":2,"gold_loss":0},{"cards_removed":["Strike_G"],"damage_healed":0,"gold_gain":0,"player_choice":"Offered Basic","damage_taken":0,"max_hp_gain":0,"max_hp_loss":0,"event_name":"Bonfire Elementals","floor":4,"gold_loss":0},{"cards_removed":["Defend_G"],"damage_healed":0,"gold_gain":0,"player_choice":"Card Removal","damage_taken":7,"max_hp_gain":0,"max_hp_loss":0,"event_name":"Golden Wing","floor":14,"gold_loss":0},{"damage_healed":0,"gold_gain":0,"player_choice":"1 cards matched","damage_taken":0,"max_hp_gain":0,"max_hp_loss":0,"event_name":"Match and Keep!","floor":21,"gold_loss":0,"cards_obtained":["Parasite"]},{"damage_healed":0,"gold_gain":0,"player_choice":"Upgraded","damage_taken":0,"max_hp_gain":0,"max_hp_loss":0,"event_name":"Upgrade Shrine","floor":25,"gold_loss":0,"cards_upgraded":["Crippling Poison"]},{"damage_healed":0,"gold_gain":0,"player_choice":"Rummage","damage_taken":0,"relics_obtained":["WarpedTongs"],"max_hp_gain":0,"max_hp_loss":0,"event_name":"Accursed Blacksmith","floor":39,"gold_loss":0,"cards_obtained":["Pain"]}],"is_beta":false,"boss_relics":[{"not_picked":["Philosopher\u0027s Stone","Cursed Key"],"picked":"SlaversCollar"},{"not_picked":["Tiny House","SacredBark"],"picked":"Busted Crown"}],"items_purged_floors":[],"is_endless":false,"potions_floor_spawned":[3,5,7,11,12,18,22,31,35,36,47],"ascension_level":0}}