{"host":"8is2j71l4wmybkoi","time":1614421551,"event":{"mods":["AchievementEnabler","BaseMod","Colored Map","DeckTracker","Minty Spire (QoL Compilation)","Rare Cards Sparkle","Relic Stats","StSLib","SuperFastMode"],"gold_per_floor":[118,134,134,145,70,99,116,116,116,116,116,142,142,158,158,232,232,251,251,267,285,45,45,45,45],"floor_reached":24,"language":"KOR","playtime":1919,"items_purged":["Strike_R"],"score":361,"play_id":"4eed3d08-6629-4791-bcbc-2a5f528a81d9","local_time":"20210227192551","is_ascension_mode":true,"campfire_choices":[{"data":"Juggernaut","floor":8,"key":"SMITH"},{"data":"Flame Barrier","floor":10,"key":"SMITH"},{"floor":13,"key":"REST"},{"floor":15,"key":"DIG"},{"data":"Barricade","floor":23,"key":"SMITH"}],"circlet_count":0,"master_deck":["AscendersBane","Strike_R","Strike_R","Defend_R","Defend_R","Defend_R","Defend_R","Bash","Juggernaut+1","Iron Wave","Second Wind","Carnage","Flame Barrier+1","Disarm","Shrug It Off","Barricade+1","Shrug It Off"],"relics":["Burning Blood","Nunchaku","Matryoshka","GremlinMask","Shovel","Regal Pillow","Coffee Dripper","Gremlin Horn"],"acts_visited":["Exordium","TheCity"],"potions_floor_usage":[6,12,16,18,21,24,24],"damage_taken":[{"damage":7,"enemies":"2 Louse","floor":1,"turns":2},{"damage":1,"enemies":"Cultist","floor":2,"turns":4},{"damage":12,"enemies":"Jaw Worm","floor":4,"turns":2},{"damage":31,"enemies":"Lagavulin","floor":6,"turns":8},{"damage":16,"enemies":"Lots of Slimes","floor":7,"turns":6},{"damage":27,"enemies":"Gremlin Nob","floor":12,"turns":5},{"damage":6,"enemies":"3 Louse","floor":14,"turns":4},{"damage":19,"enemies":"The Guardian","floor":16,"turns":14},{"damage":2,"enemies":"2 Thieves","floor":18,"turns":4},{"damage":7,"enemies":"Chosen","floor":20,"turns":7},{"damage":5,"enemies":"Shelled Parasite and Fungi","floor":21,"turns":6},{"damage":80,"enemies":"Slavers","floor":24,"turns":5}],"seed_played":"7202313603744524242","potions_obtained":[{"floor":1,"key":"EssenceOfSteel"},{"floor":2,"key":"ElixirPotion"},{"floor":7,"key":"SpeedPotion"},{"floor":16,"key":"SkillPotion"},{"floor":18,"key":"SkillPotion"},{"floor":20,"key":"BloodPotion"},{"floor":21,"key":"Energy Potion"}],"is_trial":false,"path_per_floor":["M","M","?","M","$","E","M","R","T","R","?","E","R","M","R","B",null,"M","?","M","M","$","R","E"],"character_chosen":"IRONCLAD","items_purchased":["Gremlin Horn"],"campfire_rested":1,"item_purchase_floors":[22],"current_hp_per_floor":[67,72,72,66,66,41,31,31,31,31,31,10,32,32,32,19,61,65,65,64,65,65,65,0,0],"gold":45,"neow_bonus":"ONE_RANDOM_RARE_CARD","is_daily":false,"chose_seed":false,"campfire_upgraded":3,"win_rate":0.0,"timestamp":1614421551,"path_taken":["M","M","?","M","?","E","M","R","T","R","?","E","R","?","R","BOSS","M","?","M","M","$","R","E"],"items_purchased_type":["Relic"],"build_version":"2020-12-22","purchased_purges":1,"victory":false,"max_hp_per_floor":[75,75,75,75,75,75,75,75,75,75,75,75,75,75,75,75,75,75,75,75,75,75,75,75,75],"relic_stats":{"Nunchaku":[5],"Regal Pillow":0,"Shovel":1,"Gremlin Horn":[0,0],"counters":[12,67],"obtain_stats":[{"Nunchaku":6,"Regal Pillow":15,"Matryoshka":9,"Shovel":12,"Gremlin Horn":22,"GremlinMask":11,"Coffee Dripper":17,"Burning Blood":0},{"Nunchaku":4,"Regal Pillow":7,"Matryoshka":5,"Shovel":6,"Gremlin Horn":11,"GremlinMask":5,"Coffee Dripper":8,"Burning Blood":0},{"Nunchaku":16,"Regal Pillow":31,"Matryoshka":22,"Shovel":27,"Gremlin Horn":62,"GremlinMask":22,"Coffee Dripper":45,"Burning Blood":0}],"Burning Blood":66},"card_choices":[{"not_picked":["Rupture","Cleave"],"picked":"Iron Wave","floor":1},{"not_picked":["Dark Embrace","Clothesline"],"picked":"Second Wind","floor":2},{"not_picked":["Heavy Blade","Cleave"],"picked":"Flame Barrier","floor":4},{"not_picked":["Warcry","Thunderclap"],"picked":"Disarm","floor":6},{"not_picked":["Clash","Twin Strike","Entrench"],"picked":"SKIP","floor":7},{"not_picked":["Clothesline","Corruption","Wild Strike"],"picked":"SKIP","floor":12},{"not_picked":["Clothesline","Corruption","Wild Strike"],"picked":"SKIP","floor":12},{"not_picked":["Clothesline","Corruption","Wild Strike"],"picked":"SKIP","floor":12},{"not_picked":["Perfected Strike","Dual Wield"],"picked":"Shrug It Off","floor":14},{"not_picked":["Corruption","Bludgeon"],"picked":"Barricade","floor":16},{"not_picked":["Anger","Heavy Blade+1","Armaments"],"picked":"SKIP","floor":18},{"not_picked":["Heavy Blade","Iron Wave"],"picked":"Shrug It Off","floor":20},{"not_picked":["Pummel","Combust+1","Dual Wield"],"picked":"SKIP","floor":21},{"not_picked":["Pummel","Combust+1","Dual Wield"],"picked":"SKIP","floor":21}],"player_experience":1353612,"relics_obtained":[{"floor":6,"key":"Nunchaku"},{"floor":9,"key":"Matryoshka"},{"floor":12,"key":"Shovel"},{"floor":15,"key":"Regal Pillow"}],"event_choices":[{"damage_healed":0,"gold_gain":0,"cards_transformed":["Strike_R"],"player_choice":"Transformed","damage_taken":0,"max_hp_gain":0,"max_hp_loss":0,"event_name":"Transmorgrifier","floor":3,"gold_loss":0,"cards_obtained":["Carnage"]},{"damage_healed":0,"gold_gain":0,"player_choice":"Trade","damage_taken":0,"relics_obtained":["GremlinMask"],"max_hp_gain":0,"max_hp_loss":0,"event_name":"FaceTrader","floor":11,"gold_loss":0},{"cards_removed":["Strike_R"],"damage_healed":0,"gold_gain":0,"player_choice":"Purged","damage_taken":0,"max_hp_gain":0,"max_hp_loss":0,"event_name":"Purifier","floor":19,"gold_loss":0}],"is_beta":false,"boss_relics":[{"not_picked":["Busted Crown","Snecko Eye"],"picked":"Coffee Dripper"}],"items_purged_floors":[5],"is_endless":false,"potions_floor_spawned":[1,2,7,16,18,20,21],"killed_by":"Slavers","ascension_level":15}}