{"host":"50per11302020","time":1614406223,"event":{"mods":["AchievementEnabler","BaseMod","Colored Map","Minty Spire (QoL Compilation)","Relic Stats","StSLib"],"gold_per_floor":[110,110,110,75,75,89,89,89,89,108,33,46,60,60,60,60,60],"floor_reached":16,"language":"ENG","playtime":361,"items_purged":["Pain"],"score":95,"play_id":"095c9350-ff5c-439b-aaf0-722365eefaa8","local_time":"20210226221023","is_ascension_mode":true,"campfire_choices":[{"data":"Coolheaded","floor":7,"key":"SMITH"},{"data":"Gash","floor":15,"key":"SMITH"}],"circlet_count":0,"master_deck":["Strike_B","Strike_B","Defend_B","Defend_B","Defend_B","Zap+1","Dualcast+1","Redo+1","Genetic Algorithm+1","Defragment+1","Chill+1","Coolheaded+1","Gash+1","Parasite"],"relics":["Astrolabe","WarpedTongs","Frozen Egg 2"],"acts_visited":["Exordium"],"potions_floor_usage":[],"damage_taken":[{"damage":6,"enemies":"2 Louse","floor":1,"turns":4},{"damage":6,"enemies":"Jaw Worm","floor":6,"turns":3},{"damage":2,"enemies":"Small Slimes","floor":10,"turns":4},{"damage":0,"enemies":"Red Slaver","floor":12,"turns":3},{"damage":0,"enemies":"Blue Slaver","floor":13,"turns":4},{"damage":105,"enemies":"Slime Boss","floor":16,"turns":9}],"seed_played":"-487078531430462655","potions_obtained":[{"floor":6,"key":"Block Potion"},{"floor":10,"key":"Weak Potion"},{"floor":12,"key":"PowerPotion"}],"is_trial":false,"path_per_floor":["M","?","?","?","?","M","R","?","T","M","$","M","M","?","R","B"],"character_chosen":"DEFECT","items_purchased":[],"campfire_rested":0,"item_purchase_floors":[],"current_hp_per_floor":[69,54,54,72,72,66,66,66,66,64,64,64,64,75,75,0,0],"gold":60,"neow_bonus":"BOSS_RELIC","is_daily":false,"chose_seed":false,"campfire_upgraded":2,"win_rate":0.0,"timestamp":1614406223,"path_taken":["M","?","?","?","?","?","R","?","T","M","$","M","M","?","R","BOSS"],"items_purchased_type":[],"build_version":"2020-12-18","purchased_purges":1,"victory":false,"max_hp_per_floor":[75,75,75,75,75,75,75,75,75,75,75,75,75,75,75,75,75],"relic_stats":{"counters":[6,27],"Astrolabe":["Redo","Genetic Algorithm","Defragment"],"obtain_stats":[{"Astrolabe":0,"Frozen Egg 2":9,"Cracked Core":0,"WarpedTongs":5},{"Astrolabe":0,"Frozen Egg 2":2,"Cracked Core":0,"WarpedTongs":1},{"Astrolabe":0,"Frozen Egg 2":7,"Cracked Core":0,"WarpedTongs":4}],"WarpedTongs":[19]},"card_choices":[{"not_picked":["Barrage","Stack"],"picked":"Chill","floor":1},{"not_picked":["Turbo","Streamline"],"picked":"Coolheaded","floor":6},{"not_picked":["Heatsinks+1","Compile Driver"],"picked":"Gash","floor":10},{"not_picked":["Ball Lightning","Go for the Eyes","Barrage"],"picked":"SKIP","floor":12},{"not_picked":["Steam","Reinforced Body","Rebound"],"picked":"SKIP","floor":13}],"player_experience":473062,"relics_obtained":[{"floor":9,"key":"Frozen Egg 2"}],"event_choices":[{"damage_healed":0,"gold_gain":0,"player_choice":"Entered Light","damage_taken":15,"max_hp_gain":0,"max_hp_loss":0,"event_name":"Shining Light","floor":2,"gold_loss":0,"cards_upgraded":["Dualcast","Zap"]},{"damage_healed":0,"gold_gain":0,"player_choice":"Grow","damage_taken":0,"max_hp_gain":0,"max_hp_loss":0,"event_name":"Living Wall","floor":3,"gold_loss":0,"cards_upgraded":["Chill"]},{"damage_healed":18,"gold_gain":0,"player_choice":"Healed","damage_taken":0,"max_hp_gain":0,"max_hp_loss":0,"event_name":"The Cleric","floor":4,"gold_loss":35},{"damage_healed":0,"gold_gain":0,"player_choice":"Rummage","damage_taken":0,"relics_obtained":["WarpedTongs"],"max_hp_gain":0,"max_hp_loss":0,"event_name":"Accursed Blacksmith","floor":5,"gold_loss":0,"cards_obtained":["Pain"]},{"damage_healed":0,"gold_gain":0,"player_choice":"Ignored","damage_taken":0,"max_hp_gain":0,"max_hp_loss":0,"event_name":"Golden Idol","floor":8,"gold_loss":0},{"damage_healed":18,"gold_gain":0,"player_choice":"Healed and dodged fight","damage_taken":0,"max_hp_gain":0,"max_hp_loss":0,"event_name":"Mushrooms","floor":14,"gold_loss":0,"cards_obtained":["Parasite"]}],"is_beta":true,"boss_relics":[],"items_purged_floors":[11],"is_endless":false,"potions_floor_spawned":[6,10,12],"killed_by":"Slime Boss","ascension_level":1}}