{"host":"5tir6155jnoxijqh","time":1614401313,"event":{"mods":["Act Like it!","Arknights","BaseMod","Downfall","Hermit","Library of Ruina","Library of Ruina Extra","Minty Spire (QoL Compilation)","MostiFishMod","Shop Mod","Spicy Shops","StSLib","WarShipGirlsR/’ΩΩ¢…Ÿ≈ÆR mod"],"gold_per_floor":[114,131,131,131,146,173,173,200,200,200,15,43,56,56,56,128,128,142,82,82,103,121,156,156,187,210,229,242,284,77,89,89,165,165,217,229,229,271,342,371,425,425,479,538,538,581,623,651,651,654,658,658,658,9,44,48,48],"floor_reached":56,"language":"ZHS","playtime":3159,"items_purged":["Parasite","LightDefense"],"score":1968,"play_id":"f5da8ffe-c82c-470f-9edc-2c7deef0a3d5","local_time":"20210227124833","is_ascension_mode":true,"campfire_choices":[{"data":"Suppress","floor":7.0,"key":"SMITH"},{"floor":10.0,"key":"REST"},{"data":"TheWillOfTheCity","floor":15,"key":"SMITH"},{"data":"DesperateStruggle","floor":24,"key":"SMITH"},{"floor":32,"key":"RECALL"},{"data":"Rewind","floor":42,"key":"SMITH"},{"data":"UnforgettableMelody","floor":49,"key":"SMITH"},{"data":"DeepDrag","floor":53,"key":"SMITH"}],"circlet_count":0,"master_deck":["AscendersBane","Dodge","LightDefense+1","LightDefense","LightDefense+1","ChargeAndCover","FocusedStrikes","Overcharge+1","Suppress+1","GuidanceOfTheGears","IdentifyWeakpoint","RulesOfTheBackstreets","DefenseOrder","CombatPreparation","MostiFishMod:KingOfFree","TheWillOfTheCity+1","FierceOnslaught","UnforgettableMelody+1","TheWillOfTheCity+1","Feast","GuidanceOfTheGears","Transpierce","Ripple","DesperateStruggle+1","TrashDisposal+1","Rewind+1","MindCrush","TendonChords","GutHarvesting","SerpentSwordTechnique+1","SnakeSlit","InhaleSmoke","DeepDrag+1","Quickness","HardRehearsal","TheWillOfTheCity+1","FierceCharge","OminousPower+1","Finesse","OminousPower","GuardingStance"],"relics":["PageOfLibrarian","DaveBox","HaiYi:Twilight","SynthV:TestCard","PageOfTodaysShyLook","PageOfRedShoes","PageOfSingingMachine","PageOfBigBird","Blood Vial","FeatherPendant","Gambling Chip","HollowDreamFlower","Bag of Marbles","PageOfBloodbath","MealTicket","GreenFoldingFan","Bag of Preparation","FossilizedHelix","Potion Belt","Strawberry","Omamori","SynthV:C4","Technique","PageOfSpiderBud","HornCleat"],"acts_visited":["Exordium","TheCity","TheBeyond","TheEnding"],"potions_floor_usage":[12,16,33,33,35,41,51,51,56],"damage_taken":[{"damage":1.0,"enemies":"Cultist","floor":1.0,"turns":5.0},{"damage":0.0,"enemies":"2 Louse","floor":2.0,"turns":6.0},{"damage":4.0,"enemies":"Jaw Worm","floor":5.0,"turns":4.0},{"damage":29.0,"enemies":"Gremlin Nob","floor":6.0,"turns":5.0},{"damage":3.0,"enemies":"Lagavulin","floor":8.0,"turns":6.0},{"damage":2,"enemies":"3 Sentries","floor":12,"turns":6},{"damage":0,"enemies":"Large Slime","floor":13,"turns":5},{"damage":17,"enemies":"Slime Boss","floor":16,"turns":4},{"damage":13,"enemies":"2 Thieves","floor":18,"turns":4},{"damage":0,"enemies":"3 Byrds","floor":21,"turns":2},{"damage":0,"enemies":"Snake Plant","floor":22,"turns":3},{"damage":0,"enemies":"Slavers","floor":23,"turns":4},{"damage":0,"enemies":"Gremlin Leader","floor":25,"turns":2},{"damage":4,"enemies":"Chosen and Byrds","floor":27,"turns":2},{"damage":21,"enemies":"Shelled Parasite and Fungi","floor":28,"turns":4},{"damage":4,"enemies":"Book of Stabbing","floor":29,"turns":1},{"damage":4,"enemies":"Snake Plant","floor":31,"turns":1},{"damage":0,"enemies":"Champ","floor":33,"turns":5},{"damage":6,"enemies":"3 Shapes","floor":35,"turns":2},{"damage":8,"enemies":"3 Darklings","floor":36,"turns":2},{"damage":16,"enemies":"4 Shapes","floor":38,"turns":2},{"damage":6,"enemies":"Sphere and 2 Shapes","floor":39,"turns":1},{"damage":6,"enemies":"Reptomancer","floor":40,"turns":3},{"damage":6,"enemies":"2 Orb Walkers","floor":41,"turns":1},{"damage":8,"enemies":"Nemesis","floor":44,"turns":1},{"damage":4,"enemies":"Jaw Worm Horde","floor":46,"turns":1},{"damage":0,"enemies":"Spire Growth","floor":47,"turns":1},{"damage":0,"enemies":"Giant Head","floor":48,"turns":1},{"damage":10,"enemies":"Donu and Deca","floor":50,"turns":4},{"damage":74,"enemies":"Donu and Deca","floor":51,"turns":4},{"damage":0,"enemies":"Shield and Spear","floor":55,"turns":1},{"damage":98,"enemies":"The Heart","floor":56,"turns":2}],"seed_played":"3023637131347711752","potions_obtained":[{"floor":5.0,"key":"SpeedPotion"},{"floor":8.0,"key":"Explosive Potion"},{"floor":12,"key":"PowerPotion"},{"floor":18,"key":"Fire Potion"},{"floor":25,"key":"Swift Potion"},{"floor":29,"key":"Dexterity Potion"},{"floor":31,"key":"Energy Potion"},{"floor":33,"key":"PowerPotion"},{"floor":38,"key":"SkillPotion"},{"floor":41,"key":"CultistPotion"},{"floor":47,"key":"LiquidMemories"},{"floor":48,"key":"Dexterity Potion"},{"floor":55,"key":"Energy Potion"}],"is_trial":false,"path_per_floor":["M","M","?","?","M","E","R","E","T","R","$","E","M","?","R","B",null,"M","?","?","M","M","E","R","E","T","M","M","E","$","M","R","B",null,"M","M","?","M","M","E","?","R","T","E","?","M","M","E","R","B",null,null,"R","$","E","B"],"character_chosen":"Librarian","items_purchased":["MostiFishMod:KingOfFree","PageOfBloodbath","MealTicket","Finesse","Technique","OminousPower","PageOfSpiderBud","ColorlessPotion"],"campfire_rested":1,"item_purchase_floors":[11,30,30,54,54,54,54,54],"current_hp_per_floor":[53,53,39,39,35,6,6,3,3,24,24,23,26,26,26,12,56,47,47,47,51,53,59,59,61,61,65,71,71,68,64,64,68,68,68,68,68,64,68,68,62,62,62,69,69,69,69,69,69,75,15,60,60,75,75,0,0],"gold":48,"neow_bonus":"TRANSFORM_TWO_CARDS","is_daily":false,"chose_seed":false,"campfire_upgraded":6,"win_rate":0.0,"timestamp":1614401313,"path_taken":["M","M","?","?","?","E","R","E","T","R","?","E","M","?","R","BOSS","M","?","?","?","M","E","R","E","T","M","M","E","$","M","R","BOSS","M","M","?","M","?","E","?","R","T","E","?","M","?","E","R","BOSS","R","$","E","BOSS"],"items_purchased_type":["Card","Relic","Relic","Card","Relic","Card","Relic","Potion"],"build_version":"2020-12-22","purchased_purges":2,"victory":false,"max_hp_per_floor":[64,71,71,71,71,71,71,71,71,71,71,71,71,71,71,71,71,71,71,71,71,71,71,71,71,71,71,71,71,68,68,68,68,68,68,68,68,68,68,68,62,62,62,69,69,69,69,69,75,75,75,75,75,75,75,75,75],"card_choices":[{"not_picked":["UpbeatPerformance","QuickSuppression","Retaliate","CoordinatedAssault","SearingSword","SinglePointStab","Tailoring","QuickAttack"],"picked":"GuidanceOfTheGears","floor":1.0},{"not_picked":["Reload","RatsGuideToSurvival","Pound","SuppressingShot","SunsetBlade","Mutilate","MultiBlock","CookingPrep","IngredientHunt","Outburst"],"picked":"IdentifyWeakpoint","floor":2.0},{"not_picked":["PinpointShot","QuickSuppression","FendThisOffIfYouCan","UnavoidableGaze","EnergyConversion","HighKick","HandleRequest","AutomatedMovement","EnergyCycle","Thrust"],"picked":"RulesOfTheBackstreets","floor":5.0},{"not_picked":["WillOfThePrescript","HardRehearsal","HiddenBlade","UpbeatPerformance","BlazingStrike","SuppressingShot","PreemptiveStrike","FleetFootsteps","Riposte","ChopItOff"],"picked":"DefenseOrder","floor":6.0},{"not_picked":["Faith","Eliminate","SinglePointStab","DimensionalRift","BiteOff","ClassAndRespect","Wallop_lor","FleetEdge","PreemptiveStrike","AsThePrescriptOrders"],"picked":"CombatPreparation","floor":8.0},{"not_picked":["ButterflySlash","Clone","YourShield","Lock","DesperateStruggle","ForTheFamily","SunsetBlade","SturdyDefense","Pound","Quickness"],"picked":"TheWillOfTheCity","floor":12},{"not_picked":["HandleRequest","SerpentineBarrier","StrikeDown","SuppressingShot","Unlock1","UpbeatPerformance","MultiBlock","SparkingSpear","JiaoTu","FleetEdge"],"picked":"FierceOnslaught","floor":13},{"not_picked":["Lock","RagingStormLove","GoinFirst","Tttonst"],"picked":"UnforgettableMelody","floor":16},{"not_picked":["StrikeDown","QuickSuppression+1","DesperateStruggle","AutomatedMovement","AsThePrescriptOrders","Parry2","FeelinGood","GuidanceOfTheGears","Guardian_lor","SuanNi"],"picked":"TheWillOfTheCity","floor":18},{"not_picked":[],"picked":"Feast","floor":19},{"not_picked":[],"picked":"GuidanceOfTheGears","floor":19},{"not_picked":[],"picked":"Transpierce","floor":19},{"not_picked":["Unlock1","StructuralAnalysis","WillOfThePrescript","FocusFire","MultiBlock","DarkCloud","FrontalAssault","Quickness","Thrust","HiddenBlade"],"picked":"Ripple","floor":21},{"not_picked":["UnavoidableGaze","SinglePointStab+1","SearingSword","Thrust","PinpointShot","Wallop_lor+1","HandlingWork+1","Duel_lor","QuickSuppression","Diversion","QuickAttack"],"picked":"SKIP","floor":22},{"not_picked":["Castigation","DefenseOrder","StartinOutLightly","HiddenBlade","Outburst","Parry","FaintMemories","SpearedSweep","WillBeTasty+1","DarkCloud"],"picked":"DesperateStruggle","floor":23},{"not_picked":["Retaliate","BindingChains","QuickAttack","Multislash","GuidanceOfTheGears","BulkyImpact","EndlessBattle","ClassAndRespect","Execute_lor","GoinFirst","Ripple"],"picked":"SKIP","floor":25},{"not_picked":["UpbeatPerformance","StrikeDown","AGoldenOpportunity","WillBeTasty","Outburst","SteelKnuckles+1","Concentration+1","UncannyStrike","EndlessBattle","Gigigig"],"picked":"TrashDisposal","floor":27},{"not_picked":["TimeForALittleTest","PinpointShot","BlindFaith","BackAttack","ViolentFlame","GuidanceOfTheGears+1","GatherIntel","SinglePointStab","HandleRequest","Riposte"],"picked":"Rewind","floor":28},{"not_picked":["ViolentFlame","SuppressingShot","HiddenBlade+1","ClassAndRespect","GoinFirst","QuickAttack","AutomatedMovement","SharpSwipe","GuidanceOfTheGears","Creak"],"picked":"MindCrush","floor":29},{"not_picked":["SinglePointStab+1","Guardian_lor+1","StructuralAnalysis","HandleRequest","SharpenedBlade","HiddenBlade","FlowOfTheSword","BackAttack","Pound","SparkingSpear"],"picked":"TendonChords","floor":31},{"not_picked":["CrackOfDawn","Eradication","Punishment","BalefulBrand"],"picked":"GutHarvesting","floor":33},{"not_picked":["Rewind","ShockRound","UncannyStrike","Parry+1","StrongStrike+1","GrazeTheGrass","Slice_lor","StructuralAnalysis","DesperateStruggle","DarkCloud"],"picked":"SerpentSwordTechnique+1","floor":35},{"not_picked":["Outburst+1","MultiHit","MindPrepared","TasteMyFlamingBat","Duel_lor+1","SpearedSweep+1","Retaliate","Marionette+1","ForTheFamily","GuardingStance"],"picked":"SnakeSlit","floor":36},{"not_picked":["DestructiveImpact","TheWillOfTheCity","FlamingDragonFist","AssaultOrder","MultiHit","Tailoring+1","Execute_lor","TendonChords","Eject","SpearedSweep"],"picked":"InhaleSmoke","floor":38},{"not_picked":["FeatherShield+1","ToWhereThePrescriptPoints","MindWhip","BackAttack","SunsetBlade","HighKick","DesperateStruggle","YouOnlyLiveOnce","Wallop_lor","SweepTheBackstreets","AsThePrescriptOrders"],"picked":"SKIP","floor":39},{"not_picked":["FaintMemories+1","FormingStorm","MultiBlock","SkitterAway","BalefulBrand","BiAn","StrongStrike","Reload","PreemptiveStrike","YouOnlyLiveOnce"],"picked":"DeepDrag","floor":40},{"not_picked":["GutHarvesting","DesperateStruggle","FocusFire","FierceCharge+1","MultiHit","Track+1","HiddenBlade","Standoff","FrontalAssault","GatherIntel"],"picked":"Quickness","floor":41},{"not_picked":["Unlock1","DestructiveImpact+1","CutIn+1","Punishment","FeatherShield","PinpointShot","DimensionalRift+1","UpbeatPerformance","GroundSmash","Crush"],"picked":"HardRehearsal","floor":44},{"not_picked":["NonstopAssault","BindingChains","WillOfThePrescript","WaitUp","GuardingStance","SnakesPrey","MultiHit","GreatSerpentsImpact","Reload+1","SerpentSwordTechnique+1"],"picked":"TheWillOfTheCity+1","floor":46},{"not_picked":["WillBeTasty","Faith","IngredientHunt","ButterflySlash","Struggle","Laceration","MultiHit","PinpointShot","SweepTheBackstreets","Rewind+1"],"picked":"FierceCharge","floor":47},{"not_picked":["FrontalAssault","GrazeTheGrass","DarkCloud","TendonChords","WillBeTasty+1","StartinOutLightly","GroundSmash","MultiHit+1","StructuralAnalysis","SinglePointStab+1"],"picked":"OminousPower+1","floor":48},{"not_picked":["Gigigig+1","EndlessBattle","GaleKick","CrackOfDawn","UnavoidableGaze","YoureTooSlow","SerpentSwordTechnique+1","GrazeTheGrass+1","AsThePrescriptOrders","DefenseOrder"],"picked":"GuardingStance","floor":55}],"player_experience":434733,"relics_obtained":[{"floor":1.0,"key":"SynthV:TestCard"},{"floor":4.0,"key":"PageOfTodaysShyLook"},{"floor":6.0,"key":"PageOfRedShoes"},{"floor":8.0,"key":"PageOfSingingMachine"},{"floor":9.0,"key":"PageOfBigBird"},{"floor":12,"key":"Blood Vial"},{"floor":23,"key":"Gambling Chip"},{"floor":25,"key":"HollowDreamFlower"},{"floor":29,"key":"Bag of Marbles"},{"floor":40,"key":"Bag of Preparation"},{"floor":41,"key":"FossilizedHelix"},{"floor":43,"key":"Potion Belt"},{"floor":44,"key":"Strawberry"},{"floor":48,"key":"SynthV:C4"},{"floor":55,"key":"HornCleat"}],"event_choices":[{"damage_healed":0.0,"max_hp_gain":0.0,"max_hp_loss":0.0,"gold_gain":0.0,"event_name":"Shining Light","player_choice":"Entered Light","floor":3.0,"gold_loss":0.0,"damage_taken":14.0,"cards_upgraded":["LightDefense","LightDefense"]},{"damage_healed":0.0,"max_hp_gain":0.0,"max_hp_loss":0.0,"gold_gain":0.0,"event_name":"Wheel of Change","player_choice":"Relic","floor":4.0,"gold_loss":0.0,"damage_taken":0.0},{"cards_removed":["LightAttack"],"damage_healed":0,"gold_gain":0,"player_choice":"Forget","damage_taken":0,"max_hp_gain":0,"max_hp_loss":0,"event_name":"Living Wall","floor":14,"gold_loss":0},{"damage_healed":0,"gold_gain":0,"player_choice":"Forge","damage_taken":0,"max_hp_gain":0,"max_hp_loss":0,"event_name":"Accursed Blacksmith","floor":20,"gold_loss":0,"cards_upgraded":["TheWillOfTheCity"]},{"damage_healed":0,"gold_gain":0,"player_choice":"Ignored","damage_taken":0,"max_hp_gain":0,"max_hp_loss":0,"event_name":"SecretPortal","floor":37,"gold_loss":0},{"damage_healed":0,"gold_gain":0,"player_choice":"Fight","damage_taken":0,"max_hp_gain":0,"max_hp_loss":0,"event_name":"Mysterious Sphere","floor":41,"gold_loss":0},{"damage_healed":0,"gold_gain":0,"player_choice":"Gave Potion","damage_taken":0,"relics_obtained":["Omamori"],"max_hp_gain":0,"max_hp_loss":0,"event_name":"WeMeetAgain","floor":45,"gold_loss":0}],"is_beta":false,"boss_relics":[{"not_picked":["Snecko Eye","Cursed Key"],"picked":"FeatherPendant"},{"not_picked":["Velvet Choker","MoonlightInvasionPlan"],"picked":"GreenFoldingFan"}],"items_purged_floors":[30,54],"is_endless":false,"potions_floor_spawned":[5,8,12,18,25,28,29,31,33,38,41,47,48,55],"killed_by":"The Heart","ascension_level":13}}