{"host":"0kk91h4bq4kgfj0u","time":1614385763,"event":{"mods":["BaseMod","Bestiary","Block Reminder","Colored Map","Colored Powertips","Curses Come First","Highlight Path","Minty Spire (QoL Compilation)","Relic Stats","StSLib"],"gold_per_floor":[119,137,157,157,169,198,198,216,216,232,246,34,64,84,84,184,184,194,194,194,26,26,26,39,39,39,39,39],"floor_reached":27,"language":"ENG","playtime":833,"items_purged":["Strike_R"],"score":337,"play_id":"a983d8c6-5ce2-4c2d-adf8-a477febee728","local_time":"20210226192923","is_ascension_mode":true,"campfire_choices":[{"floor":7.0,"key":"REST"},{"floor":15.0,"key":"REST"},{"floor":23.0,"key":"REST"},{"floor":25,"key":"REST"}],"circlet_count":0,"master_deck":["Strike_R","Strike_R","Strike_R","Strike_R","Defend_R","Defend_R","Defend_R","Defend_R","Bash","Armaments","Iron Wave","Inflame","Twin Strike","Shrug It Off","Rampage","Spot Weakness","Inflame","Limit Break","Flex","Cleave","Fire Breathing","Demon Form","Pommel Strike","Searing Blow","Armaments"],"relics":["Burning Blood","FaceOfCleric","Bag of Marbles","Lantern","SacredBark","Nilry\u0027s Codex"],"acts_visited":["Exordium","TheCity"],"potions_floor_usage":[24,27],"damage_taken":[{"damage":6.0,"enemies":"Cultist","floor":1.0,"turns":3.0},{"damage":0.0,"enemies":"Small Slimes","floor":2.0,"turns":4.0},{"damage":12.0,"enemies":"2 Louse","floor":3.0,"turns":3.0},{"damage":7.0,"enemies":"Blue Slaver","floor":5.0,"turns":4.0},{"damage":44.0,"enemies":"3 Sentries","floor":6.0,"turns":10.0},{"damage":21.0,"enemies":"Exordium Wildlife","floor":8.0,"turns":6.0},{"damage":10.0,"enemies":"2 Fungi Beasts","floor":10.0,"turns":3.0},{"damage":14.0,"enemies":"Red Slaver","floor":11.0,"turns":2.0},{"damage":0.0,"enemies":"Large Slime","floor":14.0,"turns":3.0},{"damage":50.0,"enemies":"The Guardian","floor":16.0,"turns":9.0},{"damage":29.0,"enemies":"3 Byrds","floor":18.0,"turns":8.0},{"damage":47,"enemies":"Shell Parasite","floor":24,"turns":8},{"damage":53,"enemies":"Book of Stabbing","floor":27,"turns":5}],"seed_played":"-8773273081591993858","potions_obtained":[{"floor":2.0,"key":"ColorlessPotion"},{"floor":3.0,"key":"Weak Potion"},{"floor":5.0,"key":"SkillPotion"},{"floor":14.0,"key":"CultistPotion"},{"floor":24,"key":"LiquidMemories"}],"is_trial":false,"path_per_floor":["M","M","M","?","M","E","R","M","T","M","M","$","?","M","R","B",null,"M","?","?","$","?","R","M","R","T","E"],"character_chosen":"IRONCLAD","items_purchased":["Limit Break","Flex","Cleave","Searing Blow","Armaments"],"campfire_rested":4,"item_purchase_floors":[12,12,12,21,21],"current_hp_per_floor":[72,78,72,72,72,35,59,45,45,42,35,35,35,42,67,24,71,49,49,33,33,31,60,20,49,49,0,0],"gold":39,"neow_bonus":"THREE_CARDS","is_daily":false,"chose_seed":false,"campfire_upgraded":0,"win_rate":0.0,"timestamp":1614385763,"path_taken":["M","M","?","?","?","E","R","M","T","M","M","$","?","M","R","BOSS","M","?","?","$","?","R","?","R","T","E"],"items_purchased_type":["Card","Card","Card","Card","Card"],"build_version":"2020-12-22","purchased_purges":1,"victory":false,"max_hp_per_floor":[80,80,80,80,81,82,82,83,83,84,85,85,85,86,86,87,87,88,88,88,88,98,98,99,99,99,99,99],"relic_stats":{"FaceOfCleric":9,"counters":[13,68],"obtain_stats":[{"Lantern":9,"FaceOfCleric":4,"Nilry\u0027s Codex":20,"SacredBark":17,"Bag of Marbles":6,"Burning Blood":0},{"Lantern":6,"FaceOfCleric":3,"Nilry\u0027s Codex":11,"SacredBark":10,"Bag of Marbles":5,"Burning Blood":0},{"Lantern":30,"FaceOfCleric":10,"Nilry\u0027s Codex":55,"SacredBark":47,"Bag of Marbles":24,"Burning Blood":0}],"Burning Blood":72},"card_choices":[{"not_picked":["Carnage","Rupture"],"picked":"Armaments","floor":0.0},{"not_picked":["Blood for Blood","Twin Strike"],"picked":"Iron Wave","floor":1.0},{"not_picked":["Dual Wield","Sentinel"],"picked":"Inflame","floor":2.0},{"not_picked":["Second Wind","Sever Soul"],"picked":"Twin Strike","floor":3.0},{"not_picked":["Shockwave","Armaments"],"picked":"Shrug It Off","floor":5.0},{"not_picked":["Burning Pact","Havoc","Iron Wave"],"picked":"SKIP","floor":6.0},{"not_picked":["Headbutt","Blood for Blood"],"picked":"Rampage","floor":8.0},{"not_picked":["Searing Blow","Rage"],"picked":"Spot Weakness","floor":10.0},{"not_picked":["Warcry","Second Wind"],"picked":"Inflame","floor":11.0},{"not_picked":["Entrench","Hemokinesis"],"picked":"Fire Breathing","floor":14.0},{"not_picked":["Exhume","Corruption"],"picked":"Demon Form","floor":16.0},{"not_picked":["Warcry+1","Headbutt"],"picked":"Pommel Strike","floor":18.0},{"not_picked":["Body Slam","Sword Boomerang","Sentinel+1"],"picked":"SKIP","floor":24}],"player_experience":930163,"relics_obtained":[{"floor":6.0,"key":"Bag of Marbles"},{"floor":9.0,"key":"Lantern"},{"floor":20.0,"key":"Nilry\u0027s Codex"}],"event_choices":[{"damage_healed":0.0,"max_hp_gain":0.0,"max_hp_loss":0.0,"gold_gain":0.0,"event_name":"FaceTrader","player_choice":"Trade","floor":4.0,"gold_loss":0.0,"damage_taken":0.0,"relics_obtained":["FaceOfCleric"]},{"damage_healed":0.0,"max_hp_gain":0.0,"max_hp_loss":0.0,"gold_gain":30.0,"event_name":"Dead Adventurer","player_choice":"Searched \u00271\u0027 times","floor":13.0,"gold_loss":0.0,"damage_taken":0.0},{"damage_healed":0.0,"max_hp_gain":0.0,"max_hp_loss":0.0,"gold_gain":0.0,"event_name":"Ghosts","player_choice":"Ignored","floor":19.0,"gold_loss":0.0,"damage_taken":0.0},{"damage_healed":0.0,"max_hp_gain":0.0,"max_hp_loss":0.0,"gold_gain":0.0,"event_name":"Cursed Tome","player_choice":"Obtained Book","floor":20.0,"gold_loss":0.0,"damage_taken":16.0},{"damage_healed":0.0,"max_hp_gain":0.0,"max_hp_loss":0.0,"gold_gain":0.0,"event_name":"Knowing Skull","player_choice":"POTION ","floor":22.0,"potions_obtained":["Fruit Juice"],"gold_loss":0.0,"damage_taken":12.0,"cards_obtained":[]}],"is_beta":false,"boss_relics":[{"not_picked":["Philosopher\u0027s Stone","Runic Dome"],"picked":"SacredBark"}],"items_purged_floors":[21],"is_endless":false,"potions_floor_spawned":[2,3,5,8,14,24],"killed_by":"Book of Stabbing","ascension_level":9}}