{"host":"jfbo3eu2ui08ej1u","time":1614429192,"event":{"mods":["2.2 Compatiblity","AchievementEnabler","Act Like it!","Aspiration","BaseMod","Better Altar","Better Match","Better Note","Better Sensory Stone","Better Skull","Better Third Choice","Block Reminder","Colored Map","Colored Powertips","Conspire","DeckTracker","Displayed Cursed Tome","Energized Spire","Fox Events","GifTheSpireLib","Hermit","Hubris","Infinite Spire","Marked Mod","Minty Spire (QoL Compilation)","Monster B Gone","Pale of the Ancients","Poor People Problems","Quick Restart","Relic Filter","Reliquary","Reorder Act Four","Replay The Spire","Shop Mod","Spicy Shops","Spire Arcade","StSLib","Stuff the Spire","The Blue Laboratory","The Disciple","The Forsaken","The Hierophant","The Marked","Uncapped","Unceasing Turn Reminder","Wandering Minibosses"],"gold_per_floor":[115,125,135,145,23,23,48,48,97,97,97,97,115,147,147,219,219,237,252,271,271,54,54,74,74,74,74,74,74,102,120,120,120,120],"floor_reached":33,"language":"ENG","playtime":1030,"items_purged":["Looming Evil"],"score":550,"play_id":"dbc86f44-5172-46e1-998a-d40d765fc3b8","local_time":"20210227073312","is_ascension_mode":true,"campfire_choices":[{"data":"StuffTheSpire:LoadUp","floor":6.0,"key":"SMITH"},{"data":"Zap","floor":8,"key":"SMITH"},{"data":"Dualcast","floor":10,"key":"SMITH"},{"data":"Darkness","floor":15,"key":"SMITH"},{"data":"Fission","floor":23,"key":"SMITH"},{"floor":25,"key":"REST"},{"floor":29,"key":"REST"},{"floor":32,"key":"REST"}],"circlet_count":0,"master_deck":["AscendersBane","Strike_B","Strike_B","Strike_B","Strike_B","Defend_B","Defend_B","Defend_B","Defend_B","Zap+1","Dualcast+1","Doom and Gloom","Compile Driver","StuffTheSpire:LoadUp+1","Auto Shields","Ball Lightning","Darkness+1","StuffTheSpire:EventHorizon","Fission+1","ReplayTheSpireMod:Dual Polarity","Chaos","FIFO Queue","FIFO Queue","Rebound","Genetic Algorithm","StuffTheSpire:PestControl"],"relics":["Cracked Core","conspire:GlowingRock","reliquary:TridentHead","Art of War","Ring of Peace","ReplayTheSpireMod:Ring of Collecting","Du-Vu Doll","Velvet Choker","Ring of Panic","infinitespire:CheckeredPen","Ring of Shattering","infinitespire:Satchel","StuffTheSpire:Nightcore"],"acts_visited":["Exordium","TheCity"],"potions_floor_usage":[7,30],"damage_taken":[{"damage":7.0,"enemies":"Jaw Worm","floor":1.0,"turns":3.0},{"damage":0.0,"enemies":"Cultist","floor":2.0,"turns":3.0},{"damage":11.0,"enemies":"2 Louse","floor":3.0,"turns":3.0},{"damage":7.0,"enemies":"Exordium Wildlife","floor":4.0,"turns":4.0},{"damage":11,"enemies":"Gremlin Nob","floor":7,"turns":3},{"damage":9,"enemies":"3 Louse","floor":13,"turns":2},{"damage":15,"enemies":"Lagavulin","floor":14,"turns":5},{"damage":31,"enemies":"The Guardian","floor":16,"turns":9},{"damage":4,"enemies":"conspire:FuzzyDice","floor":18,"turns":6},{"damage":0,"enemies":"3 Byrds","floor":19,"turns":3},{"damage":18,"enemies":"3 Cultists","floor":20,"turns":5},{"damage":12,"enemies":"Cultist and Chosen","floor":24,"turns":7},{"damage":16,"enemies":"Gremlin Leader","floor":30,"turns":7},{"damage":8,"enemies":"conspire:HollyBat","floor":31,"turns":6},{"damage":47,"enemies":"conspire:MysteriousRune","floor":33,"turns":7}],"seed_played":"-2511012518965468365","potions_obtained":[{"floor":1.0,"key":"LiquidBronze"},{"floor":2.0,"key":"blueLaboratory:PlasmaFuel"},{"floor":7,"key":"FairyPotion"},{"floor":19,"key":"ColorlessPotion"}],"is_trial":false,"path_per_floor":["M","M","M","M","$","R","E","R","T","R","?","R","M","E","R","B",null,"M","M","M","?","$","R","M","R","T","T","?","R","E","M","R","B"],"character_chosen":"DEFECT","items_purchased":["conspire:GlowingRock","FIFO Queue","Rebound"],"campfire_rested":3,"item_purchase_floors":[5,22,22],"current_hp_per_floor":[64,64,53,46,46,46,35,35,35,35,35,35,26,11,11,10,61,57,57,39,39,39,39,27,50,50,50,25,48,32,24,47,0,0],"gold":120,"neow_bonus":"TEN_PERCENT_HP_BONUS","is_daily":false,"chose_seed":false,"campfire_upgraded":5,"win_rate":0.0,"timestamp":1614429192,"path_taken":["M","M","M","M","$","R","E","R","T","R","?","R","M","E","R","BOSS","M","M","M","?","$","R","M","R","T","?","?","R","E","?","R","BOSS"],"items_purchased_type":["Relic","Card","Card"],"build_version":"2020-12-22","purchased_purges":1,"victory":false,"max_hp_per_floor":[78,78,78,78,78,78,78,78,78,78,78,78,78,78,78,78,78,78,78,78,78,78,78,78,78,78,78,78,78,78,78,78,78,78],"card_choices":[{"not_picked":["Hologram","Reprogram"],"picked":"Doom and Gloom","floor":1.0},{"not_picked":["Conserve Battery","ReplayTheSpireMod:Repulse"],"picked":"Compile Driver","floor":2.0},{"not_picked":["Beam Cell","ReplayTheSpireMod:Repulse"],"picked":"StuffTheSpire:LoadUp","floor":3.0},{"not_picked":["Double Energy","Barrage"],"picked":"Auto Shields","floor":4.0},{"not_picked":["Reinforced Body","Barrage"],"picked":"Ball Lightning","floor":7},{"not_picked":["StuffTheSpire:Rend","Consume"],"picked":"Darkness","floor":13},{"not_picked":["hubris:DoWhile","StuffTheSpire:Synthwave"],"picked":"StuffTheSpire:EventHorizon","floor":14},{"not_picked":["Meteor Strike","ReplayTheSpireMod:Omega Cannon"],"picked":"Fission","floor":16},{"not_picked":["Cold Snap","Go for the Eyes+1","Barrage"],"picked":"SKIP","floor":18},{"not_picked":["ReplayTheSpireMod:Reroute Power","Steam"],"picked":"ReplayTheSpireMod:Dual Polarity","floor":19},{"not_picked":["Turbo","conspire:SharedLibrary"],"picked":"Chaos","floor":20},{"not_picked":["Leap","Conserve Battery"],"picked":"Genetic Algorithm","floor":24},{"not_picked":["conspire:Rain","Sweeping Beam","Coolheaded"],"picked":"SKIP","floor":30},{"not_picked":["Stack","Streamline","Compile Driver"],"picked":"SKIP","floor":31}],"player_experience":1394097,"relics_obtained":[{"floor":7,"key":"reliquary:TridentHead"},{"floor":9,"key":"Art of War"},{"floor":11,"key":"Ring of Peace"},{"floor":11,"key":"ReplayTheSpireMod:Ring of Collecting"},{"floor":14,"key":"Du-Vu Doll"},{"floor":26,"key":"Ring of Panic"},{"floor":26,"key":"infinitespire:CheckeredPen"},{"floor":27,"key":"Ring of Shattering"},{"floor":27,"key":"infinitespire:Satchel"},{"floor":30,"key":"StuffTheSpire:Nightcore"}],"event_choices":[],"is_beta":false,"boss_relics":[{"not_picked":["reliquary:KinkedSpring","reliquary:Craggleroot"],"picked":"Velvet Choker"}],"items_purged_floors":[22],"is_endless":false,"potions_floor_spawned":[1,2,7,13,19],"killed_by":"conspire:MysteriousRune","ascension_level":20}}