{"host":"f9ztaq6figs4snwj","time":1614450279,"event":{"mods":["BaseMod","Bestiary","Colored Map","Colored Powertips","Curses Come First","DeckTracker","Minty Spire (QoL Compilation)","Quick Restart","StSLib"],"gold_per_floor":[111,125,145,164,1,1,33,33,57,71,83,83,115,131,131,234,234,247,247,262,262,279,312,331,331,331,357,370,370,64,91,91,194,194,214,1213,1223,811,811,842,842,867,867,894,659,299,299,61,61,61,61,61,0,33,33],"floor_reached":56,"language":"ENG","playtime":4351,"items_purged":["Strike_P","Normality","Normality","Prostrate"],"score":1507,"play_id":"f4a8109e-efed-4242-914b-ab72901452d3","local_time":"20210227192439","is_ascension_mode":true,"campfire_choices":[{"data":"Eruption","floor":6,"key":"SMITH"},{"data":"CarveReality","floor":8,"key":"SMITH"},{"data":"FollowUp","floor":15,"key":"SMITH"},{"floor":25,"key":"REST"},{"data":"FollowUp","floor":29,"key":"SMITH"},{"floor":32,"key":"RECALL"},{"floor":41,"key":"REST"},{"floor":47,"key":"REST"},{"floor":49,"key":"REST"},{"floor":52,"key":"REST"}],"circlet_count":0,"master_deck":["Defend_P","Defend_P","Defend_P","Defend_P","Eruption+1","Vigilance","FlurryOfBlows+1","FollowUp+1","SashWhip","CutThroughFate","CarveReality+1","Prostrate","Consecrate","EmptyBody","SashWhip","FlurryOfBlows","Devotion","FollowUp+1","Bite","Bite+1","Bite","Bite","Bite","Prostrate","CutThroughFate","Pray","SashWhip+1","EmptyBody","CutThroughFate+1","Ragnarok+1","DeusExMachina","Judgement","Consecrate+1","DevaForm","Apotheosis","FlurryOfBlows+1","Devotion","TalkToTheHand+1","CarveReality+1","Devotion"],"relics":["Black Star","Pen Nib","Bronze Scales","Matryoshka","Empty Cage","Bag of Marbles","MealTicket","Bag of Preparation","Ornamental Fan","Molten Egg 2","Juzu Bracelet","Membership Card","Lantern","Anchor","Unceasing Top","Fusion Hammer","Mummified Hand","OrangePellets","Bottled Flame","Kunai","Pear","Boot","Whetstone","White Beast Statue","Toy Ornithopter","HornCleat","Gambling Chip","Nunchaku","Sling","Melange","Bird Faced Urn","FossilizedHelix","Vajra","Lizard Tail","Sundial"],"acts_visited":["Exordium","TheCity","TheBeyond","TheEnding"],"potions_floor_usage":[4,13,16,23,27,33,33,50,55,55,55],"damage_taken":[{"damage":2,"enemies":"Cultist","floor":1,"turns":5},{"damage":0,"enemies":"Small Slimes","floor":2,"turns":3},{"damage":1,"enemies":"Jaw Worm","floor":3,"turns":3},{"damage":1,"enemies":"Large Slime","floor":4,"turns":5},{"damage":22,"enemies":"Gremlin Nob","floor":7,"turns":5},{"damage":4,"enemies":"Blue Slaver","floor":10,"turns":3},{"damage":0,"enemies":"3 Louse","floor":11,"turns":2},{"damage":15,"enemies":"Lagavulin","floor":13,"turns":5},{"damage":0,"enemies":"Large Slime","floor":14,"turns":3},{"damage":14,"enemies":"Hexaghost","floor":16,"turns":8},{"damage":1,"enemies":"Chosen","floor":18,"turns":3},{"damage":0,"enemies":"Spheric Guardian","floor":20,"turns":2},{"damage":24,"enemies":"Snecko","floor":22,"turns":5},{"damage":12,"enemies":"Book of Stabbing","floor":23,"turns":4},{"damage":31,"enemies":"Centurion and Healer","floor":24,"turns":4},{"damage":0,"enemies":"Gremlin Leader","floor":27,"turns":4},{"damage":0,"enemies":"3 Cultists","floor":28,"turns":3},{"damage":10,"enemies":"Book of Stabbing","floor":31,"turns":5},{"damage":19,"enemies":"Champ","floor":33,"turns":7},{"damage":0,"enemies":"Orb Walker","floor":35,"turns":1},{"damage":23,"enemies":"3 Shapes","floor":37,"turns":4},{"damage":26,"enemies":"Nemesis","floor":40,"turns":3},{"damage":35,"enemies":"Reptomancer","floor":42,"turns":7},{"damage":0,"enemies":"Giant Head","floor":44,"turns":5},{"damage":0,"enemies":"Donu and Deca","floor":50,"turns":4},{"damage":10,"enemies":"Shield and Spear","floor":54,"turns":3},{"damage":82,"enemies":"The Heart","floor":55,"turns":6}],"seed_played":"-5436058793651004334","potions_obtained":[{"floor":2,"key":"Fire Potion"},{"floor":3,"key":"Dexterity Potion"},{"floor":13,"key":"Energy Potion"},{"floor":14,"key":"LiquidMemories"},{"floor":16,"key":"LiquidBronze"},{"floor":22,"key":"DistilledChaos"},{"floor":23,"key":"Ambrosia"},{"floor":24,"key":"SpeedPotion"},{"floor":28,"key":"PowerPotion"},{"floor":33,"key":"FearPotion"},{"floor":35,"key":"Dexterity Potion"},{"floor":40,"key":"BlessingOfTheForge"},{"floor":54,"key":"Fire Potion"}],"is_trial":false,"path_per_floor":["M","M","M","M","$","R","E","R","T","M","M","?","E","M","R","B",null,"M","?","M","?","M","E","M","R","T","E","M","R","$","E","R","B",null,"M","?","M","$","?","E","R","E","T","E","$","$","R","$","R","B",null,"R","$","E","B",null],"character_chosen":"WATCHER","items_purchased":["CarveReality","Prostrate","Membership Card","Ragnarok+1","Lantern","DevaForm","Mummified Hand","OrangePellets","Bottled Flame","FlurryOfBlows+1","Nunchaku","Sling","Melange","Bird Faced Urn","Devotion","FossilizedHelix","Vajra","TalkToTheHand+1","CarveReality+1","Strength Potion"],"campfire_rested":5,"item_purchase_floors":[5,5,30,30,30,38,38,38,38,45,45,45,46,46,46,48,48,48,53,53],"current_hp_per_floor":[70,70,69,68,68,68,46,46,46,44,46,46,33,35,35,23,72,71,71,72,72,54,50,27,48,48,56,62,62,72,64,64,51,72,72,72,51,66,66,56,80,61,61,70,82,82,82,82,82,82,82,82,82,72,25],"gold":33,"neow_bonus":"BOSS_RELIC","is_daily":false,"chose_seed":false,"campfire_upgraded":4,"win_rate":0.0,"timestamp":1614450279,"path_taken":["M","?","M","M","?","R","E","R","T","M","M","?","E","M","R","BOSS","M","?","M","?","M","E","M","R","T","E","M","R","$","E","R","BOSS","M","?","M","$","?","E","R","E","T","E","?","$","R","$","R","BOSS","R","$","E","BOSS"],"items_purchased_type":["Card","Card","Relic","Card","Relic","Card","Relic","Relic","Relic","Card","Relic","Relic","Relic","Relic","Card","Relic","Relic","Card","Card","Potion"],"build_version":"2020-12-22","purchased_purges":4,"victory":true,"max_hp_per_floor":[72,72,72,72,72,72,72,72,72,72,72,72,72,72,72,72,72,72,72,72,72,72,72,72,72,72,72,72,72,72,72,72,72,72,72,72,72,72,72,82,82,82,82,82,82,82,82,82,82,82,82,82,82,82,82],"card_choices":[{"not_picked":["FlyingSleeves","Consecrate"],"picked":"FlurryOfBlows","floor":1},{"not_picked":["Nirvana","WreathOfFlame"],"picked":"FollowUp","floor":2},{"not_picked":["FlyingSleeves","EmptyFist"],"picked":"SashWhip","floor":3},{"not_picked":["Protect","Scrawl"],"picked":"CutThroughFate","floor":4},{"not_picked":["ThirdEye","SashWhip"],"picked":"Consecrate","floor":7},{"not_picked":["FearNoEvil","PathToVictory"],"picked":"EmptyBody","floor":10},{"not_picked":["ThirdEye","Nirvana"],"picked":"SashWhip","floor":11},{"not_picked":["Alpha","JustLucky"],"picked":"Prostrate","floor":13},{"not_picked":["Pray","Perseverance"],"picked":"FlurryOfBlows","floor":14},{"not_picked":["Brilliance","Vault"],"picked":"Devotion","floor":16},{"not_picked":["ClearTheMind","EmptyMind"],"picked":"FollowUp","floor":18},{"not_picked":["LessonLearned","FearNoEvil"],"picked":"Prostrate","floor":20},{"not_picked":["Protect","Consecrate"],"picked":"Pray","floor":22},{"not_picked":["Tantrum","Blasphemy"],"picked":"SashWhip+1","floor":23},{"not_picked":["Protect","BowlingBash"],"picked":"EmptyBody","floor":24},{"not_picked":["WaveOfTheHand+1","JustLucky+1"],"picked":"CutThroughFate+1","floor":27},{"not_picked":["Sanctity+1","ClearTheMind","EmptyFist+1"],"picked":"SKIP","floor":28},{"not_picked":["Protect","CrushJoints+1"],"picked":"DeusExMachina","floor":31},{"not_picked":["ConjureBlade","Brilliance+1"],"picked":"Judgement","floor":33},{"not_picked":["Tantrum+1","SandsOfTime+1"],"picked":"Consecrate+1","floor":35},{"not_picked":["Adaptation","FollowUp+1","Halt"],"picked":"SKIP","floor":37},{"not_picked":["Dark Shackles","Transmutation"],"picked":"Apotheosis","floor":39},{"not_picked":["Vengeance","JustLucky+1","SandsOfTime+1"],"picked":"SKIP","floor":40},{"not_picked":["Alpha","WaveOfTheHand+1","CutThroughFate+1"],"picked":"SKIP","floor":42},{"not_picked":["EmptyFist+1","Crescendo+1","EmptyBody"],"picked":"SKIP","floor":44},{"not_picked":["ForeignInfluence+1","ThirdEye"],"picked":"Devotion","floor":54}],"player_experience":419730,"relics_obtained":[{"floor":7,"key":"Blood Vial"},{"floor":7,"key":"Pen Nib"},{"floor":13,"key":"Bronze Scales"},{"floor":13,"key":"Matryoshka"},{"floor":23,"key":"Bag of Marbles"},{"floor":23,"key":"MealTicket"},{"floor":26,"key":"Bag of Preparation"},{"floor":26,"key":"Ornamental Fan"},{"floor":27,"key":"Molten Egg 2"},{"floor":27,"key":"Juzu Bracelet"},{"floor":31,"key":"Anchor"},{"floor":31,"key":"Unceasing Top"},{"floor":40,"key":"Kunai"},{"floor":40,"key":"Pear"},{"floor":42,"key":"Boot"},{"floor":42,"key":"Whetstone"},{"floor":43,"key":"White Beast Statue"},{"floor":43,"key":"Toy Ornithopter"},{"floor":44,"key":"HornCleat"},{"floor":44,"key":"Gambling Chip"},{"floor":54,"key":"Lizard Tail"},{"floor":54,"key":"Sundial"}],"event_choices":[{"damage_healed":0,"gold_gain":0,"cards_transformed":["Strike_P"],"player_choice":"Change","damage_taken":0,"max_hp_gain":0,"max_hp_loss":0,"event_name":"Living Wall","floor":12,"gold_loss":0,"cards_obtained":["Collect"]},{"damage_healed":0,"gold_gain":0,"player_choice":"Became a vampire (Vial)","damage_taken":0,"max_hp_gain":0,"max_hp_loss":0,"event_name":"Vampires","floor":19,"relics_lost":["Blood Vial"],"gold_loss":0,"cards_obtained":["Bite","Bite","Bite","Bite","Bite"]},{"damage_healed":0,"gold_gain":0,"player_choice":"Read","damage_taken":0,"max_hp_gain":0,"max_hp_loss":0,"event_name":"The Library","floor":21,"gold_loss":0,"cards_obtained":["CutThroughFate"]},{"damage_healed":0,"gold_gain":999,"player_choice":"Gold","damage_taken":0,"max_hp_gain":0,"max_hp_loss":0,"event_name":"MindBloom","floor":36,"gold_loss":0,"cards_obtained":["Normality","Normality"]},{"damage_healed":0,"gold_gain":0,"player_choice":"Memory 1","damage_taken":0,"max_hp_gain":0,"max_hp_loss":0,"event_name":"SensoryStone","floor":39,"gold_loss":0}],"is_beta":false,"boss_relics":[{"not_picked":["SacredBark","Cursed Key"],"picked":"Empty Cage"},{"not_picked":["Tiny House","Sozu"],"picked":"Fusion Hammer"}],"items_purged_floors":[5,38,45,46],"is_endless":false,"potions_floor_spawned":[2,3,13,14,16,22,23,24,28,31,33,35,40,42,44,54],"ascension_level":1}}