{"host":"w4b7hmige5bnqipq","time":1614457909,"event":{"mods":["2.2 Compatiblity","BaseMod","Colored Map","DeckTracker","Keyboard Shortcuts","Minty Spire (QoL Compilation)","Permanent Neow","Rare Cards Sparkle","SuperFastMode","everything is the same but u backflip on backflip","slay the spire mod where everything is the same but ironclad has a cowboy hat"],"gold_per_floor":[118,118,138,63,80,115,128,143,167,167,167,167],"floor_reached":11,"language":"KOR","playtime":280,"items_purged":["Strike_B"],"score":146,"play_id":"097f58f9-4f3d-41f7-9992-8ed1f8bd1ced","local_time":"20210228043149","is_ascension_mode":true,"campfire_choices":[{"data":"Buffer","floor":10,"key":"SMITH"}],"circlet_count":0,"master_deck":["AscendersBane","Strike_B","Strike_B","Strike_B","Defend_B","Defend_B","Defend_B","Defend_B","Zap","Dualcast","Cold Snap","Turbo","Rebound","Buffer+1","Capacitor"],"relics":["Coffee Dripper","Blood Vial","Ancient Tea Set"],"acts_visited":["Exordium"],"potions_floor_usage":[6],"damage_taken":[{"damage":2,"enemies":"2 Louse","floor":1,"turns":4},{"damage":2,"enemies":"Cultist","floor":3,"turns":4},{"damage":0,"enemies":"Jaw Worm","floor":5,"turns":4},{"damage":18,"enemies":"Lagavulin","floor":6,"turns":7},{"damage":27,"enemies":"Gremlin Gang","floor":7,"turns":6},{"damage":12,"enemies":"Large Slime","floor":8,"turns":7},{"damage":13,"enemies":"3 Sentries","floor":11,"turns":4}],"seed_played":"2208387777008424904","potions_obtained":[{"floor":2,"key":"Weak Potion"},{"floor":2,"key":"BlessingOfTheForge"},{"floor":8,"key":"Ancient Potion"}],"is_trial":false,"path_per_floor":["M","?","M","$","M","E","M","M","T","R","E"],"character_chosen":"DEFECT","items_purchased":[],"campfire_rested":0,"item_purchase_floors":[],"current_hp_per_floor":[62,62,60,60,60,42,17,7,7,7,0,0],"gold":167,"neow_bonus":"BOSS_RELIC","is_daily":false,"chose_seed":false,"campfire_upgraded":1,"win_rate":0.0,"timestamp":1614457909,"path_taken":["M","?","M","$","?","E","?","M","T","R","E"],"items_purchased_type":[],"build_version":"2020-12-22","purchased_purges":1,"victory":false,"max_hp_per_floor":[71,71,71,71,71,71,71,71,71,71,71,71],"card_choices":[{"not_picked":["Turbo","Reprogram"],"picked":"Cold Snap","floor":1},{"not_picked":["Leap","Force Field"],"picked":"Turbo","floor":3},{"not_picked":["Sweeping Beam","Gash"],"picked":"Rebound","floor":5},{"not_picked":["Sweeping Beam","Turbo"],"picked":"Buffer","floor":6},{"not_picked":["Rip and Tear","Aggregate"],"picked":"Capacitor","floor":7},{"not_picked":["Turbo","Cold Snap","Stack"],"picked":"SKIP","floor":8}],"player_experience":804764,"relics_obtained":[{"floor":6,"key":"Blood Vial"},{"floor":9,"key":"Ancient Tea Set"}],"event_choices":[{"damage_healed":0,"gold_gain":0,"player_choice":"Got Potions","damage_taken":0,"max_hp_gain":0,"max_hp_loss":0,"event_name":"Lab","floor":2,"gold_loss":0}],"is_beta":false,"boss_relics":[],"items_purged_floors":[4],"is_endless":false,"potions_floor_spawned":[3,8],"killed_by":"3 Sentries","ascension_level":19}}