{"host":"fbtt2xdrd49xyqed","time":1614406071,"event":{"mods":["Act Like it!","BaseMod","Downfall","Koishi","Marisa£®ÏF”Í°°ƒß¿Ì…≥£©","Minty Spire (QoL Compilation)","Remilia£®¿Ÿ√◊¿Ú—«£©","Replay The Spire","StSLib","The Servant 0.9.4","Youmu£®ªÍ∆«—˝√Œ£©"],"gold_per_floor":[99,113,131,41,41,41,41,41,54,54,89,38,66,82,97,194,194,94,112,129,14,32,1,1,1,14,29,49,64,90,110,127,223,223,23,33,62,62,76,102,102,129,158,38,69,83,102,119,138,138,138,173,51,51,77,77],"floor_reached":57,"language":"ZHS","playtime":4216,"items_purged":["sneckomod:Strike","sneckomod:Strike","sneckomod:Defend","sneckomod:Defend"],"score":1564,"play_id":"b2369b4e-3a30-4d3f-b2a3-47085712d151","local_time":"20210227140751","is_ascension_mode":true,"campfire_choices":[{"data":"sneckomod:SnekBite","floor":1.0,"key":"SMITH"},{"floor":6.0,"key":"RECALL"},{"data":"sneckomod:MasterEye","floor":8,"key":"SMITH"},{"data":"sneckomod:Nope","floor":18,"key":"SMITH"}],"circlet_count":0,"master_deck":["sneckomod:Defend","sneckomod:TailWhip","sneckomod:SnekBite+1","sneckomod:Unknown","ReplayTheSpireMod:Brewmster","sneckomod:UnknownUncommonAttack","sneckomod:MasterEye+1","sneckomod:WideSting","sneckomod:UnknownX","sneckomod:UnknownStrength","sneckomod:MorePower+1","sneckomod:UnknownUncommonPower+1","sneckomod:UnknownVulnerable","sneckomod:SerpentMind","sneckomod:CheapStock","sneckomod:UnknownUncommonAttack+1","sneckomod:UnendingSupply","sneckomod:UnknownColorless+1","sneckomod:Nope+1","sneckomod:Cheat","sneckomod:UnknownExhaust+1","sneckomod:UnknownRareSkill+1","sneckomod:Nope","sneckomod:DangerNoodle","FlawlessForm+1","Duplication","sneckomod:UnknownDraw+1","sneckomod:QuickBite","sneckomod:SnakeSap","sneckomod:UnknownUncommonPower+1","sneckomod:Nope","sneckomod:Unknown3Cost+1","sneckomod:UnknownRareAttack+1","sneckomod:UnknownX+1","sneckomod:SlitherStrike+1","sneckomod:UnknownX+1","sneckomod:DangerNoodle","ForgedInTime+1","sneckomod:UnknownRareAttack+1","sneckomod:PureSnecko","sneckomod:Unknown0Cost+1","sneckomod:UnknownRareSkill+1","sneckomod:UnknownBoss+1","sneckomod:Unknown3Cost","sneckomod:UnknownExhaust+1","sneckomod:UnknownUncommonPower+1","sneckomod:Nope","sneckomod:UnknownRareAttack+1","sneckomod:UnknownClassYOUMU_COLOR+1","sneckomod:UnknownRarePower+1","CherryBlossomSword"],"relics":["sneckomod:SneckoSoul","Dead Branch","Tiny Chest","Durian","Black Star","downfall:HeartBlessingRed","ReplayTheSpireMod:Ninjato","Centennial Puzzle","Vajra","Busted Crown","downfall:HeartBlessingGreen","downfall:HeartBlessingBlue","Turnip","Pear","The Courier","InkBottle","Bag of Preparation","Omamori","Replay:Wax Seal","bronze:DecasWashers","Anchor","Replay:Mystery Machine","Art of War","Nunchaku"],"acts_visited":["Exordium","TheCity","TheBeyond","TheEnding"],"potions_floor_usage":[11,13,15,16,20,21,33,33,43,45,52,56,56],"damage_taken":[{"damage":0.0,"enemies":"Jaw Worm","floor":2.0,"turns":4.0},{"damage":0.0,"enemies":"Cultist","floor":3.0,"turns":5.0},{"damage":10.0,"enemies":"downfall:FleeingMerchant","floor":4.0,"turns":4.0},{"damage":0,"enemies":"2 Louse","floor":9,"turns":2},{"damage":4,"enemies":"Replay:BlueRogue","floor":11,"turns":4},{"damage":5,"enemies":"downfall:FleeingMerchant","floor":12,"turns":4},{"damage":7,"enemies":"Gremlin Nob","floor":13,"turns":3},{"damage":11,"enemies":"2 Fungi Beasts","floor":14,"turns":3},{"damage":22,"enemies":"Exordium Thugs","floor":15,"turns":4},{"damage":15,"enemies":"SI_SHIV_ARCHETYPE","floor":16,"turns":4},{"damage":5,"enemies":"Chosen","floor":19,"turns":4},{"damage":6,"enemies":"Shell Parasite","floor":20,"turns":3},{"damage":2,"enemies":"downfall:FleeingMerchant","floor":21,"turns":4},{"damage":7,"enemies":"3 Cultists","floor":22,"turns":3},{"damage":0,"enemies":"downfall:FleeingMerchant","floor":23,"turns":1},{"damage":0,"enemies":"Centurion and Healer","floor":26,"turns":6},{"damage":3,"enemies":"Snake Plant","floor":27,"turns":4},{"damage":4,"enemies":"Cultist and Chosen","floor":28,"turns":3},{"damage":0,"enemies":"Sentry and Sphere","floor":29,"turns":5},{"damage":0,"enemies":"Replay:Snechameleon","floor":30,"turns":4},{"damage":8,"enemies":"Centurion and Healer","floor":31,"turns":4},{"damage":14,"enemies":"3 Cultists","floor":32,"turns":3},{"damage":0,"enemies":"IC_MUSHROOM_ARCHETYPE","floor":33,"turns":5},{"damage":14,"enemies":"3 Darklings","floor":36,"turns":4},{"damage":13,"enemies":"3 Shapes","floor":37,"turns":3},{"damage":1,"enemies":"Spire Growth","floor":39,"turns":3},{"damage":16,"enemies":"Reptomancer","floor":40,"turns":4},{"damage":0,"enemies":"Nemesis","floor":43,"turns":3},{"damage":15,"enemies":"Reptomancer","floor":45,"turns":4},{"damage":0,"enemies":"Jaw Worm Horde","floor":46,"turns":2},{"damage":0,"enemies":"Maw","floor":47,"turns":5},{"damage":0,"enemies":"3 Darklings","floor":48,"turns":3},{"damage":5,"enemies":"Spire Growth","floor":49,"turns":2},{"damage":0,"enemies":"WA_ARCHETYPE_DIVINITY","floor":50,"turns":4},{"damage":18,"enemies":"downfall:CharBossMerchant","floor":52,"turns":7},{"damage":2,"enemies":"downfall:NeowBoss","floor":55,"turns":6},{"damage":72,"enemies":"downfall:NeowBossFinal","floor":56,"turns":7}],"seed_played":"6633280881756882883","potions_obtained":[{"floor":2.0,"key":"BlessingOfTheForge"},{"floor":11,"key":"bronze:BurnAndBuffPotion"},{"floor":13,"key":"Fire Potion"},{"floor":15,"key":"Ancient Potion"},{"floor":20,"key":"Fire Potion"},{"floor":22,"key":"PowerPotion"},{"floor":26,"key":"Fire Potion"},{"floor":43,"key":"Dexterity Potion"},{"floor":52,"key":"BlessingOfTheForge"}],"is_trial":false,"path_per_floor":["R","M","M","$","?","R","T","R","M","?","E","$","E","M","M","B",null,"R","M","M","$","M","$","T","R","M","M","M","M","E","M","M","B",null,"R","M","M","?","M","E","T","T","E","$","E","M","M","M","M","B",null,"E","$","R","B","B",null],"character_chosen":"THE_SNECKO","items_purchased":["sneckomod:CheapStock","ReplayTheSpireMod:Ninjato","Nunchaku"],"campfire_rested":0,"item_purchase_floors":[12,23,53],"current_hp_per_floor":[81,81,81,71,71,71,71,71,71,71,67,62,60,49,27,12,86,86,86,80,78,71,71,71,71,71,68,64,64,64,56,42,42,86,96,82,69,69,68,62,62,62,62,62,47,47,47,47,42,42,106,88,88,88,86,28],"gold":77,"neow_bonus":"RANDOM_COLORLESS_2","is_daily":false,"chose_seed":false,"campfire_upgraded":3,"win_rate":0.0,"timestamp":1614406071,"path_taken":["R","M","M","$","?","R","T","R","?","?","E","?","E","M","M","BOSS","R","M","M","$","M","$","T","R","M","?","M","M","E","M","M","BOSS","R","M","M","?","M","E","T","?","E","$","E","?","M","M","M","BOSS","E","$","R","BOSS","BOSS"],"items_purchased_type":["Card","Relic","Relic"],"build_version":"2020-12-22","purchased_purges":4,"victory":true,"max_hp_per_floor":[81,81,81,81,81,81,81,81,81,81,81,81,86,86,86,86,86,86,86,86,86,86,86,86,86,86,86,86,86,86,86,86,86,86,96,96,96,96,96,106,106,106,106,106,106,106,106,106,106,106,106,106,106,106,106,106],"card_choices":[{"not_picked":["Master of Strategy","Mayhem"],"picked":"ReplayTheSpireMod:Brewmster","floor":0.0},{"not_picked":["sneckomod:SnekBeam","sneckomod:RainOfDice"],"picked":"sneckomod:UnknownUncommonAttack","floor":2.0},{"not_picked":["sneckomod:QuickMove","sneckomod:Unknown1Cost"],"picked":"sneckomod:MasterEye","floor":3.0},{"not_picked":["sneckomod:DangerNoodle","sneckomod:UnknownBlock"],"picked":"sneckomod:WideSting","floor":4.0},{"not_picked":["sneckomod:UnknownClassMARISA_COLOR","sneckomod:UnknownClassYOUMU_COLOR"],"picked":"sneckomod:UnknownStrength","floor":9},{"not_picked":["sneckomod:Unknown1Cost+1","sneckomod:UnknownCommonSkill+1"],"picked":"sneckomod:UnknownUncommonPower+1","floor":11},{"not_picked":["sneckomod:RainOfDice","sneckomod:UnknownX"],"picked":"sneckomod:UnknownVulnerable","floor":11},{"not_picked":["sneckomod:SoulRoll","sneckomod:UnknownStrength"],"picked":"sneckomod:SerpentMind","floor":12},{"not_picked":["sneckomod:UnknownWeak+1","sneckomod:Unknown1Cost+1"],"picked":"sneckomod:UnknownUncommonAttack+1","floor":13},{"not_picked":["sneckomod:SoulDraw","sneckomod:UnknownDraw"],"picked":"sneckomod:Unknown3Cost","floor":13},{"not_picked":["sneckomod:UnknownVulnerable+1","sneckomod:UnknownClassYOUMU_COLOR+1"],"picked":"sneckomod:UnknownRareSkill+1","floor":14},{"not_picked":["sneckomod:SoulRoll","sneckomod:UnknownStrike"],"picked":"sneckomod:UnendingSupply","floor":14},{"not_picked":["sneckomod:UnknownStrength+1","sneckomod:UnknownVulnerable+1"],"picked":"sneckomod:UnknownColorless+1","floor":15},{"not_picked":["sneckomod:PureSnecko","sneckomod:UnknownRareSkill"],"picked":"sneckomod:Nope","floor":15},{"not_picked":["sneckomod:DangerNoodle","sneckomod:UnknownBoss"],"picked":"sneckomod:Cheat","floor":16},{"not_picked":["sneckomod:Unknown2Cost+1","sneckomod:UnknownClassYOUMU_COLOR+1"],"picked":"sneckomod:UnknownExhaust+1","floor":19},{"not_picked":["sneckomod:DiceBoulder","sneckomod:UnknownDraw","sneckomod:UnknownCommonAttack"],"picked":"SKIP","floor":19},{"not_picked":["sneckomod:UnknownClassMARISA_COLOR+1","sneckomod:UnknownRareAttack+1"],"picked":"sneckomod:UnknownRareSkill+1","floor":20},{"not_picked":["sneckomod:UnknownVulnerable","sneckomod:QuickMove","sneckomod:UnknownExhaust+1"],"picked":"SKIP","floor":20},{"not_picked":["sneckomod:UnknownDraw","sneckomod:WideSting+1"],"picked":"sneckomod:Nope","floor":21},{"not_picked":["sneckomod:UnknownClassMARISA_COLOR+1","sneckomod:Unknown1Cost+1"],"picked":"sneckomod:UnknownVulnerable+1","floor":22},{"not_picked":["sneckomod:DiceBlock","sneckomod:SoulCleanse"],"picked":"sneckomod:DangerNoodle","floor":22},{"not_picked":["sneckomod:ImprovisedAttack","sneckomod:UnknownColorless"],"picked":"sneckomod:Memorize","floor":23},{"not_picked":["sneckomod:UnknownVulnerable+1","sneckomod:UnknownStrength+1"],"picked":"sneckomod:UnknownDraw+1","floor":26},{"not_picked":["sneckomod:Unknown1Cost","sneckomod:IronFang","sneckomod:QuickBite"],"picked":"SKIP","floor":26},{"not_picked":["sneckomod:Unknown1Cost","sneckomod:IronFang"],"picked":"sneckomod:QuickBite","floor":26},{"not_picked":["sneckomod:UnknownExhaust+1","sneckomod:CheapStock"],"picked":"sneckomod:SnakeSap","floor":27},{"not_picked":["sneckomod:Unknown1Cost+1","sneckomod:UnknownStrength+1"],"picked":"sneckomod:UnknownUncommonPower+1","floor":28},{"not_picked":["sneckomod:UnknownDexterity","sneckomod:SoulRoll"],"picked":"sneckomod:Nope","floor":28},{"not_picked":["sneckomod:UnknownClassYOUMU_COLOR+1","sneckomod:UnknownRareSkill+1"],"picked":"sneckomod:Unknown3Cost+1","floor":29},{"not_picked":["sneckomod:UnknownBlock","sneckomod:UnknownCommonAttack+1","sneckomod:UnknownCommonSkill+1"],"picked":"SKIP","floor":29},{"not_picked":["sneckomod:Unknown0Cost+1","sneckomod:Unknown2Cost+1"],"picked":"sneckomod:UnknownRareAttack+1","floor":30},{"not_picked":["sneckomod:DiceCrush","sneckomod:UnknownBlock","sneckomod:RainOfDice"],"picked":"SKIP","floor":30},{"not_picked":["sneckomod:UnknownClassSILVER+1","sneckomod:UnknownClassYOUMU_COLOR+1"],"picked":"sneckomod:UnknownX+1","floor":31},{"not_picked":["sneckomod:Unknown2Cost","sneckomod:Unknown1Cost"],"picked":"sneckomod:SlitherStrike+1","floor":31},{"not_picked":["sneckomod:IronFang","sneckomod:DiceBlock","sneckomod:UnknownClassMARISA_COLOR"],"picked":"SKIP","floor":32},{"not_picked":["sneckomod:UnknownColorless+1","sneckomod:UnknownExhaust+1"],"picked":"sneckomod:UnknownX+1","floor":33},{"not_picked":["sneckomod:Unknown3Cost","sneckomod:MorePower"],"picked":"sneckomod:DangerNoodle","floor":33},{"not_picked":["sneckomod:UnknownClassSILVER+1"],"picked":"SKIP","floor":36},{"not_picked":["sneckomod:UnknownVulnerable+1","sneckomod:UnknownBoss+1"],"picked":"sneckomod:UnknownRareAttack+1","floor":37},{"not_picked":[],"picked":"sneckomod:PureSnecko","floor":37},{"not_picked":["sneckomod:UnknownStrike+1","sneckomod:UnknownClassYOUMU_COLOR+1"],"picked":"sneckomod:Unknown0Cost+1","floor":39},{"not_picked":["sneckomod:UnknownClassSILVER+1"],"picked":"SKIP","floor":39},{"not_picked":["sneckomod:UnknownDraw+1","sneckomod:UnknownVulnerable+1"],"picked":"sneckomod:UnknownRareSkill+1","floor":40},{"not_picked":["sneckomod:UnknownClassSILVER+1"],"picked":"SKIP","floor":40},{"not_picked":["sneckomod:UnknownStrike+1","sneckomod:UnknownDraw+1"],"picked":"sneckomod:UnknownBoss+1","floor":43},{"not_picked":[],"picked":"sneckomod:Unknown3Cost","floor":43},{"not_picked":["sneckomod:Unknown1Cost+1"],"picked":"SKIP","floor":45},{"not_picked":["sneckomod:Unknown1Cost+1","sneckomod:UnknownClassMARISA_COLOR+1"],"picked":"sneckomod:UnknownExhaust+1","floor":45},{"not_picked":["sneckomod:Unknown1Cost+1"],"picked":"SKIP","floor":45},{"not_picked":["sneckomod:UnknownDexterity+1","sneckomod:UnknownVulnerable+1"],"picked":"sneckomod:UnknownUncommonPower+1","floor":46},{"not_picked":[],"picked":"sneckomod:Nope","floor":46},{"not_picked":["sneckomod:UnknownWeak+1","sneckomod:Unknown1Cost+1"],"picked":"sneckomod:UnknownRareAttack+1","floor":47},{"not_picked":["sneckomod:QuickBite+1"],"picked":"SKIP","floor":47},{"not_picked":["sneckomod:DiceCrush"],"picked":"SKIP","floor":48},{"not_picked":[],"picked":"sneckomod:UnknownClassYOUMU_COLOR+1","floor":49},{"not_picked":["sneckomod:UnknownX+1","sneckomod:UnknownUncommonPower+1"],"picked":"sneckomod:UnknownRarePower+1","floor":52},{"not_picked":["sneckomod:SoulRoll"],"picked":"SKIP","floor":52}],"player_experience":858120,"relics_obtained":[{"floor":7.0,"key":"Dead Branch"},{"floor":11,"key":"Tiny Chest"},{"floor":13,"key":"Durian"},{"floor":30,"key":"Centennial Puzzle"},{"floor":30,"key":"Vajra"},{"floor":38,"key":"Turnip"},{"floor":40,"key":"Pear"},{"floor":40,"key":"The Courier"},{"floor":41,"key":"InkBottle"},{"floor":42,"key":"Bag of Preparation"},{"floor":43,"key":"Omamori"},{"floor":43,"key":"Replay:Wax Seal"},{"floor":45,"key":"bronze:DecasWashers"},{"floor":45,"key":"Anchor"},{"floor":52,"key":"Replay:Mystery Machine"},{"floor":52,"key":"Art of War"}],"event_choices":[],"is_beta":false,"boss_relics":[{"not_picked":["ChewingGum","Philosopher\u0027s Stone"],"picked":"Black Star"},{"not_picked":["Replay:Wanted Poster","Kintsugi"],"picked":"Busted Crown"}],"items_purged_floors":[4,21,23,44],"is_endless":false,"potions_floor_spawned":[2,11,13,14,15,20,22,26,28,31,32,33,36,37,43,48,49,52],"ascension_level":1}}