{"host":"py7qdianp3jrm8dm","time":1614437525,"event":{"mods":["AchievementEnabler","BaseMod","Bestiary","Highlight Path","Minty Spire (QoL Compilation)","Relic Stats","StSLib"],"gold_per_floor":[113,61,81,98,114,114,139,150,150,150,150,169,179,189,189,293,293,312,312,330,330,349,349,361,386,465,465,481,507,94,94,94,195,195,214,58,0,0,0,25,45,45,97,109,109,134,134,149,149,149,149,149,4,35,35,35],"floor_reached":55,"language":"ENG","playtime":3249,"items_purged":["Defend_P"],"score":1139,"play_id":"3bc0b047-9245-4636-83c8-d6685667df48","local_time":"20210227145205","is_ascension_mode":true,"campfire_choices":[{"data":"Wish","floor":6,"key":"SMITH"},{"data":"MentalFortress","floor":11,"key":"SMITH"},{"floor":15,"key":"REST"},{"data":"WindmillStrike","floor":23,"key":"SMITH"},{"data":"MentalFortress","floor":27,"key":"SMITH"},{"floor":32,"key":"REST"},{"floor":42,"key":"RECALL"},{"data":"Tantrum","floor":45,"key":"SMITH"},{"data":"Fasting2","floor":49,"key":"SMITH"},{"data":"SandsOfTime","floor":52,"key":"SMITH"}],"circlet_count":0,"master_deck":["Defend_P","Defend_P","Eruption","Vigilance","EmptyBody","MentalFortress+1","BowlingBash","Wish+1","MentalFortress+1","WindmillStrike+1","CutThroughFate","BowlingBash","Omniscience","Scrawl","Conclude+1","Wallop+1","CarveReality+1","SandsOfTime+1","J.A.X.","SandsOfTime+1","Protect+1","CarveReality+1","EmptyFist+1","Worship+1","Tantrum+1","Vault","EmptyMind","Study","Meditate","ThirdEye+1","Fasting2+1"],"relics":["Snecko Eye","Boot","InkBottle","Astrolabe","Gremlin Horn","White Beast Statue","Singing Bowl","Toolbox","Bottled Flame","Orichalcum","SlaversCollar","Red Mask","Bottled Lightning","Nunchaku","Whetstone","Thread and Needle"],"acts_visited":["Exordium","TheCity","TheBeyond","TheEnding"],"potions_floor_usage":[16,33,33,48,50,50,55,55],"damage_taken":[{"damage":6,"enemies":"2 Louse","floor":1,"turns":2},{"damage":0,"enemies":"Cultist","floor":3,"turns":4},{"damage":4,"enemies":"Small Slimes","floor":4,"turns":5},{"damage":10,"enemies":"Looter","floor":5,"turns":5},{"damage":17,"enemies":"3 Sentries","floor":7,"turns":8},{"damage":3,"enemies":"Blue Slaver","floor":8,"turns":5},{"damage":0,"enemies":"Large Slime","floor":12,"turns":3},{"damage":1,"enemies":"Red Slaver","floor":13,"turns":3},{"damage":0,"enemies":"2 Fungi Beasts","floor":14,"turns":2},{"damage":24,"enemies":"The Guardian","floor":16,"turns":11},{"damage":2,"enemies":"Shell Parasite","floor":18,"turns":3},{"damage":7,"enemies":"Chosen","floor":20,"turns":3},{"damage":2,"enemies":"3 Cultists","floor":22,"turns":3},{"damage":4,"enemies":"Shelled Parasite and Fungi","floor":24,"turns":2},{"damage":3,"enemies":"Book of Stabbing","floor":25,"turns":3},{"damage":0,"enemies":"Cultist and Chosen","floor":28,"turns":4},{"damage":14,"enemies":"Gremlin Leader","floor":29,"turns":4},{"damage":3,"enemies":"Collector","floor":33,"turns":4},{"damage":0,"enemies":"Orb Walker","floor":35,"turns":2},{"damage":0,"enemies":"Reptomancer","floor":40,"turns":2},{"damage":8,"enemies":"3 Shapes","floor":41,"turns":2},{"damage":0,"enemies":"Sphere and 2 Shapes","floor":44,"turns":1},{"damage":0,"enemies":"Nemesis","floor":46,"turns":1},{"damage":6,"enemies":"Transient","floor":48,"turns":6},{"damage":8,"enemies":"Time Eater","floor":50,"turns":4},{"damage":3,"enemies":"Shield and Spear","floor":54,"turns":4},{"damage":67,"enemies":"The Heart","floor":55,"turns":4}],"seed_played":"-6221270514352214295","potions_obtained":[{"floor":4,"key":"StancePotion"},{"floor":5,"key":"GamblersBrew"},{"floor":7,"key":"Energy Potion"},{"floor":16,"key":"DistilledChaos"},{"floor":24,"key":"DuplicationPotion"},{"floor":33,"key":"LiquidMemories"},{"floor":35,"key":"LiquidMemories"},{"floor":40,"key":"SteroidPotion"},{"floor":48,"key":"ColorlessPotion"},{"floor":54,"key":"AttackPotion"}],"is_trial":false,"path_per_floor":["M","$","M","M","M","R","E","M","T","?","R","M","M","M","R","B",null,"M","?","M","?","M","R","M","E","T","R","M","E","$","?","R","B",null,"M","$","?","?","?","E","M","R","T","M","R","E","?","M","R","B",null,"R","$","E","B"],"character_chosen":"WATCHER","items_purchased":["BlessingOfTheForge","Toolbox","Bottled Flame","Study","Whetstone"],"campfire_rested":2,"item_purchase_floors":[2,30,30,36,53],"current_hp_per_floor":[59,59,59,55,45,45,28,25,25,25,25,25,24,24,45,21,59,57,57,50,50,48,48,44,41,41,41,41,27,27,27,48,45,65,65,65,65,65,72,72,64,64,64,66,66,66,66,62,62,54,68,68,68,67,0,0],"gold":35,"neow_bonus":"BOSS_RELIC","is_daily":false,"chose_seed":false,"campfire_upgraded":7,"win_rate":0.0,"timestamp":1614437525,"path_taken":["M","$","M","M","M","R","E","M","T","?","R","M","?","M","R","BOSS","M","?","M","?","M","R","M","E","T","R","M","E","$","?","R","BOSS","M","$","?","?","?","E","M","R","T","?","R","E","?","M","R","BOSS","R","$","E","BOSS"],"items_purchased_type":["Potion","Relic","Relic","Card","Relic"],"build_version":"2020-12-22","purchased_purges":1,"victory":false,"max_hp_per_floor":[72,72,72,72,72,72,72,72,72,72,72,72,72,72,72,72,72,72,72,72,72,72,72,72,72,72,72,72,72,72,72,72,72,72,72,72,72,72,72,72,72,72,72,74,74,74,70,72,72,72,72,72,72,74,74,74],"relic_stats":{"Nunchaku":[4],"Gremlin Horn":[13,13],"Singing Bowl":6,"counters":[27,100],"Astrolabe":["Conclude","Wallop","CarveReality"],"Snecko Eye":[181,194,192,181],"Whetstone":["SandsOfTime","EmptyFist"],"Orichalcum":[36],"Boot":[3],"obtain_stats":[{"Gremlin Horn":25,"Singing Bowl":29,"Astrolabe":17,"Thread and Needle":54,"Whetstone":53,"Orichalcum":31,"Boot":7,"White Beast Statue":26,"SlaversCollar":34,"Bottled Flame":30,"Nunchaku":46,"Snecko Eye":0,"Toolbox":30,"Red Mask":37,"Bottled Lightning":40,"PureWater":0,"InkBottle":9},{"Gremlin Horn":15,"Singing Bowl":17,"Astrolabe":10,"Thread and Needle":26,"Whetstone":25,"Orichalcum":17,"Boot":5,"White Beast Statue":15,"SlaversCollar":18,"Bottled Flame":17,"Nunchaku":23,"Snecko Eye":0,"Toolbox":17,"Red Mask":19,"Bottled Lightning":20,"PureWater":0,"InkBottle":6},{"Gremlin Horn":62,"Singing Bowl":70,"Astrolabe":48,"Thread and Needle":96,"Whetstone":92,"Orichalcum":70,"Boot":24,"White Beast Statue":62,"SlaversCollar":74,"Bottled Flame":70,"Nunchaku":82,"Snecko Eye":0,"Toolbox":70,"Red Mask":76,"Bottled Lightning":78,"PureWater":0,"InkBottle":29}],"InkBottle":[27]},"card_choices":[{"not_picked":["Halt","Prostrate"],"picked":"EmptyBody","floor":1},{"not_picked":["FlurryOfBlows","JustLucky"],"picked":"MentalFortress","floor":3},{"not_picked":["Halt","FearNoEvil"],"picked":"BowlingBash","floor":4},{"not_picked":["ClearTheMind","Nirvana"],"picked":"Wish","floor":5},{"not_picked":["JustLucky","Consecrate"],"picked":"MentalFortress","floor":7},{"not_picked":["BattleHymn","EmptyBody"],"picked":"WindmillStrike","floor":8},{"not_picked":["CrushJoints","Halt"],"picked":"CutThroughFate","floor":12},{"not_picked":["Protect","Crescendo"],"picked":"BowlingBash","floor":13},{"not_picked":["Study","EmptyFist"],"picked":"Omniscience","floor":14},{"not_picked":["MasterReality","SpiritShield"],"picked":"Scrawl","floor":16},{"not_picked":["Protect","Halt"],"picked":"SandsOfTime","floor":18},{"not_picked":["Protect","FlyingSleeves"],"picked":"SandsOfTime","floor":20},{"not_picked":["EmptyMind","PathToVictory"],"picked":"Protect+1","floor":22},{"not_picked":["Pray+1","Vengeance"],"picked":"CarveReality+1","floor":24},{"not_picked":["Consecrate","CrushJoints+1"],"picked":"EmptyFist","floor":25},{"not_picked":["CutThroughFate","Nirvana"],"picked":"Worship+1","floor":28},{"not_picked":["FlurryOfBlows","ForeignInfluence"],"picked":"Tantrum","floor":29},{"not_picked":["Brilliance","Wish"],"picked":"Vault","floor":33},{"not_picked":["ForeignInfluence","SashWhip+1"],"picked":"EmptyMind","floor":35},{"not_picked":["ThirdEye","WreathOfFlame+1"],"picked":"Meditate","floor":40},{"not_picked":["Collect+1","Prostrate"],"picked":"ThirdEye+1","floor":41},{"not_picked":["SashWhip+1","Vengeance","CutThroughFate+1"],"picked":"Singing Bowl","floor":44},{"not_picked":["CutThroughFate+1","SandsOfTime"],"picked":"Fasting2","floor":46},{"not_picked":["BowlingBash+1","Consecrate","Protect+1"],"picked":"Singing Bowl","floor":48},{"not_picked":["Nirvana","ClearTheMind+1","Meditate"],"picked":"Singing Bowl","floor":54}],"player_experience":605960,"relics_obtained":[{"floor":7,"key":"Boot"},{"floor":9,"key":"InkBottle"},{"floor":25,"key":"Gremlin Horn"},{"floor":26,"key":"White Beast Statue"},{"floor":29,"key":"Singing Bowl"},{"floor":40,"key":"Bottled Lightning"},{"floor":46,"key":"Nunchaku"},{"floor":54,"key":"Thread and Needle"}],"event_choices":[{"cards_removed":["Strike_P"],"damage_healed":0,"gold_gain":0,"player_choice":"Purged","damage_taken":0,"max_hp_gain":0,"max_hp_loss":0,"event_name":"Purifier","floor":10,"gold_loss":0},{"damage_healed":0,"gold_gain":0,"player_choice":"Obtain J.A.X.","damage_taken":0,"max_hp_gain":0,"max_hp_loss":0,"event_name":"Drug Dealer","floor":19,"gold_loss":0,"cards_obtained":["J.A.X."]},{"cards_removed":["Defend_P"],"damage_healed":0,"gold_gain":0,"player_choice":"Elegance","damage_taken":0,"max_hp_gain":0,"max_hp_loss":0,"event_name":"Back to Basics","floor":21,"gold_loss":0},{"damage_healed":0,"gold_gain":0,"player_choice":"Opened","damage_taken":0,"relics_obtained":["Orichalcum"],"max_hp_gain":0,"max_hp_loss":0,"event_name":"The Mausoleum","floor":31,"gold_loss":0},{"damage_healed":0,"gold_gain":0,"player_choice":"Paid","damage_taken":0,"relics_obtained":["Red Mask"],"max_hp_gain":0,"max_hp_loss":0,"event_name":"Tomb of Lord Red Mask","floor":37,"gold_loss":58},{"damage_healed":0,"gold_gain":0,"player_choice":"Ignored","damage_taken":0,"max_hp_gain":0,"max_hp_loss":0,"event_name":"Mysterious Sphere","floor":38,"gold_loss":0},{"damage_healed":7,"gold_gain":0,"player_choice":"Full Heal","damage_taken":0,"max_hp_gain":0,"max_hp_loss":0,"event_name":"Wheel of Change","floor":39,"gold_loss":0},{"damage_healed":0,"gold_gain":0,"player_choice":"Max HP","damage_taken":0,"max_hp_gain":0,"max_hp_loss":4,"event_name":"Winding Halls","floor":47,"gold_loss":0}],"is_beta":false,"boss_relics":[{"not_picked":["Busted Crown","Pandora\u0027s Box"],"picked":"Astrolabe"},{"not_picked":["VioletLotus","Black Star"],"picked":"SlaversCollar"}],"items_purged_floors":[36],"is_endless":false,"potions_floor_spawned":[4,5,7,13,16,18,24,28,29,33,35,40,41,44,46,48,54],"killed_by":"The Heart","ascension_level":7}}