{"host":"jsd6g3c2vo13e69c","time":1614461624,"event":{"mods":["2.2 Compatiblity","Act Like it!","BaseMod","Better Altar","Better Match","Better Note","Better Sensory Stone","Better Third Choice","BetterRewards","Colored Map","Colored Powertips","Downfall","Friendly Minions","GifTheSpireLib","Googly Eyes","Gremlin Mod","Hermit","Hubris","Infinite Spire","Melee Mod","Minty Spire (QoL Compilation)","Permanent Neow","Quick Restart","Random Character Button","Replay The Spire","Shop Mod","Spire Arcade","StSLib","The Cursed","The Disciple","The Forsaken","thorton"],"gold_per_floor":[99,115,115,138,152,161,212,230,264,64,58,86,86,86,111,217,217,217,255,290,290,290,312,391,400,424,424,424,424,424],"floor_reached":28,"language":"ENG","playtime":1443,"items_purged":[],"score":218,"play_id":"9f667dfc-1c6e-4ccd-ac92-c9a6cd2d9ebc","local_time":"20210227163344","is_ascension_mode":false,"campfire_choices":[{"data":"hexamod:Sear","floor":1.0,"key":"SMITH"},{"data":"hexamod:Rewind","floor":10.0,"key":"SMITH"},{"data":"hexamod:Float","floor":13.0,"key":"SMITH"},{"data":"hexamod:BurningTouch","floor":18.0,"key":"SMITH"},{"data":"hexamod:SoulSteal","floor":27,"key":"SMITH"}],"circlet_count":0,"master_deck":["hexamod:Strike","hexamod:Strike","hexamod:Strike+1","hexamod:Strike","hexamod:Defend","hexamod:Defend+1","hexamod:Defend","hexamod:Defend","hexamod:Sear+1","hexamod:Float+1","Bandage Up","hexamod:FirstSeal","hexamod:Rewind+1","hexamod:ApocalypseNow","hexamod:FastForward","hexamod:BurningTouch","hexamod:BurningTouch+1","hexamod:FifthSeal","hexamod:SixthSeal","hexamod:SoulSteal+1","hexamod:ThirdSeal","hexamod:FastForward","hexamod:SecondSeal","RitualDagger+1","hexamod:SoulSteal+1"],"relics":["hexamod:SpiritBrand","CeramicFish","hubris:TinFlute","downfall:HeartBlessingBlue","downfall:HeartBlessingGreen","hubris:Icosahedron","Omamori","The Courier"],"acts_visited":["Exordium","TheCity"],"potions_floor_usage":[28],"damage_taken":[{"damage":0.0,"enemies":"Small Slimes","floor":2.0,"turns":3.0},{"damage":5.0,"enemies":"Jaw Worm","floor":5.0,"turns":4.0},{"damage":0.0,"enemies":"Cultist","floor":6.0,"turns":1.0},{"damage":20.0,"enemies":"Exordium Thugs","floor":8.0,"turns":6.0},{"damage":37.0,"enemies":"3 Sentries","floor":9.0,"turns":12.0},{"damage":0.0,"enemies":"downfall:FleeingMerchant","floor":11.0,"turns":4.0},{"damage":20.0,"enemies":"Large Slime","floor":12.0,"turns":5.0},{"damage":2.0,"enemies":"Red Slaver","floor":15.0,"turns":3.0},{"damage":20.0,"enemies":"SI_SHIV_ARCHETYPE","floor":16.0,"turns":9.0},{"damage":26.0,"enemies":"Chosen","floor":19.0,"turns":6.0},{"damage":16.0,"enemies":"Spheric Guardian","floor":20.0,"turns":5.0},{"damage":16.0,"enemies":"Shelled Parasite and Fungi","floor":23.0,"turns":3.0},{"damage":33,"enemies":"3 Cultists","floor":26,"turns":5},{"damage":48,"enemies":"Cultist and Chosen","floor":28,"turns":6}],"seed_played":"3932469502885531802","potions_obtained":[{"floor":2.0,"key":"hexamod:SoulburnPotion"},{"floor":8.0,"key":"Guardian:BlockOnCardUsePotion"},{"floor":9.0,"key":"PowerPotion"},{"floor":12.0,"key":"Strength Potion"},{"floor":15.0,"key":"sneckomod:MuddlingPotion"},{"floor":20.0,"key":"Strength Potion"},{"floor":25.0,"key":"CultistPotion"}],"is_trial":false,"path_per_floor":["R","M","?","T","M","M","T","M","E","R","$","M","R","?","M","B",null,"R","M","M","?","?","M","T","?","M","R","M"],"character_chosen":"THE_SPIRIT","items_purchased":[],"campfire_rested":0,"item_purchase_floors":[],"current_hp_per_floor":[70,70,70,70,70,70,70,61,35,45,56,47,47,47,56,47,80,80,61,56,56,56,47,47,47,25,25,0,0,0],"gold":424,"neow_bonus":"RANDOM_COLORLESS","is_daily":false,"chose_seed":false,"campfire_upgraded":5,"win_rate":0.0,"timestamp":1614461624,"path_taken":["R","M","?","?","M","M","T","?","E","R","?","?","R","?","M","BOSS","R","M","M","?","?","M","T","?","M","R","M"],"items_purchased_type":[],"build_version":"2020-12-22","purchased_purges":0,"victory":false,"max_hp_per_floor":[70,70,70,70,70,70,70,70,70,80,80,80,80,80,80,80,80,80,80,80,80,80,80,80,80,80,80,80,80,80],"card_choices":[{"not_picked":["PanicButton","Dark Shackles"],"picked":"Bandage Up","floor":0.0},{"not_picked":["hexamod:GhostflameBarrier","hexamod:EtherealExpedition"],"picked":"hexamod:FirstSeal","floor":2.0},{"not_picked":["hexamod:ThermalTransfer","hexamod:FastForward","hexamod:AdvancingGuard"],"picked":"SKIP","floor":5.0},{"not_picked":["hexamod:HeatMetal","hexamod:GhostLash"],"picked":"hexamod:Rewind","floor":6.0},{"not_picked":["hexamod:SpectersWail","hexamod:WildfireWeapon","hexamod:BacktrackSmack"],"picked":"SKIP","floor":8.0},{"not_picked":["hexamod:HeatCrush","hexamod:Haunt"],"picked":"hexamod:ApocalypseNow","floor":9.0},{"not_picked":["hexamod:NightmareStrike","hexamod:Firestarter"],"picked":"hexamod:FastForward","floor":11.0},{"not_picked":["hexamod:CatchUp","hexamod:GhostflameBarrier"],"picked":"hexamod:BurningTouch","floor":12.0},{"not_picked":["hexamod:FlameSwitch","hexamod:ThermalTransfer"],"picked":"hexamod:BurningTouch","floor":15.0},{"not_picked":["hexamod:GhostflameInferno","hexamod:UnlimitedPower"],"picked":"hexamod:FifthSeal","floor":16.0},{"not_picked":["hexamod:FirstSeal","hexamod:ThirdSeal"],"picked":"hexamod:SixthSeal","floor":19.0},{"not_picked":["hexamod:AdvancingGuard","hexamod:CatchUp"],"picked":"hexamod:SoulSteal+1","floor":19.0},{"not_picked":["hexamod:FourthSeal","hexamod:SixthSeal"],"picked":"hexamod:ThirdSeal","floor":20.0},{"not_picked":["hexamod:ThermalTransfer","hexamod:NecessarySacrifice+1"],"picked":"hexamod:FastForward","floor":20.0},{"not_picked":["hexamod:ThirdSeal","hexamod:SixthSeal"],"picked":"hexamod:SecondSeal","floor":23.0},{"not_picked":["hexamod:UnlimitedPower","hexamod:GhostLash","hexamod:ShieldOfDarkness"],"picked":"SKIP","floor":23.0},{"not_picked":["hexamod:NightmareStrike+1","hexamod:StepThrough+1"],"picked":"hexamod:SoulSteal","floor":26},{"not_picked":["hexamod:AdvancingGuard","hexamod:ShieldOfDarkness","hexamod:Haunt"],"picked":"SKIP","floor":26}],"player_experience":553277,"relics_obtained":[{"floor":4.0,"key":"CeramicFish"},{"floor":9.0,"key":"hubris:TinFlute"},{"floor":24.0,"key":"The Courier"}],"event_choices":[{"damage_healed":0.0,"max_hp_gain":0.0,"max_hp_loss":0.0,"gold_gain":0.0,"event_name":"betterNote:BetterNote","player_choice":"Ignored","floor":21.0,"gold_loss":0.0,"damage_taken":0.0,"cards_obtained":["HandOfGreed"]}],"is_beta":false,"boss_relics":[{"not_picked":["Replay:Bronze Core","Runic Dome","ChewingGum"]}],"items_purged_floors":[],"is_endless":false,"potions_floor_spawned":[2,8,9,12,15,20,26],"killed_by":"Cultist and Chosen","ascension_level":0}}