{"host":"zmr8u29ebzxwermy","time":1614411853,"event":{"mods":["BaseMod","BetterRewards","Colored Map","DeckTracker","Minty Spire (QoL Compilation)","Quick Restart","Shop Mod","StSLib","SuperFastMode","The Runesmith","everything is the same but u backflip on backflip"],"gold_per_floor":[112,130,80,255,270,270,299,299,299,299,299,360,360,386,386,488,488,498,498,80,97,113,113,146,61,88,88,107,135,135,183,183,285,285,304,160,170,170,71,71,89,114,164,164,164,164,214,268,268,268,268,268,30,64,64],"floor_reached":56,"language":"KOR","playtime":2346,"items_purged":["Runesmith:Defend_RS","Doubt"],"score":1495,"play_id":"3da83665-4201-42fc-b51a-4f9817a1dfc3","local_time":"20210227164413","is_ascension_mode":false,"campfire_choices":[{"data":"Runesmith:CraftFirestone","floor":6.0,"key":"SMITH"},{"data":"Runesmith:Fortify","floor":8.0,"key":"SMITH"},{"data":"Runesmith:CraftProtectio","floor":11.0,"key":"SMITH"},{"data":"Runesmith:CraftMagma","floor":13.0,"key":"SMITH"},{"floor":15.0,"key":"REST"},{"data":"Runesmith:Superposition","floor":23.0,"key":"SMITH"},{"data":"Runesmith:ReplicatingBarrier","floor":27.0,"key":"SMITH"},{"data":"Runesmith:LithiumIon","floor":30.0,"key":"SMITH"},{"floor":32.0,"key":"REST"},{"data":"Runesmith:BackupBattery","floor":40.0,"key":"SMITH"},{"data":"Runesmith:HeatExchange","floor":44.0,"key":"SMITH"},{"floor":46,"key":"RECALL"},{"data":"Runesmith:EarthShield","floor":49,"key":"SMITH"},{"data":"Runesmith:Defend_RS","floor":52,"key":"SMITH"}],"circlet_count":0,"master_deck":["Runesmith:Defend_RS+1","Runesmith:CraftFirestone+1","Runesmith:Fortify+1","Runesmith:CraftMagma+1","Runesmith:CraftProtectio+1","Runesmith:EarthShield+1","Runesmith:HeatExchange+1","Runesmith:BackupBattery+1","Runesmith:ReplicatingBarrier+1","Runesmith:NanitesCloud+1","Runesmith:ChaoticBlast+1","Runesmith:Grindstone+1","Runesmith:RuneHurl","Runesmith:LithiumIon+1","Runesmith:Superposition+1","Runesmith:PoweredAnvil+1","Runesmith:PoweredAnvil+1"],"relics":["Runesmith:BrokenRuby","Prayer Wheel","Happy Flower","Juzu Bracelet","Eternal Feather","Bronze Scales","Tiny Chest","Astrolabe","Incense Burner","Mummified Hand","Lantern","CeramicFish","Red Mask","Regal Pillow","Philosopher\u0027s Stone","Boot","Akabeko","Torii","Vajra","DollysMirror","Art of War"],"acts_visited":["Exordium","TheCity","TheBeyond","TheEnding"],"potions_floor_usage":[50],"damage_taken":[{"damage":0.0,"enemies":"Cultist","floor":1.0,"turns":3.0},{"damage":0.0,"enemies":"Small Slimes","floor":2.0,"turns":3.0},{"damage":0.0,"enemies":"Jaw Worm","floor":5.0,"turns":4.0},{"damage":21.0,"enemies":"3 Sentries","floor":7.0,"turns":7.0},{"damage":10.0,"enemies":"3 Sentries","floor":12.0,"turns":6.0},{"damage":3.0,"enemies":"Lagavulin","floor":14.0,"turns":5.0},{"damage":22.0,"enemies":"Hexaghost","floor":16.0,"turns":9.0},{"damage":4.0,"enemies":"Spheric Guardian","floor":18.0,"turns":5.0},{"damage":2.0,"enemies":"2 Thieves","floor":21.0,"turns":3.0},{"damage":13.0,"enemies":"Sentry and Sphere","floor":22.0,"turns":6.0},{"damage":19.0,"enemies":"Gremlin Leader","floor":24.0,"turns":7.0},{"damage":0.0,"enemies":"3 Cultists","floor":28.0,"turns":4.0},{"damage":19.0,"enemies":"Masked Bandits","floor":29.0,"turns":4.0},{"damage":1.0,"enemies":"Automaton","floor":33.0,"turns":9.0},{"damage":7.0,"enemies":"3 Darklings","floor":35.0,"turns":6.0},{"damage":8.0,"enemies":"3 Shapes","floor":37.0,"turns":3.0},{"damage":5.0,"enemies":"Transient","floor":41.0,"turns":5.0},{"damage":0.0,"enemies":"Reptomancer","floor":42.0,"turns":7.0},{"damage":15,"enemies":"Mind Bloom Boss Battle","floor":47,"turns":6},{"damage":20,"enemies":"Awakened One","floor":50,"turns":13},{"damage":29,"enemies":"Shield and Spear","floor":54,"turns":6},{"damage":77,"enemies":"The Heart","floor":55,"turns":12}],"seed_played":"1288457080124346665","potions_obtained":[{"floor":1.0,"key":"DuplicationPotion"},{"floor":2.0,"key":"LiquidBronze"},{"floor":14.0,"key":"SkillPotion"},{"floor":24.0,"key":"Dexterity Potion"}],"is_trial":false,"path_per_floor":["M","M","?","?","M","R","E","R","T","?","R","?","R","E","R","B",null,"M","?","$","M","M","R","E","?","T","R","M","?","R","T","R","B",null,"M","$","M","?","$","R","M","E","T","R","?","R","?","T","R","B",null,"R","$","E","B",null],"character_chosen":"RUNESMITH_CLASS","items_purchased":["Runesmith:CraftMagma","Prayer Wheel","Happy Flower","Incense Burner","FairyPotion","Runesmith:LithiumIon","Boot","FairyPotion","DollysMirror"],"campfire_rested":2,"item_purchase_floors":[0,0,0,20,20,20,36,39,53],"current_hp_per_floor":[63,63,63,63,63,63,42,42,42,42,48,38,44,41,68,46,70,66,66,66,64,51,60,41,41,41,50,50,31,40,40,70,69,70,63,63,55,55,55,64,59,59,59,68,68,70,55,55,64,44,70,70,70,41,21],"gold":64,"neow_bonus":"","is_daily":false,"chose_seed":false,"campfire_upgraded":11,"win_rate":0.0,"timestamp":1614411853,"path_taken":["M","M","?","?","M","R","E","R","T","?","R","?","R","E","R","BOSS","M","?","$","M","M","R","E","?","T","R","M","?","R","?","R","BOSS","M","$","M","?","$","R","M","E","T","R","?","R","?","?","R","BOSS","R","$","E","BOSS"],"items_purchased_type":["Card","Relic","Relic","Relic","Potion","Card","Relic","Potion","Relic"],"build_version":"2020-12-22","purchased_purges":2,"victory":true,"max_hp_per_floor":[70,70,70,70,70,70,70,70,70,70,70,70,70,70,70,70,70,70,70,70,70,70,70,70,70,70,70,70,70,70,70,70,70,70,70,70,70,70,70,70,70,70,70,70,70,70,70,70,70,70,70,70,70,70,70],"card_choices":[{"not_picked":["Runesmith:Grindstone","Runesmith:NanitesCloud"],"picked":"Runesmith:CraftProtectio","floor":1.0},{"not_picked":["Runesmith:Overpower","Runesmith:StaticCage","Runesmith:EnergizedChisel"],"picked":"SKIP","floor":1.0},{"not_picked":["Runesmith:EnergizedChisel","Runesmith:CraftProtectio"],"picked":"Runesmith:EarthShield","floor":2.0},{"not_picked":["Runesmith:CraftProtectio","Runesmith:StaticCage"],"picked":"Runesmith:HeatExchange","floor":5.0},{"not_picked":["Runesmith:UnlimitedPower","Runesmith:Repurpose","Runesmith:CraftProtectio"],"picked":"SKIP","floor":5.0},{"not_picked":["Runesmith:Repurpose","Runesmith:Discharge","Runesmith:MakeshiftArmor"],"picked":"SKIP","floor":7.0},{"not_picked":["Runesmith:MetallurgicalResearch","Runesmith:FissionHammer"],"picked":"Runesmith:ReplicatingBarrier","floor":16.0},{"not_picked":["Runesmith:Refine","Runesmith:ChaoticBlast+1"],"picked":"Runesmith:RuneHurl","floor":18.0},{"not_picked":["Runesmith:CraftProtectio","Runesmith:Overpower","Runesmith:HammerAndChisel+1"],"picked":"SKIP","floor":18.0},{"not_picked":["Runesmith:RuneHurl","Runesmith:DoubleUp+1"],"picked":"Runesmith:Superposition","floor":22.0},{"not_picked":["Runesmith:Firewall","Runesmith:CraftVitae","Runesmith:NegativeSpace"],"picked":"SKIP","floor":24.0},{"not_picked":["Runesmith:MakeshiftArmor","Runesmith:EarthShield+1","Runesmith:PoweredAnvil"],"picked":"SKIP","floor":28.0},{"not_picked":["Runesmith:CraftSpiculum","Runesmith:RunicBlueprint","Runesmith:MetallurgicalResearch"],"picked":"SKIP","floor":28.0},{"not_picked":["Runesmith:BackupBattery+1","Runesmith:CraftProtectio+1"],"picked":"Runesmith:PoweredAnvil+1","floor":35.0},{"not_picked":["Runesmith:RuneHurl","Runesmith:HammerTime+1","Runesmith:Prism+1"],"picked":"SKIP","floor":54}],"player_experience":421409,"relics_obtained":[{"floor":7.0,"key":"Juzu Bracelet"},{"floor":9.0,"key":"Eternal Feather"},{"floor":12.0,"key":"Bronze Scales"},{"floor":14.0,"key":"Tiny Chest"},{"floor":24.0,"key":"Mummified Hand"},{"floor":26.0,"key":"CeramicFish"},{"floor":29.0,"key":"Red Mask"},{"floor":31.0,"key":"Regal Pillow"},{"floor":42.0,"key":"Akabeko"},{"floor":47,"key":"Torii"},{"floor":48,"key":"Vajra"},{"floor":54,"key":"Art of War"}],"event_choices":[{"cards_removed":["Runesmith:Defend_RS"],"damage_healed":0.0,"max_hp_gain":0.0,"max_hp_loss":0.0,"gold_gain":0.0,"event_name":"The Cleric","player_choice":"Card Removal","floor":3.0,"gold_loss":50.0,"damage_taken":0.0},{"damage_healed":0.0,"max_hp_gain":0.0,"max_hp_loss":0.0,"gold_gain":175.0,"event_name":"Liars Game","player_choice":"AGREE","floor":4.0,"gold_loss":0.0,"damage_taken":0.0,"cards_obtained":["Doubt"]},{"damage_healed":0.0,"max_hp_gain":0.0,"max_hp_loss":0.0,"gold_gain":0.0,"cards_transformed":["Runesmith:Strike_RS"],"event_name":"Living Wall","player_choice":"Change","floor":10.0,"gold_loss":0.0,"damage_taken":0.0,"cards_obtained":["Runesmith:BackupBattery"]},{"damage_healed":0.0,"max_hp_gain":0.0,"max_hp_loss":0.0,"gold_gain":0.0,"event_name":"Dead Adventurer","player_choice":"Searched \u00271\u0027 times","floor":12.0,"gold_loss":0.0,"damage_taken":0.0},{"damage_healed":0.0,"max_hp_gain":0.0,"max_hp_loss":0.0,"gold_gain":0.0,"event_name":"Vampires","player_choice":"Ignored","floor":19.0,"gold_loss":0.0,"damage_taken":0.0},{"damage_healed":0.0,"max_hp_gain":0.0,"max_hp_loss":0.0,"gold_gain":0.0,"event_name":"Addict","player_choice":"Obtained Relic","floor":25.0,"gold_loss":85.0,"damage_taken":0.0,"relics_obtained":["Lantern"]},{"damage_healed":0.0,"max_hp_gain":0.0,"max_hp_loss":0.0,"gold_gain":0.0,"event_name":"Masked Bandits","player_choice":"Fought Bandits","floor":29.0,"gold_loss":0.0,"damage_taken":0.0},{"cards_removed":["Runesmith:Strike_RS"],"damage_healed":0.0,"max_hp_gain":0.0,"max_hp_loss":0.0,"gold_gain":0.0,"event_name":"Falling","player_choice":"Removed Attack","floor":38.0,"gold_loss":0.0,"damage_taken":0.0},{"damage_healed":0,"gold_gain":0,"player_choice":"Memory 1","damage_taken":0,"max_hp_gain":0,"max_hp_loss":0,"event_name":"SensoryStone","floor":45,"gold_loss":0},{"damage_healed":0,"gold_gain":0,"player_choice":"Fight","damage_taken":0,"max_hp_gain":0,"max_hp_loss":0,"event_name":"MindBloom","floor":47,"gold_loss":0}],"is_beta":false,"boss_relics":[{"not_picked":["Pandora\u0027s Box","Coffee Dripper"],"picked":"Astrolabe"},{"not_picked":["Black Star","SlaversCollar"],"picked":"Philosopher\u0027s Stone"}],"items_purged_floors":[0,53],"is_endless":false,"potions_floor_spawned":[1,2,14,18,24,41,47],"ascension_level":0}}