{"host":"njruw0b0uprlitpx","time":1614413420,"event":{"mods":["2.2 Compatiblity","Bartender","BaseMod","Better Altar","Better Match","Better Note","Better Sensory Stone","Better Skull","Better Third Choice","BetterRewards","Block Reminder","Colored Map","Colored Powertips","Curses Come First","Ekko","Energized Spire","Jedi Mod","Keyboard Shortcuts","Magitek Elite","Minty Spire (QoL Compilation)","Quick Restart","Rare Cards Sparkle","Relic Stats","Replay The Spire","SacredBarkPlus","Spicy Shops","StSLib","SuperFastMode","The Blackbeard","The Mystic"],"gold_per_floor":[144,189,765,110,155,155,245,245,270,360,330,375,1,1,1,366,366,431,371,441,441,541,466,6,6,6,151,415,545,41,126,126,471,471,576,576,576,626],"floor_reached":39,"language":"ENG","playtime":2621,"items_purged":["Defend_Bartender","Replay:Hysterical Blindness","ReplayTheSpireMod:Restless Dread","Defend_Bartender"],"score":998,"play_id":"f82aaf05-c828-449c-8c44-ee1389bda909","local_time":"20210227021020","daily_mods":["Cursed Run","Vintage","Midas"],"is_ascension_mode":false,"campfire_choices":[{"floor":6,"key":"REST"},{"floor":8,"key":"REST"},{"floor":15,"key":"REST"},{"floor":32,"key":"DIG"}],"circlet_count":0,"master_deck":["Strike_Bartender+1","Strike_Bartender","Strike_Bartender","Strike_Bartender","Defend_Bartender","Defend_Bartender","Somersault+1","Wall_of_Ice","Momentum+1","Stick_and_Move","Ripple","Scowl","Ball_Of_Ice","Axe_Heel_Kick+1","Form_Shift+1","Rope_A_Dope+1","RockBreaker+","Hook","Combo_Master+1","OpoOpo_Form+1","Form_Shift+1","Languid","Dolphin_Blow+1","AscendersBane","Raptor_Form+1","CommonCold"],"relics":["Cursed Key","Darkstone Periapt","Du-Vu Doll","Sneakers","Replay:Bottled Flurry","Blue Doll","Genji_Glove","jedi:heavyjacket","Golden Egg","ReplayTheSpireMod:Ninjato","Whetstone","CaptainsWheel","Replay:Bandana","Toxic Egg 2","Cowboy_Hat","ReplayTheSpireMod:DimensionalGlitch","Incense Burner","Replay:Multitool","Calipers","Pen Nib","Replay:Baseball","Bottled Lightning","Ornamental Fan","Thread and Needle","DollysMirror","The Courier","Kunai","energizedSpire:RedRose","Akabeko"],"acts_visited":["Exordium","TheCity","TheBeyond"],"potions_floor_usage":[16,38,38,38],"damage_taken":[{"damage":0.0,"enemies":"Small Slimes","floor":1.0,"turns":3.0},{"damage":0,"enemies":"Cultist","floor":2,"turns":2},{"damage":0,"enemies":"2 Louse","floor":5,"turns":2},{"damage":0,"enemies":"3 Sentries","floor":7,"turns":4},{"damage":0,"enemies":"Replay:BlueRogue","floor":10,"turns":2},{"damage":0,"enemies":"Large Slime","floor":12,"turns":2},{"damage":24,"enemies":"The Guardian","floor":16,"turns":7},{"damage":0,"enemies":"Spheric Guardian","floor":18,"turns":1},{"damage":0,"enemies":"Shell Parasite","floor":20,"turns":2},{"damage":0,"enemies":"Centurion and Healer","floor":22,"turns":2},{"damage":0,"enemies":"Book of Stabbing","floor":27,"turns":2},{"damage":0,"enemies":"Replay:Snechameleon","floor":29,"turns":2},{"damage":0,"enemies":"3 Cultists","floor":31,"turns":3},{"damage":0,"enemies":"Collector","floor":33,"turns":3},{"damage":8,"enemies":"3 Darklings","floor":35,"turns":3},{"damage":1,"enemies":"Donu and Deca","floor":38,"turns":3}],"seed_played":"-2463471341485849212","potions_obtained":[{"floor":1.0,"key":"BlessingOfTheForge"},{"floor":2,"key":"GamblersBrew"},{"floor":11,"key":"CultistPotion"},{"floor":11,"key":"Death Potion"},{"floor":22,"key":"Fire Potion"}],"is_trial":false,"path_per_floor":["M","M","?","$","M","R","E","R","T","E","?","M","$","T","R","B",null,"M","?","M","?","M","R","$","R","T","E","R","E","$","M","R","B",null,"M","?","?","B",null],"character_chosen":"BARTENDER","items_purchased":["Genji_Glove","Momentum","Stick_and_Move","Ripple","jedi:heavyjacket","Block Potion","Toxic Egg 2","Axe_Heel_Kick","Pen Nib","Replay:Baseball","Rope_A_Dope+1","Adrenaline Potion","RockBreaker","OpoOpo_Form","DollysMirror"],"campfire_rested":3,"item_purchase_floors":[4,4,4,4,4,4,13,13,24,24,24,24,24,30,30],"current_hp_per_floor":[70,70,42,42,42,63,63,70,76,76,76,76,76,82,82,64,88,88,88,88,88,88,88,88,88,94,94,94,94,94,94,94,100,100,92,98,98,103],"gold":626,"neow_bonus":"","is_daily":true,"chose_seed":false,"campfire_upgraded":0,"win_rate":0.0,"timestamp":1614413420,"path_taken":["M","M","?","$","M","R","E","R","T","E","?","?","$","?","R","BOSS","M","?","M","?","M","R","$","R","T","E","R","E","$","M","R","BOSS","M","?","?","BOSS"],"items_purchased_type":["Relic","Card","Card","Card","Relic","Potion","Relic","Card","Relic","Relic","Card","Potion","Card","Card","Relic"],"build_version":"2020-12-22","purchased_purges":4,"victory":true,"max_hp_per_floor":[70,70,70,70,70,70,70,70,76,76,76,76,76,82,82,88,88,88,88,88,88,88,88,88,88,94,94,94,94,94,94,94,100,100,100,106,106,112],"relic_stats":{"Darkstone Periapt":42,"counters":[29,123],"Ornamental Fan":[40],"Pen Nib":[5],"Whetstone":["Strike_Bartender","Somersault"],"Kunai":[6],"Cursed Key":3,"obtain_stats":[{"Golden Egg":26,"aspiration:Lifesprig":43,"CeramicFish":25,"Bag of Preparation":28,"aspiration:RitualStick":25,"Replay:Rubber Ducky":9,"Dream Catcher":4,"Matryoshka":26,"jedi:paperlyon":17,"Pantograph":23,"jedi:paperfaux":3,"jedi:cryingmask":12,"Prayer Wheel":42,"Necronomicon":22,"Replay:Bottled Snecko":48,"Cracked Core":0,"Replay:Bottled Steam":9,"BargainBundle":48,"Lee\u0027s Waffle":21,"Golden Idol":2,"ReplayTheSpireMod:CursedCoin":3,"Quantum Egg":43,"Counterbalance":45,"jedi:purplefairy":0,"PreservedInsect":5,"energizedSpire:StickyHand":34,"Frozen Egg 2":0,"CaptainsWheel":31,"Replay:Baseball":20,"Busted Crown":17,"Art of War":27,"aspiration:HatOfInfinitePower":48,"Toy Ornithopter":28,"TungstenRod":0},{"Golden Egg":26,"aspiration:Lifesprig":13,"CeramicFish":26,"Bag of Preparation":8,"aspiration:RitualStick":8,"Replay:Rubber Ducky":2,"Dream Catcher":1,"Matryoshka":8,"jedi:paperlyon":6,"Pantograph":25,"jedi:paperfaux":1,"jedi:cryingmask":4,"Prayer Wheel":13,"Necronomicon":8,"Replay:Bottled Snecko":14,"Cracked Core":0,"Replay:Bottled Steam":19,"BargainBundle":14,"Lee\u0027s Waffle":23,"Golden Idol":1,"ReplayTheSpireMod:CursedCoin":1,"Quantum Egg":13,"Counterbalance":14,"jedi:purplefairy":0,"PreservedInsect":18,"energizedSpire:StickyHand":10,"Frozen Egg 2":15,"CaptainsWheel":9,"Replay:Baseball":23,"Busted Crown":21,"Art of War":27,"aspiration:HatOfInfinitePower":14,"Toy Ornithopter":8,"TungstenRod":15},{"Golden Egg":111,"aspiration:Lifesprig":56,"CeramicFish":111,"Bag of Preparation":36,"aspiration:RitualStick":36,"Replay:Rubber Ducky":5,"Dream Catcher":2,"Matryoshka":36,"jedi:paperlyon":28,"Pantograph":107,"jedi:paperfaux":2,"jedi:cryingmask":17,"Prayer Wheel":54,"Necronomicon":36,"Replay:Bottled Snecko":60,"Cracked Core":0,"Replay:Bottled Steam":81,"BargainBundle":60,"Lee\u0027s Waffle":99,"Golden Idol":2,"ReplayTheSpireMod:CursedCoin":2,"Quantum Egg":56,"Counterbalance":60,"jedi:purplefairy":0,"PreservedInsect":75,"energizedSpire:StickyHand":48,"Frozen Egg 2":66,"CaptainsWheel":40,"Replay:Baseball":99,"Busted Crown":91,"Art of War":115,"aspiration:HatOfInfinitePower":60,"Toy Ornithopter":36,"TungstenRod":66}]},"card_choices":[{"not_picked":["Mirage","Step_Of_The_Wind"],"picked":"Wall_of_Ice","floor":3},{"not_picked":["Fading_Blow","Elbow_Slash"],"picked":"Scowl","floor":7},{"not_picked":["Rising_Crane","Snap_Punch"],"picked":"Ball_Of_Ice","floor":10},{"not_picked":["Patience","Combo_Master"],"picked":"Form_Shift+1","floor":16},{"not_picked":["Step_Of_The_Wind+1","Bouncer"],"picked":"Hook","floor":27},{"not_picked":["Pony_Shot","Cross+1"],"picked":"Combo_Master","floor":29},{"not_picked":["Breathe_Deep","Windup+1"],"picked":"Dolphin_Blow","floor":33}],"player_experience":1534457,"relics_obtained":[{"floor":1.0,"key":"Replay:Bottled Flurry"},{"floor":2,"key":"Blue Doll"},{"floor":5,"key":"Golden Egg"},{"floor":7,"key":"ReplayTheSpireMod:Ninjato"},{"floor":9,"key":"Whetstone"},{"floor":10,"key":"CaptainsWheel"},{"floor":12,"key":"Replay:Bandana"},{"floor":14,"key":"Cowboy_Hat"},{"floor":18,"key":"Incense Burner"},{"floor":20,"key":"Replay:Multitool"},{"floor":22,"key":"Calipers"},{"floor":26,"key":"Bottled Lightning"},{"floor":27,"key":"Ornamental Fan"},{"floor":29,"key":"Thread and Needle"},{"floor":31,"key":"The Courier"},{"floor":32,"key":"Kunai"},{"floor":35,"key":"Akabeko"}],"event_choices":[{"damage_healed":0,"gold_gain":0,"player_choice":"Bought 2 Potions","damage_taken":0,"max_hp_gain":0,"max_hp_loss":0,"event_name":"The Woman in Blue","floor":11,"gold_loss":0},{"cards_removed":["Amnesia"],"damage_healed":0,"gold_gain":0,"player_choice":"Elegance","damage_taken":0,"max_hp_gain":0,"max_hp_loss":0,"event_name":"betterThird:BetterWriting","floor":21,"gold_loss":0},{"cards_removed":["Writhe"],"damage_healed":0,"gold_gain":0,"player_choice":"Gave Gold","damage_taken":0,"max_hp_gain":0,"max_hp_loss":0,"event_name":"Beggar","floor":23,"gold_loss":75},{"damage_healed":0,"gold_gain":3,"player_choice":"3","damage_taken":0,"max_hp_gain":0,"max_hp_loss":0,"event_name":"betterStone:BetterStone","floor":36,"gold_loss":0,"cards_obtained":["Raptor_Form"]},{"damage_healed":0,"gold_gain":0,"player_choice":"Portal","damage_taken":0,"max_hp_gain":0,"max_hp_loss":0,"event_name":"betterThird:BetterPortal","floor":37,"gold_loss":0}],"is_beta":false,"boss_relics":[{"not_picked":["Sozu","Ectoplasm"],"picked":"ReplayTheSpireMod:DimensionalGlitch"},{"not_picked":["Snecko Heart","energizedSpire:DeadBattery"],"picked":"energizedSpire:RedRose"}],"items_purged_floors":[4,13,30,30],"is_endless":false,"potions_floor_spawned":[1,2,10,12,22,27,29],"ascension_level":0}}