{"host":"8inpc3yxphy2r27y","time":1614439250,"event":{"mods":["ATMod(阿瑾Mod)","Act Like it!","Alarm Clock","Bard","BaseMod","Better Synergies","Better Vampires","Challenge The Spire","Conspire","Decade(王小明)","Defuse TimeMaze Blight","Downfall","Energized Spire","FanaticalFans","FoggyMod","FutureSeer","Gensokyo","GifTheSpireLib","Gremlin Mod","GungeonMod","Hallownest","Highlight Path","HumanHunterMod(怪物杀人mod)","Hunter 猎人","Jedi Mod","KinomotoSakuraMod(木之本樱)","LagranYue(拉格朗・月)","Library of Ruina","Library of Ruina Extra","Lobotomy","LobotomyExtend","Minty Spire (QoL Compilation)","MostiFishMod","Pale of the Ancients","Potion Indicator Mod","Quarter Circle Forward PUNCH!","Quick Restart","Reimu（博丽灵梦）","Relic Filter Mod","Relic Stats","Replay The Spire","RumiaBox-露米娅的神秘盒子","Ryuuou龙王","SIMod","Shop Mod","Spicy Shops","StSLib","TestMod","The Animator","The Bug Knight","The Cursed","The Gatherer","The Hierophant","The Poker Player","The Senshi","TheHeartMod","TheWitcher","UnlockEverythingMod","Waifu the Spire","Warlord Emblem","[GremlinLeader]The Maniac","[IsaacMod]以撒尖塔","[JumpMod]舞动尖塔","noobMod","【功能Mod】聪明的最终Boss","【遗物卡牌】REMEMod","篝火指南"],"gold_per_floor":[114,114,114,133,9,9,9,9],"floor_reached":7,"language":"ZHS","playtime":521,"items_purged":[],"score":89,"play_id":"03a8d808-9526-4d55-8eaa-5d81a42fe70e","local_time":"20210227232050","is_ascension_mode":false,"campfire_choices":[{"floor":6,"key":"RECALL"}],"circlet_count":0,"master_deck":["Dodge","LightDefense","LightAttack","LightAttack","LightAttack","LightDefense","LightDefense","LightDefense","ChargeAndCover","FocusedStrikes","EpicFetus","AT_ShrugMaster","Omniscience","CrumblingArmor","QuickSuppression","Regret","BulkyImpact"],"relics":["PageOfLibrarian","REME_ComplimentaryCards","ice","Fans:FanaticalFans","DaveBox","HushsDoor","HowToJump","AT_ATBox","testmod-TestBox","LagranYue:RandomDrawCardRelic","testmod-InjuryResistance","Chaos","Nloth\u0027s Gift","CogitoBucket","RabbitCall","Baka","SynthV:TestCard","LetterFromLob","PageOfBigBird","DemoMod:NanoMachines","GodSword1"],"acts_visited":["Exordium"],"potions_floor_usage":[],"damage_taken":[{"damage":0,"enemies":"Small Slimes","floor":1,"turns":4},{"damage":76,"enemies":"Jaw Worm","floor":4,"turns":8},{"damage":242,"enemies":"Lagavulin","floor":7,"turns":2}],"seed_played":"1867420668161522446","potions_obtained":[{"floor":1,"key":"LiquidMemories"},{"floor":4,"key":"Dexterity Potion"}],"is_trial":false,"path_per_floor":["M","?","?","M","$","R","E"],"character_chosen":"Librarian","items_purchased":["GodSword1"],"campfire_rested":0,"item_purchase_floors":[5],"current_hp_per_floor":[60,60,60,45,45,45,0,0],"gold":9,"neow_bonus":"","is_daily":false,"chose_seed":false,"campfire_upgraded":0,"win_rate":0.0,"timestamp":1614439250,"path_taken":["M","?","?","?","$","R","E"],"items_purchased_type":["Relic"],"build_version":"2020-12-22","purchased_purges":0,"victory":false,"max_hp_per_floor":[63,63,63,79,79,79,119,119],"relic_stats":{"counters":[3,14],"Nloth\u0027s Gift":1,"obtain_stats":[{"KeepersGift":0,"Chaos":0,"RabbitCall":0,"DemoMod:Armor":4,"AT_ATBox":0,"testmod-TestBox":0,"DaveBox":0,"HowToJump":0,"LagranYue:RandomDrawCardRelic":0,"DemoMod:GlassGuonStoneRelic":1,"ice":0,"Baka":1,"Fans:FanaticalFans":0,"PageOfLibrarian":0,"CogitoBucket":0,"testmod-InjuryResistance":0,"SynthV:TestCard":1,"DemoMod:NanoMachines":4,"Nloth\u0027s Gift":0,"LetterFromLob":1,"PageOfBigBird":2,"HushsDoor":0,"REME_ComplimentaryCards":0,"GodSword1":5},{"KeepersGift":0,"Chaos":0,"RabbitCall":0,"DemoMod:Armor":2,"AT_ATBox":0,"testmod-TestBox":0,"DaveBox":0,"HowToJump":0,"LagranYue:RandomDrawCardRelic":0,"DemoMod:GlassGuonStoneRelic":1,"ice":0,"Baka":1,"Fans:FanaticalFans":0,"PageOfLibrarian":0,"CogitoBucket":0,"testmod-InjuryResistance":0,"SynthV:TestCard":1,"DemoMod:NanoMachines":2,"Nloth\u0027s Gift":0,"LetterFromLob":1,"PageOfBigBird":1,"HushsDoor":0,"REME_ComplimentaryCards":0,"GodSword1":2},{"KeepersGift":0,"Chaos":0,"RabbitCall":0,"DemoMod:Armor":12,"AT_ATBox":0,"testmod-TestBox":0,"DaveBox":0,"HowToJump":0,"LagranYue:RandomDrawCardRelic":0,"DemoMod:GlassGuonStoneRelic":4,"ice":0,"Baka":4,"Fans:FanaticalFans":0,"PageOfLibrarian":0,"CogitoBucket":0,"testmod-InjuryResistance":0,"SynthV:TestCard":4,"DemoMod:NanoMachines":12,"Nloth\u0027s Gift":0,"LetterFromLob":4,"PageOfBigBird":4,"HushsDoor":0,"REME_ComplimentaryCards":0,"GodSword1":12}]},"card_choices":[{"not_picked":[],"picked":"EpicFetus","floor":0},{"not_picked":["PunishingBird","SingingMachine"],"picked":"CrumblingArmor","floor":1},{"not_picked":["SerpentineBarrier","SerpentSwordTechnique"],"picked":"QuickSuppression","floor":1},{"not_picked":["LittlePrince","OldLady","QueenBee"],"picked":"Singing Bowl","floor":4},{"not_picked":["Mercenary","BeautyBeast"],"picked":"DespairKnight","floor":4},{"not_picked":["Rewind","PinpointShot","IdentifyWeakpoint","SnakeSlit"],"picked":"BulkyImpact","floor":4}],"player_experience":249287,"relics_obtained":[{"floor":1,"key":"Baka"},{"floor":1,"key":"SynthV:TestCard"},{"floor":1,"key":"LetterFromLob"},{"floor":4,"key":"DemoMod:NanoMachines"}],"event_choices":[{"damage_healed":0,"gold_gain":0,"player_choice":"Box","damage_taken":0,"relics_obtained":["PageOfBigBird"],"max_hp_gain":0,"max_hp_loss":0,"event_name":"Big Fish","floor":2,"gold_loss":0,"cards_obtained":["Regret"]},{"damage_healed":0,"gold_gain":0,"player_choice":"Disagree","damage_taken":0,"max_hp_gain":0,"max_hp_loss":0,"event_name":"conspire:LoneGhost","floor":3,"gold_loss":0}],"is_beta":false,"boss_relics":[],"items_purged_floors":[],"is_endless":false,"potions_floor_spawned":[1,4],"killed_by":"Lagavulin","ascension_level":0}}