{"host":"nihqlga4zpmrcpl9","time":1614455746,"event":{"mods":["BaseMod","Downfall","LagranYue(拉格朗・月)","Marisa（F雨　魔理沙）","Minty Spire (QoL Compilation)","Replay The Spire","Shop Mod","StSLib","The Bug Knight","The Cursed","The Hierophant","The Servant 0.9.4"],"gold_per_floor":[99,115,134,148,168,268,268,268,268,268],"floor_reached":8,"language":"ZHS","playtime":609,"items_purged":[],"score":48,"play_id":"61690ee6-8a92-4552-8268-822898f20008","local_time":"20210228035546","is_ascension_mode":false,"campfire_choices":[{"data":"Guardian:CurlUp","floor":1,"key":"SMITH"}],"circlet_count":0,"master_deck":["Guardian:Strike_Guardian","Guardian:Strike_Guardian","Guardian:Strike_Guardian","Guardian:Strike_Guardian","Guardian:Defend_Guardian","Guardian:Defend_Guardian","Guardian:Defend_Guardian","Guardian:Defend_Guardian","Guardian:CurlUp+1","Guardian:TwinSlam","Guardian:Recover","Guardian:TemporalStrike","Guardian:SpikerProtocol","Guardian:Gem_Blue","Guardian:FloatingOrbs"],"relics":["LagranYue:RandomDrawCardRelic","LagranYue:ContractPerformanceRelic","downfall:CloakOfManyFaces","CultistMask","FaceOfCleric","NlothsMask","GremlinMask","SsserpentHead"],"acts_visited":["Exordium"],"potions_floor_usage":[6,6,6,6],"damage_taken":[{"damage":7,"enemies":"Small Slimes","floor":2,"turns":4},{"damage":3,"enemies":"Cultist","floor":3,"turns":4},{"damage":7,"enemies":"2 Louse","floor":4,"turns":2},{"damage":7,"enemies":"Gremlin Gang","floor":5,"turns":7},{"damage":43,"enemies":"downfall:FaceTrader","floor":6,"turns":16},{"damage":22,"enemies":"3 Sentries","floor":8,"turns":4}],"seed_played":"8571536248112067584","potions_obtained":[{"floor":2,"key":"EntropicBrew"},{"floor":5,"key":"Ancient Potion"}],"is_trial":false,"path_per_floor":["R","M","M","M","M","?","T","E"],"character_chosen":"GUARDIAN","items_purchased":[],"campfire_rested":0,"item_purchase_floors":[],"current_hp_per_floor":[80,73,70,63,56,13,13,0,0,0],"gold":268,"neow_bonus":"BOSS_RELIC","is_daily":false,"chose_seed":false,"campfire_upgraded":1,"win_rate":0.0,"timestamp":1614455746,"path_taken":["R","M","M","M","M","?","T","E"],"items_purchased_type":[],"build_version":"2020-12-22","purchased_purges":0,"victory":false,"max_hp_per_floor":[80,80,80,80,80,80,80,80,80,80],"card_choices":[{"not_picked":["Guardian:Reroute","Guardian:BodySlam"],"picked":"Guardian:Recover","floor":2},{"not_picked":["Guardian:CrystalBeam","Guardian:Incinerate"],"picked":"Guardian:TemporalStrike","floor":3},{"not_picked":["Guardian:Gem_Red","Guardian:Reroute"],"picked":"Guardian:SpikerProtocol","floor":4},{"not_picked":["Guardian:VentSteam","Guardian:Recover"],"picked":"Guardian:Gem_Blue","floor":5},{"not_picked":["Guardian:TimeCapacitor","Guardian:VentSteam"],"picked":"Guardian:FloatingOrbs","floor":6}],"player_experience":924871,"relics_obtained":[{"floor":6,"key":"downfall:CloakOfManyFaces"}],"event_choices":[],"is_beta":false,"boss_relics":[],"items_purged_floors":[],"is_endless":false,"potions_floor_spawned":[2,5],"killed_by":"3 Sentries","ascension_level":0}}