{"host":"t4v9ql4vaq3tgzms","time":1614441336,"event":{"mods":["AchievementEnabler","Aspiration","BaseMod","Colored Map","Conspire","Decade(王小明)","Highlight Path","KomeijiMod","LagranYue(拉格朗・月)","Marisa（F雨　魔理沙）","Minty Spire (QoL Compilation)","Replay The Spire","RumiaBox-露米娅的神秘盒子","StSLib","The Administrix","The Animator","The Bug Knight","The Cursed","The Runesmith","The Servant 0.9.4","【功能Mod】混沌之环修复补丁"],"gold_per_floor":[110,125,125,225,55,84,84,97,97,117,117,145,145,156,156,252,252,262,251,231,247,11,38,51,51,78,110,129,155,70,88,119,216,216,226,226,242,0,0,26,26,45,120,120,147,166,176,176,176,176,176,176,26,56,56],"floor_reached":56,"language":"ZHS","playtime":6145,"items_purged":[],"score":1377,"play_id":"8e540f50-799a-4189-bb3a-85959e641062","local_time":"20210227235536","is_ascension_mode":false,"campfire_choices":[{"data":"Sadistic Nature","floor":7,"key":"SMITH"},{"floor":15,"key":"REST"},{"data":"Magnetism","floor":41,"key":"SMITH"},{"data":"TheCursedMod:CursedRelics","floor":44,"key":"SMITH"},{"floor":49,"key":"RECALL"},{"data":"TheCursedMod:CollectTribute","floor":52,"key":"SMITH"}],"circlet_count":0,"master_deck":["TheCursedMod:Strike_TheCursed","TheCursedMod:Strike_TheCursed","TheCursedMod:Strike_TheCursed","TheCursedMod:Strike_TheCursed","TheCursedMod:Defend_TheCursed+1","TheCursedMod:Defend_TheCursed+1","TheCursedMod:Defend_TheCursed+1","TheCursedMod:Defend_TheCursed+1","TheCursedMod:CursedWand","TheCursedMod:CleanUpWorkshop","TheCursedMod:Dregs","TheCursedMod:CursedAmulet","TheCursedMod:Hemoplague","Sadistic Nature+1","TheCursedMod:Grudge","TheCursedMod:SpitefulStrike","TheCursedMod:WearCloak","Decay","TheCursedMod:SpitefulPray","TheCursedMod:CollectTribute+1","TheCursedMod:SpitefulPlan","TheCursedMod:SmokeScreen","TheCursedMod:CircleOfFlame+1","TheCursedMod:Obscuration+1","TheCursedMod:VitalStrike","TheCursedMod:CursedSpellbook","TheCursedMod:LuckyCharm+1","TheCursedMod:CursedAmulet","TheCursedMod:CursedRelics+1","TheCursedMod:SurpriseAttack","TheCursedMod:FleshFromBone","TheCursedMod:DemonSword","CurseOfTheBell","TheCursedMod:Neurasthenia","TheCursedMod:Stigma+1","Magnetism+1","TheCursedMod:SmokeScreen","TheCursedMod:Hemoplague","TheCursedMod:CursedBoomerang+1","ReplayTheSpireMod:IOU","TheCursedMod:BlessingInDisguise+1"],"relics":["TheCursedMod:BlackMagic101","LagranYue:RandomDrawCardRelic","ZombieArmy","HoshigumaDish","SacredBark","Ccalipers","aspiration:Stabinomicon","PreservedInsect","conspire:DeflatedDodgeball","LagranYue:ReturningEmperorRelic","Replay:Rubber Ducky","Blood Vial","Calling Bell","Replay:Wax Seal","conspire:GiftBox","Replay:Bottled Eggs","Red Mask","LagranYue:MagicReflectiveArmorRelic","InkBottle","Smiling Mask","Ring of Hypnosis","Ring of Searing","Pet Ghost"],"acts_visited":["Exordium","TheCity","TheBeyond","TheEnding"],"potions_floor_usage":[16,16,21,24,27,31,33,35,47,50,50,54,55,55],"damage_taken":[{"damage":5,"enemies":"Jaw Worm","floor":1,"turns":4},{"damage":0,"enemies":"2 Louse","floor":2,"turns":3},{"damage":33,"enemies":"Gremlin Nob","floor":6,"turns":6},{"damage":0,"enemies":"Cultist","floor":8,"turns":3},{"damage":0,"enemies":"Large Slime","floor":10,"turns":4},{"damage":37,"enemies":"3 Sentries","floor":12,"turns":7},{"damage":0,"enemies":"2 Fungi Beasts","floor":14,"turns":3},{"damage":13,"enemies":"Hexaghost","floor":16,"turns":9},{"damage":6,"enemies":"Shell Parasite","floor":18,"turns":5},{"damage":11,"enemies":"2 Thieves","floor":19,"turns":4},{"damage":1,"enemies":"Snake Plant","floor":21,"turns":5},{"damage":5,"enemies":"Book of Stabbing","floor":23,"turns":6},{"damage":2,"enemies":"3 Cultists","floor":24,"turns":4},{"damage":21,"enemies":"Slavers","floor":27,"turns":4},{"damage":8,"enemies":"Chosen and Byrds","floor":28,"turns":5},{"damage":14,"enemies":"Gremlin Leader","floor":29,"turns":4},{"damage":0,"enemies":"Snecko","floor":31,"turns":6},{"damage":0,"enemies":"conspire:MimicChest","floor":32,"turns":6},{"damage":4,"enemies":"conspire:MysteriousRune","floor":33,"turns":6},{"damage":7,"enemies":"Orb Walker","floor":35,"turns":3},{"damage":0,"enemies":"3 Darklings","floor":37,"turns":5},{"damage":0,"enemies":"Nemesis","floor":40,"turns":3},{"damage":0,"enemies":"Writhing Mass","floor":42,"turns":5},{"damage":14,"enemies":"HollowMod:StalkingDevout","floor":45,"turns":7},{"damage":0,"enemies":"Spire Growth","floor":46,"turns":5},{"damage":0,"enemies":"Jaw Worm Horde","floor":47,"turns":5},{"damage":15,"enemies":"Time Eater","floor":50,"turns":8},{"damage":15,"enemies":"Shield and Spear","floor":54,"turns":6},{"damage":29,"enemies":"The Heart","floor":55,"turns":7}],"seed_played":"-8195554746387561784","potions_obtained":[{"floor":2,"key":"SmokeBomb"},{"floor":6,"key":"BlessingOfTheForge"},{"floor":8,"key":"Swift Potion"},{"floor":10,"key":"Milkshake"},{"floor":14,"key":"Adrenaline Potion"},{"floor":19,"key":"EssenceOfSteel"},{"floor":20,"key":"LifebloodPotion"},{"floor":24,"key":"CalmPotion"},{"floor":27,"key":"LiquidBronze"},{"floor":31,"key":"Reflective Coating"},{"floor":32,"key":"Fire Potion"},{"floor":33,"key":"Toxic Potion"},{"floor":37,"key":"CalmPotion"},{"floor":40,"key":"SpeedPotion"},{"floor":45,"key":"Languid Potion"}],"is_trial":false,"path_per_floor":["M","M","?","?","$","E","R","M","T","M","?","E","?","M","R","B",null,"M","M","?","M","$","E","M","?","T","E","M","E","?","M","R_BF","B",null,"M","?","M","?","?","E","R","M","T","R","E","M","M","?","R","B",null,"R","$","E","B",null],"character_chosen":"THE_CURSED","items_purchased":["Sadistic Nature","TheCursedMod:Obscuration+1","Ccalipers","TheCursedMod:VitalStrike","Block Potion","Strength Potion","ColorlessPotion"],"campfire_rested":1,"item_purchase_floors":[5,22,22,22,53,53,53],"current_hp_per_floor":[77,77,77,77,77,44,44,44,44,44,44,7,7,7,31,18,82,76,65,65,64,64,59,57,57,57,36,28,14,14,14,14,12,82,75,75,77,77,77,79,79,81,81,81,68,70,72,72,72,59,82,82,82,67,40],"gold":56,"neow_bonus":"TEN_PERCENT_HP_BONUS","is_daily":false,"chose_seed":false,"campfire_upgraded":4,"win_rate":0.0,"timestamp":1614441336,"path_taken":["M","M","?","?","$","E","R","?","T","M","?","E","?","M","R","BOSS","M","M","?","M","?","E","M","?","T","E","M","E","?","M","R_BF","BOSS","M","?","M","?","?","E","R","?","T","R","E","M","M","?","R","BOSS","R","$","E","BOSS"],"items_purchased_type":["Card","Card","Relic","Card","Potion","Potion","Potion"],"build_version":"2020-12-22","purchased_purges":0,"victory":true,"max_hp_per_floor":[82,82,82,82,82,82,82,82,82,82,82,82,82,82,82,82,82,82,82,82,82,82,82,82,82,82,82,82,82,82,82,82,82,82,82,82,82,82,82,82,82,82,82,82,82,82,82,82,82,82,82,82,82,82,82],"card_choices":[{"not_picked":["TheCursedMod:RapidMovement","TheCursedMod:VitalStrike"],"picked":"TheCursedMod:CursedAmulet","floor":1},{"not_picked":["TheCursedMod:VitalStrike","TheCursedMod:RavingStaff"],"picked":"TheCursedMod:Hemoplague","floor":2},{"not_picked":["TheCursedMod:CursedAmulet","TheCursedMod:Stretching","TheCursedMod:TacticalStrike"],"picked":"SKIP","floor":6},{"not_picked":["TheCursedMod:DarkBarrier","TheCursedMod:FleshFromBone"],"picked":"TheCursedMod:Grudge","floor":8},{"not_picked":["TheCursedMod:BloodBarrier","TheCursedMod:SoulCrush"],"picked":"TheCursedMod:SpitefulStrike","floor":10},{"not_picked":["TheCursedMod:Obscuration","TheCursedMod:SpitefulPray"],"picked":"TheCursedMod:WearCloak","floor":12},{"not_picked":["TheCursedMod:CursedShiv","TheCursedMod:CursedBlade"],"picked":"TheCursedMod:SpitefulPray","floor":14},{"not_picked":["TheCursedMod:UltimatePain","TheCursedMod:CursedRelics"],"picked":"TheCursedMod:CollectTribute","floor":16},{"not_picked":["TheCursedMod:CursedAmulet","TheCursedMod:CircleOfFlame"],"picked":"TheCursedMod:SpitefulPlan","floor":18},{"not_picked":["TheCursedMod:FleshFromBone","TheCursedMod:TacticalStrike"],"picked":"TheCursedMod:SmokeScreen","floor":19},{"not_picked":["TheCursedMod:SpreadPlague","TheCursedMod:PrepareRite"],"picked":"TheCursedMod:CircleOfFlame+1","floor":21},{"not_picked":["TheCursedMod:RavingStaff","TheCursedMod:FuryStrike"],"picked":"TheCursedMod:CursedSpellbook","floor":23},{"not_picked":["TheCursedMod:CursedBlade","TheCursedMod:CursedArmor","TheCursedMod:Obscuration"],"picked":"SKIP","floor":24},{"not_picked":["TheCursedMod:EmpowerCircles+1","TheCursedMod:Stigma"],"picked":"TheCursedMod:LuckyCharm+1","floor":27},{"not_picked":["TheCursedMod:Stretching","TheCursedMod:Obscuration+1"],"picked":"TheCursedMod:CursedAmulet","floor":28},{"not_picked":["TheCursedMod:CursedMace","TheCursedMod:CircleOfAmplification"],"picked":"TheCursedMod:CursedRelics","floor":29},{"not_picked":["TheCursedMod:SmokeScreen","TheCursedMod:WearCloak"],"picked":"TheCursedMod:SurpriseAttack","floor":31},{"not_picked":["TheCursedMod:LuckyCharm","TheCursedMod:RavingStaff"],"picked":"TheCursedMod:FleshFromBone","floor":32},{"not_picked":["TheCursedMod:DemonicPact","TheCursedMod:ManaCirculation"],"picked":"TheCursedMod:DemonSword","floor":33},{"not_picked":["TheCursedMod:OutForBlood","TheCursedMod:DemonSword"],"picked":"TheCursedMod:Neurasthenia","floor":34},{"not_picked":["TheCursedMod:SoulReap","TheCursedMod:Wield+1"],"picked":"TheCursedMod:Stigma+1","floor":35},{"not_picked":["Survey Options","ThoughtExtend"],"picked":"Magnetism","floor":36},{"not_picked":["TheCursedMod:Wield","TheCursedMod:Grudge"],"picked":"TheCursedMod:SmokeScreen","floor":37},{"not_picked":["TheCursedMod:Obscuration+1","TheCursedMod:Stigma"],"picked":"TheCursedMod:Hemoplague","floor":40},{"not_picked":["TheCursedMod:ReleasedStrength","TheCursedMod:Stigma+1","TheCursedMod:RapidMovement"],"picked":"SKIP","floor":42},{"not_picked":["TheCursedMod:Obscuration","TheCursedMod:AshesToAshes+1"],"picked":"TheCursedMod:CursedBoomerang+1","floor":45},{"not_picked":["TheCursedMod:SpitefulStrike","TheCursedMod:CursedBlade","TheCursedMod:Stigma"],"picked":"SKIP","floor":46},{"not_picked":["TheCursedMod:Stigma+1","TheCursedMod:Torture","TheCursedMod:CursedShiv+1"],"picked":"SKIP","floor":47},{"not_picked":["TheCursedMod:HellfireBreathing","TheCursedMod:ManaBullet"],"picked":"TheCursedMod:BlessingInDisguise+1","floor":54}],"player_experience":100969,"relics_obtained":[{"floor":6,"key":"ZombieArmy"},{"floor":12,"key":"HoshigumaDish"},{"floor":23,"key":"aspiration:Stabinomicon"},{"floor":26,"key":"PreservedInsect"},{"floor":27,"key":"conspire:DeflatedDodgeball"},{"floor":29,"key":"LagranYue:ReturningEmperorRelic"},{"floor":32,"key":"Blood Vial"},{"floor":34,"key":"Replay:Wax Seal"},{"floor":34,"key":"conspire:GiftBox"},{"floor":34,"key":"Replay:Bottled Eggs"},{"floor":40,"key":"LagranYue:MagicReflectiveArmorRelic"},{"floor":43,"key":"InkBottle"},{"floor":45,"key":"Smiling Mask"},{"floor":48,"key":"Ring of Hypnosis"},{"floor":48,"key":"Ring of Searing"},{"floor":54,"key":"Pet Ghost"}],"event_choices":[{"damage_healed":0,"gold_gain":100,"player_choice":"Pray","damage_taken":0,"max_hp_gain":0,"max_hp_loss":0,"event_name":"Golden Shrine","floor":4,"gold_loss":0},{"damage_healed":0,"gold_gain":0,"player_choice":"Disagree","damage_taken":0,"max_hp_gain":0,"max_hp_loss":0,"event_name":"conspire:LoneGhost","floor":11,"gold_loss":0},{"damage_healed":0,"gold_gain":0,"player_choice":"Cursed","damage_taken":0,"max_hp_gain":0,"max_hp_loss":0,"event_name":"Wheel of Change","floor":13,"gold_loss":0,"cards_obtained":["Decay"]},{"damage_healed":0,"gold_gain":0,"player_choice":"Bought 1 Potion","damage_taken":0,"max_hp_gain":0,"max_hp_loss":0,"event_name":"The Woman in Blue","floor":20,"gold_loss":0},{"damage_healed":0,"gold_gain":0,"player_choice":"Obtained Relic","damage_taken":0,"relics_obtained":["Replay:Rubber Ducky"],"max_hp_gain":0,"max_hp_loss":0,"event_name":"Addict","floor":30,"gold_loss":85},{"damage_healed":0,"gold_gain":0,"player_choice":"Memory 1","damage_taken":0,"max_hp_gain":0,"max_hp_loss":0,"event_name":"SensoryStone","floor":36,"gold_loss":0},{"damage_healed":0,"gold_gain":0,"player_choice":"Paid","damage_taken":0,"relics_obtained":["Red Mask"],"max_hp_gain":0,"max_hp_loss":0,"event_name":"Tomb of Lord Red Mask","floor":38,"gold_loss":242},{"damage_healed":0,"gold_gain":0,"player_choice":"Ignored","damage_taken":0,"max_hp_gain":0,"max_hp_loss":0,"event_name":"SecretPortal","floor":39,"gold_loss":0}],"is_beta":false,"boss_relics":[{"not_picked":["Runic Pyramid","aspiration:IroncladSkillbook"],"picked":"SacredBark"},{"not_picked":["TheCursedMod:OminousMark","conspire:SpecialSausage"],"picked":"Calling Bell"}],"items_purged_floors":[],"is_endless":false,"potions_floor_spawned":[2,6,8,10,14,19,24,27,31,32,33,37,40,45],"ascension_level":0}}