{"host":"v2dduvbp7qmigila","time":1614416380,"event":{"mods":["BaseMod","GifTheSpireLib","Marisa£®ÏF”Í°°ƒß¿Ì…≥£©","Minty Spire (QoL Compilation)","SIMod","StSLib","The Animator","Waifu the Spire","noobMod"],"gold_per_floor":[114,114,189,101,101,101,133,147,147,176,176,186,7,7,7,112,112,129,53,53,53,71,105,105,105,105,144,155,168,168,186,186,296,296,316,361,361,380,206,206,0,35,35,35,35,47,67,99,99,99],"floor_reached":51,"language":"ZHS","playtime":2441,"items_purged":["animator:Strike","animator:Strike"],"score":886,"play_id":"7c16ea0b-492a-4665-be71-ea599d4adf08","local_time":"20210227165940","is_ascension_mode":true,"campfire_choices":[{"data":"animator:KrulTepes","floor":6.0,"key":"SMITH"},{"data":"animator:Millim+1","floor":11.0,"key":"SMITH"},{"floor":15.0,"key":"REST"},{"floor":24.0,"key":"REST"},{"floor":30.0,"key":"REST"},{"data":"animator:Ciel","floor":32.0,"key":"SMITH"},{"data":"animator:Eve","floor":40,"key":"SMITH"},{"data":"animator:Eve","floor":49,"key":"SMITH"}],"circlet_count":0,"master_deck":["animator:Strike_Elsword","animator:Defend_Elsword","animator:Defend","animator:Defend","animator:Defend","animator:Chung","animator:Raven","animator:Benimaru","animator:KrulTepes+1","animator:Shinoa","animator:Millim+3","animator:Shion","animator:Ciel+1","animator:Lu","animator:Rimuru","animator:Darkness","animator:SakuraMatou","animator:Konayuki","animator:Berserker","animator:Ciel","animator:Eve+1","CurseOfTheBell","Wraith","animator:Lu+1","animator:Eve+1","animator:Shion","animator:UneriGinkaku+1","animator:Lu+1"],"relics":["animator:LivingPicture","animator:TheMissingPiece","ice","PreservedInsect","Bottled Lightning","FossilizedHelix","Toy Ornithopter","Philosopher\u0027s Stone","Regal Pillow","Bottled Tornado","Matryoshka","Blood Vial","animator:OldCoffin","Calling Bell","Bronze Scales","CloakClasp","animator:WizardHat","animator:HeavyHalberd","Red Mask","Bag of Marbles","Lantern","Pantograph","Charon\u0027s Ashes"],"acts_visited":["Exordium","TheCity","TheBeyond"],"potions_floor_usage":[],"damage_taken":[{"damage":1.0,"enemies":"Small Slimes","floor":1.0,"turns":4.0},{"damage":22.0,"enemies":"Lagavulin","floor":7.0,"turns":6.0},{"damage":8.0,"enemies":"2 Louse","floor":8.0,"turns":3.0},{"damage":0.0,"enemies":"Gremlin Nob","floor":10.0,"turns":3.0},{"damage":0.0,"enemies":"Cultist","floor":12.0,"turns":3.0},{"damage":28.0,"enemies":"Hexaghost","floor":16.0,"turns":9.0},{"damage":0.0,"enemies":"Chosen","floor":18.0,"turns":4.0},{"damage":9.0,"enemies":"Shell Parasite","floor":22.0,"turns":5.0},{"damage":37.0,"enemies":"Book of Stabbing","floor":23.0,"turns":9.0},{"damage":73.0,"enemies":"Slavers","floor":27.0,"turns":6.0},{"damage":11.0,"enemies":"Centurion and Healer","floor":28.0,"turns":6.0},{"damage":7.0,"enemies":"Snake Plant","floor":29.0,"turns":4.0},{"damage":31.0,"enemies":"3 Cultists","floor":31.0,"turns":5.0},{"damage":44.0,"enemies":"Collector","floor":33.0,"turns":9.0},{"damage":9,"enemies":"3 Shapes","floor":35,"turns":4},{"damage":101,"enemies":"2 Orb Walkers","floor":36,"turns":7},{"damage":38,"enemies":"3 Darklings","floor":38,"turns":7},{"damage":29,"enemies":"Reptomancer","floor":42,"turns":6},{"damage":0,"enemies":"Transient","floor":46,"turns":5},{"damage":0,"enemies":"Sphere and 2 Shapes","floor":47,"turns":3},{"damage":0,"enemies":"Giant Head","floor":48,"turns":5},{"damage":22,"enemies":"Awakened One","floor":50,"turns":7}],"seed_played":"-2546832836091337666","potions_obtained":[{"floor":5.0,"key":"ColorlessPotion"},{"floor":5.0,"key":"Ancient Potion"},{"floor":5.0,"key":"Fruit Juice"},{"floor":18.0,"key":"EssenceOfSteel"},{"floor":31.0,"key":"BlessingOfTheForge"},{"floor":38,"key":"Dexterity Potion"},{"floor":47,"key":"DistilledChaos"}],"is_trial":false,"path_per_floor":["M","$","?","$","?","R","E","M","T","E","R","M","$","?","R","B",null,"M","$","?","$","M","E","R","?","T","E","M","M","R","M","R","B",null,"M","?","?","M","$","R","?","E","T","$","?","M","M","E","R","B",null],"character_chosen":"THE_ANIMATOR","items_purchased":["animator:KrulTepes","animator:Shinoa","animator:Ciel","animator:Lu","animator:Darkness","animator:Eve"],"campfire_rested":3,"item_purchase_floors":[4,4,13,13,19,39],"current_hp_per_floor":[65,65,54,54,54,54,32,24,24,24,24,34,34,34,55,27,71,71,71,71,71,62,35,71,71,71,71,60,55,81,50,50,92,93,84,68,68,32,32,32,32,113,113,113,113,113,116,118,118,101],"gold":99,"neow_bonus":"RANDOM_COMMON_RELIC","is_daily":false,"chose_seed":false,"campfire_upgraded":5,"win_rate":0.0,"timestamp":1614416380,"path_taken":["M","$","?","$","?","R","E","M","T","E","R","?","$","?","R","BOSS","M","$","?","$","M","E","R","?","T","E","M","?","R","M","R","BOSS","M","?","?","M","$","R","?","E","T","$","?","?","?","E","R","BOSS"],"items_purchased_type":["Card","Card","Card","Card","Card","Card"],"build_version":"2020-12-22","purchased_purges":2,"victory":true,"max_hp_per_floor":[66,66,66,66,66,66,66,66,66,66,66,71,71,71,71,71,71,71,71,71,71,71,71,71,71,71,71,75,81,81,86,86,93,93,93,94,94,106,106,106,106,113,113,113,113,118,121,123,123,132],"card_choices":[{"not_picked":["animator:Assassin","animator:Azekura"],"picked":"animator:Benimaru","floor":1.0},{"not_picked":["animator:Ara","animator:Gillette"],"picked":"animator:Millim","floor":7.0},{"not_picked":["animator:Assassin","animator:Illya","animator:EmiyaShirou"],"picked":"SKIP","floor":8.0},{"not_picked":["animator:Benimaru","animator:Kaijin"],"picked":"animator:Millim","floor":10.0},{"not_picked":["animator:Assassin","animator:ChaikaBohdan"],"picked":"animator:Shion","floor":12.0},{"not_picked":["animator:Eris","animator:ChaikaTrabant"],"picked":"animator:Rimuru","floor":16.0},{"not_picked":["animator:ShinjiMatou+1","animator:Nanami","animator:Berserker"],"picked":"SKIP","floor":18.0},{"not_picked":["animator:Kazuma+1","animator:CrowleyEusford+1"],"picked":"animator:SakuraMatou","floor":22.0},{"not_picked":["animator:Hakurou","animator:Shuna"],"picked":"animator:Millim","floor":23.0},{"not_picked":["animator:Shuna+1","animator:Kazuma+1"],"picked":"animator:Konayuki","floor":27.0},{"not_picked":["animator:Illya","animator:Raven","animator:Mikaela"],"picked":"SKIP","floor":28.0},{"not_picked":["animator:Emonzaemon","animator:GazelDwargon"],"picked":"animator:Berserker","floor":29.0},{"not_picked":["animator:Add","animator:Raven"],"picked":"animator:Ciel","floor":31.0},{"not_picked":["animator:AcuraShin","animator:Shizu"],"picked":"animator:Eve","floor":33.0},{"not_picked":["animator:Vesta","animator:GazelDwargon+1","animator:Darkness"],"picked":"SKIP","floor":35},{"not_picked":["animator:Yoichi+1","animator:ZankiKiguchi"],"picked":"animator:Lu+1","floor":38},{"not_picked":["animator:CrowleyEusford+1","animator:Mitsurugi+1","animator:YunYun"],"picked":"SKIP","floor":42},{"not_picked":["animator:Souei","animator:Shizu"],"picked":"animator:Shion","floor":46},{"not_picked":["animator:Chung","animator:CrowleyEusford+1"],"picked":"animator:UneriGinkaku+1","floor":47},{"not_picked":["animator:Yoichi+1","animator:Lancer"],"picked":"animator:Lu+1","floor":48}],"player_experience":30322,"relics_obtained":[{"floor":7.0,"key":"Bottled Lightning"},{"floor":9.0,"key":"FossilizedHelix"},{"floor":10.0,"key":"Toy Ornithopter"},{"floor":23.0,"key":"Bottled Tornado"},{"floor":26.0,"key":"Matryoshka"},{"floor":27.0,"key":"Blood Vial"},{"floor":27.0,"key":"animator:OldCoffin"},{"floor":34.0,"key":"Bronze Scales"},{"floor":34.0,"key":"CloakClasp"},{"floor":34.0,"key":"animator:WizardHat"},{"floor":36,"key":"animator:HeavyHalberd"},{"floor":42,"key":"Bag of Marbles"},{"floor":43,"key":"Lantern"},{"floor":43,"key":"Pantograph"},{"floor":48,"key":"Charon\u0027s Ashes"}],"event_choices":[{"damage_healed":0.0,"max_hp_gain":0.0,"max_hp_loss":0.0,"gold_gain":75.0,"event_name":"World of Goop","player_choice":"Gather Gold","floor":3.0,"gold_loss":0.0,"damage_taken":11.0},{"damage_healed":0.0,"max_hp_gain":0.0,"max_hp_loss":0.0,"gold_gain":0.0,"event_name":"Lab","player_choice":"Got Potions","floor":5.0,"gold_loss":0.0,"damage_taken":0.0},{"damage_healed":0.0,"max_hp_gain":0.0,"max_hp_loss":0.0,"gold_gain":0.0,"event_name":"Liars Game","player_choice":"Ignored","floor":14.0,"gold_loss":0.0,"damage_taken":0.0},{"damage_healed":0.0,"max_hp_gain":0.0,"max_hp_loss":0.0,"gold_gain":0.0,"event_name":"Addict","player_choice":"Stole Relic","floor":20.0,"gold_loss":0.0,"damage_taken":0.0,"relics_obtained":["Regal Pillow"],"cards_obtained":["Shame"]},{"cards_removed":["animator:Strike"],"damage_healed":0.0,"max_hp_gain":0.0,"max_hp_loss":0.0,"gold_gain":0.0,"event_name":"Purifier","player_choice":"Purged","floor":25.0,"gold_loss":0.0,"damage_taken":0.0},{"damage_healed":0,"gold_gain":0,"player_choice":"Fight","damage_taken":0,"max_hp_gain":0,"max_hp_loss":0,"event_name":"Mysterious Sphere","floor":36,"gold_loss":0},{"damage_healed":0,"gold_gain":0,"player_choice":"Ignored","damage_taken":0,"max_hp_gain":0,"max_hp_loss":0,"event_name":"OrinTheCat","floor":37,"gold_loss":0},{"damage_healed":0,"gold_gain":0,"player_choice":"Paid","damage_taken":0,"relics_obtained":["Red Mask"],"max_hp_gain":0,"max_hp_loss":0,"event_name":"Tomb of Lord Red Mask","floor":41,"gold_loss":206},{"cards_removed":["Shame"],"damage_healed":0,"gold_gain":0,"player_choice":"Removed","damage_taken":0,"max_hp_gain":0,"max_hp_loss":0,"event_name":"◊Á÷‰…≠¡÷","floor":45,"gold_loss":0}],"is_beta":false,"boss_relics":[{"not_picked":["animator:VividPicture","SacredBark"],"picked":"Philosopher\u0027s Stone"},{"not_picked":["Black Star","Mark of Pain"],"picked":"Calling Bell"}],"items_purged_floors":[13,39],"is_endless":false,"potions_floor_spawned":[10,18,22,31,38,47],"ascension_level":1}}