{"host":"dlyy4wv9zatha4f7","time":1614439877,"event":{"mods":["Act Like it!","BaseMod","Colored Map","Curses Come First","GifTheSpireLib","Minty Spire (QoL Compilation)","Spicy Shops","StSLib","SuperFastMode","Unceasing Turn Reminder"],"gold_per_floor":[217,217,228,11,23,53,53,65,65,65,109,109,134,168,168,298,298,321,321,321,336,336,380,380,420,446,44,88,88,103,137,137,267,330,355,198,198,212,231,267,267,292,317,317,336,30,30,73,73,73],"floor_reached":51,"language":"ENG","playtime":2079,"items_purged":["Strike_G+1","A Thousand Cuts+1","Strike_G+1"],"score":1420,"play_id":"9c0ca543-8ab0-49b6-939c-8b294b39d10e","local_time":"20210227173117","is_ascension_mode":true,"campfire_choices":[{"floor":12,"key":"REST"},{"data":"A Thousand Cuts","floor":15,"key":"SMITH"},{"data":"Blade Dance","floor":24,"key":"SMITH"},{"data":"Accuracy","floor":32,"key":"SMITH"},{"data":"Survivor","floor":41,"key":"SMITH"},{"floor":47,"key":"REST"},{"floor":49,"key":"RECALL"}],"circlet_count":0,"master_deck":["Strike_G+1","Strike_G+1","Defend_G+1","Defend_G+1","Defend_G+1","Defend_G+1","Defend_G+1","Survivor+1","Neutralize+1","Backstab+1","Blade Dance+1","Accuracy+1","Deadly Poison+1","Deflect+1","Malaise+1","CurseOfTheBell","Cloak And Dagger+1","Crippling Poison+1","Blade Dance+1","Accuracy+1","Blur+1","PiercingWail+1","Backflip+1","Phantasmal Killer+1","Blade Dance+1","Venomology+1","PanicButton+1","Impatience+1","Well Laid Plans+1"],"relics":["Ring of the Snake","Membership Card","Nunchaku","Vajra","Toxic Egg 2","Akabeko","Golden Idol","PreservedInsect","Question Card","Calling Bell","Blood Vial","Kunai","Turnip","Anchor","Regal Pillow","Strawberry","TwistedFunnel","Shuriken","Thread and Needle","Bronze Scales","Art of War","Tiny House","Pen Nib","The Specimen","Omamori","Pear","Medical Kit","Snake Skull"],"acts_visited":["Exordium","TheCity","TheBeyond"],"potions_floor_usage":[11,16,16,25,28,33,38,39,40,40,42,48,50,50,50,50],"damage_taken":[{"damage":0.0,"enemies":"Small Slimes","floor":1.0,"turns":4.0},{"damage":0.0,"enemies":"Cultist","floor":3.0,"turns":4.0},{"damage":2.0,"enemies":"Jaw Worm","floor":5.0,"turns":3.0},{"damage":37.0,"enemies":"Lagavulin","floor":6.0,"turns":8.0},{"damage":0.0,"enemies":"3 Louse","floor":8.0,"turns":2.0},{"damage":7,"enemies":"Gremlin Nob","floor":11,"turns":3},{"damage":1,"enemies":"2 Fungi Beasts","floor":13,"turns":2},{"damage":10,"enemies":"Lagavulin","floor":14,"turns":5},{"damage":4,"enemies":"Hexaghost","floor":16,"turns":6},{"damage":18,"enemies":"Shell Parasite","floor":18,"turns":5},{"damage":0,"enemies":"Chosen","floor":21,"turns":3},{"damage":9,"enemies":"Book of Stabbing","floor":23,"turns":6},{"damage":3,"enemies":"Slavers","floor":25,"turns":4},{"damage":0,"enemies":"Gremlin Leader","floor":28,"turns":4},{"damage":0,"enemies":"Centurion and Healer","floor":30,"turns":4},{"damage":0,"enemies":"Slavers","floor":31,"turns":3},{"damage":6,"enemies":"Collector","floor":33,"turns":5},{"damage":0,"enemies":"3 Darklings","floor":35,"turns":4},{"damage":0,"enemies":"3 Shapes","floor":38,"turns":3},{"damage":0,"enemies":"3 Darklings","floor":39,"turns":3},{"damage":6,"enemies":"Nemesis","floor":40,"turns":3},{"damage":14,"enemies":"Writhing Mass","floor":42,"turns":5},{"damage":0,"enemies":"Spire Growth","floor":45,"turns":4},{"damage":0,"enemies":"Reptomancer","floor":48,"turns":3},{"damage":0,"enemies":"Time Eater","floor":50,"turns":7}],"seed_played":"-6844991535406379222","potions_obtained":[{"floor":1.0,"key":"LiquidBronze"},{"floor":8.0,"key":"SteroidPotion"},{"floor":13,"key":"Weak Potion"},{"floor":14,"key":"Strength Potion"},{"floor":16,"key":"AttackPotion"},{"floor":21,"key":"Weak Potion"},{"floor":25,"key":"PowerPotion"},{"floor":31,"key":"Regen Potion"},{"floor":34,"key":"DuplicationPotion"},{"floor":38,"key":"CunningPotion"}],"is_trial":false,"path_per_floor":["M","?","M","$","M","E","?","M","T","?","E","R","M","E","R","B",null,"M","?","?","M","?","E","R","E","T","$","E","?","M","E","R","B",null,"M","$","?","M","M","E","R","M","T","?","M","$","R","E","R","B",null],"character_chosen":"THE_SILENT","items_purchased":["Membership Card","Nunchaku","TwistedFunnel","Blade Dance+1","Accuracy","Shuriken","Thread and Needle","Venomology+1","Pen Nib","Pear","Medical Kit","Dexterity Potion"],"campfire_rested":2,"item_purchase_floors":[4,4,27,27,27,27,27,36,36,46,46,46],"current_hp_per_floor":[63,70,70,70,68,31,31,31,31,31,24,43,42,32,32,28,56,40,40,40,42,63,56,56,55,62,62,64,64,66,68,68,64,75,77,77,77,77,77,71,71,59,59,49,51,61,87,87,87,87],"gold":73,"neow_bonus":"HUNDRED_GOLD","is_daily":false,"chose_seed":false,"campfire_upgraded":4,"win_rate":0.0,"timestamp":1614439877,"path_taken":["M","?","M","$","?","E","?","?","T","?","E","R","M","E","R","BOSS","M","?","?","?","?","E","R","E","T","$","E","?","M","E","R","BOSS","M","$","?","M","?","E","R","M","T","?","M","$","R","E","R","BOSS"],"items_purchased_type":["Relic","Relic","Relic","Card","Card","Relic","Relic","Card","Relic","Relic","Relic","Potion"],"build_version":"2020-12-22","purchased_purges":3,"victory":true,"max_hp_per_floor":[70,70,70,70,70,70,70,70,70,65,65,65,65,65,65,65,65,65,65,65,65,65,65,65,65,72,72,72,72,72,72,72,72,77,77,77,77,77,77,77,77,77,77,77,77,87,87,87,87,87],"card_choices":[{"not_picked":["Bane","Deadly Poison"],"picked":"Backstab","floor":1.0},{"not_picked":["Distraction","Backflip"],"picked":"Blade Dance","floor":3.0},{"not_picked":["Distraction","Outmaneuver"],"picked":"All Out Attack","floor":5.0},{"not_picked":["Blur","Quick Slash"],"picked":"Accuracy","floor":6.0},{"not_picked":["Sucker Punch","Catalyst+1"],"picked":"A Thousand Cuts","floor":8.0},{"not_picked":["Quick Slash","Dagger Throw"],"picked":"Deadly Poison+1","floor":11},{"not_picked":["Backflip+1","Footwork"],"picked":"Deflect+1","floor":13},{"not_picked":["A Thousand Cuts","Outmaneuver+1","Masterful Stab"],"picked":"SKIP","floor":14},{"not_picked":["Grand Finale","Glass Knife","A Thousand Cuts"],"picked":"Malaise+1","floor":16},{"not_picked":["Setup+1","Underhanded Strike","Leg Sweep+1"],"picked":"Cloak And Dagger+1","floor":18},{"not_picked":["Underhanded Strike","Dodge and Roll+1","Noxious Fumes+1"],"picked":"Crippling Poison+1","floor":21},{"not_picked":["Finisher","Flechettes","Skewer+1","Outmaneuver+1"],"picked":"SKIP","floor":23},{"not_picked":["Bouncing Flask+1","Quick Slash","Concentrate+1","Sucker Punch"],"picked":"SKIP","floor":25},{"not_picked":["Outmaneuver+1","Slice+1","Dagger Throw"],"picked":"Blur+1","floor":28},{"not_picked":["Setup+1","Heel Hook","Crippling Poison+1"],"picked":"PiercingWail+1","floor":30},{"not_picked":["Tactician+1","Deadly Poison+1","Predator"],"picked":"Backflip+1","floor":31},{"not_picked":["Glass Knife","Bullet Time+1","Burst+1"],"picked":"Phantasmal Killer+1","floor":33},{"not_picked":["Backflip+1","All Out Attack","Reflex+1"],"picked":"Blade Dance+1","floor":34},{"not_picked":["Prepared+1","Footwork","Noxious Fumes","Dash"],"picked":"SKIP","floor":35},{"not_picked":["Deflect+1","Dagger Throw+1","Prepared+1","Sucker Punch+1"],"picked":"SKIP","floor":38},{"not_picked":["Caltrops+1","Dodge and Roll+1","Slice+1","Backflip+1"],"picked":"SKIP","floor":39},{"not_picked":["Dagger Spray","Prepared+1","Escape Plan+1","All Out Attack"],"picked":"SKIP","floor":40},{"not_picked":["Glass Knife","Dagger Spray","Escape Plan+1","Deadly Poison+1"],"picked":"SKIP","floor":42},{"not_picked":["Dramatic Entrance","Finesse+1","Blind+1"],"picked":"PanicButton+1","floor":44},{"not_picked":["Sadistic Nature","Purity+1","Forethought+1"],"picked":"Impatience+1","floor":44},{"not_picked":["Quick Slash+1","Bane","Masterful Stab","Outmaneuver+1"],"picked":"SKIP","floor":45},{"not_picked":["Riddle With Holes","Tactician+1","Deflect+1"],"picked":"Well Laid Plans+1","floor":48}],"player_experience":2315040,"relics_obtained":[{"floor":6.0,"key":"Vajra"},{"floor":9.0,"key":"Akabeko"},{"floor":11,"key":"PreservedInsect"},{"floor":14,"key":"Question Card"},{"floor":17,"key":"Blood Vial"},{"floor":17,"key":"Kunai"},{"floor":17,"key":"Turnip"},{"floor":23,"key":"Anchor"},{"floor":25,"key":"Regal Pillow"},{"floor":26,"key":"Strawberry"},{"floor":28,"key":"Bronze Scales"},{"floor":31,"key":"Art of War"},{"floor":40,"key":"The Specimen"},{"floor":43,"key":"Omamori"},{"floor":48,"key":"Snake Skull"}],"event_choices":[{"damage_healed":7.0,"max_hp_gain":0.0,"max_hp_loss":0.0,"gold_gain":0.0,"event_name":"Wheel of Change","player_choice":"Full Heal","floor":2.0,"gold_loss":0.0,"damage_taken":0.0},{"cards_removed":["All Out Attack"],"damage_healed":0.0,"max_hp_gain":0.0,"max_hp_loss":0.0,"gold_gain":0.0,"event_name":"WeMeetAgain","player_choice":"Gave Card","floor":7.0,"gold_loss":0.0,"damage_taken":0.0,"relics_obtained":["Toxic Egg 2"]},{"damage_healed":0.0,"max_hp_gain":0.0,"max_hp_loss":5.0,"gold_gain":0.0,"event_name":"Golden Idol","player_choice":"Lose Max HP","floor":10.0,"gold_loss":0.0,"damage_taken":0.0,"relics_obtained":["Golden Idol"]},{"damage_healed":0,"gold_gain":0,"player_choice":"Simplicity","damage_taken":0,"max_hp_gain":0,"max_hp_loss":0,"event_name":"Back to Basics","floor":19,"gold_loss":0,"cards_upgraded":["Strike_G","Strike_G","Strike_G","Strike_G","Strike_G","Defend_G","Defend_G","Defend_G","Defend_G","Defend_G"]},{"damage_healed":0,"gold_gain":0,"player_choice":"Upgraded","damage_taken":0,"max_hp_gain":0,"max_hp_loss":0,"event_name":"Upgrade Shrine","floor":20,"gold_loss":0,"cards_upgraded":["Accuracy"]},{"damage_healed":21,"gold_gain":0,"player_choice":"Heal","damage_taken":0,"max_hp_gain":0,"max_hp_loss":0,"event_name":"The Library","floor":22,"gold_loss":0},{"cards_removed":["Strike_G"],"damage_healed":0,"gold_gain":0,"player_choice":"Card Removal","damage_taken":0,"max_hp_gain":0,"max_hp_loss":0,"event_name":"Wheel of Change","floor":29,"gold_loss":0},{"damage_healed":0,"gold_gain":0,"player_choice":"Forge","damage_taken":0,"max_hp_gain":0,"max_hp_loss":0,"event_name":"Accursed Blacksmith","floor":37,"gold_loss":0,"cards_upgraded":["Backstab"]},{"damage_healed":0,"gold_gain":0,"player_choice":"Memory 3","damage_taken":10,"max_hp_gain":0,"max_hp_loss":0,"event_name":"SensoryStone","floor":44,"gold_loss":0}],"is_beta":false,"boss_relics":[{"not_picked":["Busted Crown","Runic Pyramid"],"picked":"Calling Bell"},{"not_picked":["Snecko Eye","Velvet Choker"],"picked":"Tiny House"}],"items_purged_floors":[27,36,46],"is_endless":false,"potions_floor_spawned":[1,8,13,14,16,21,25,31,38,39,48],"ascension_level":9}}