{"host":"e4mqwdeqkh64qloq","time":1614456126,"event":{"mods":["BaseMod","Downfall","Minty Spire (QoL Compilation)","Relic Stats","Replay The Spire","StSLib","The Cursed"],"gold_per_floor":[113,125,142,153,153,186,30,66,92,125,144,144,153,196,196,306,306,332,332,351,372,161,197,197,225,278,278,297,44,64,79,79,185,185,207,234,270,120,120,120,47,47,96,96,136,158,158,182,191,191,191,200,45,86,86,86],"floor_reached":55,"language":"ENG","playtime":5185,"items_purged":["TheCursedMod:Strike_TheCursed","TheCursedMod:Strike_TheCursed"],"score":645,"play_id":"686f897a-0343-4aac-a8ac-b065837a0788","local_time":"20210227150206","is_ascension_mode":true,"campfire_choices":[{"data":"TheCursedMod:CircleOfFlame","floor":15,"key":"SMITH"},{"data":"TheCursedMod:CleanUpWorkshop","floor":24,"key":"SMITH"},{"floor":32,"key":"REST"},{"floor":44,"key":"RECALL"},{"data":"TheCursedMod:VoidForm","floor":49,"key":"SMITH"},{"data":"TheCursedMod:LuckyCharm","floor":52,"key":"SMITH"}],"circlet_count":0,"master_deck":["TheCursedMod:Defend_TheCursed","TheCursedMod:Defend_TheCursed","TheCursedMod:Defend_TheCursed","TheCursedMod:Defend_TheCursed","TheCursedMod:CursedWand","TheCursedMod:CleanUpWorkshop+1","TheCursedMod:Dregs","TheCursedMod:RavingStaff","TheCursedMod:CircleOfFlame+1","TheCursedMod:SpitefulStrike","TheCursedMod:SpitefulStrike+1","TheCursedMod:CursedBoomerang+1","Dark Shackles+1","TheCursedMod:LuckyCharm+1","TheCursedMod:Torture+1","TheCursedMod:BloodBarrier+1","Decay","TheCursedMod:CircleOfCorruption+1","TheCursedMod:DemonSword+1","TheCursedMod:RapidMovement+1","TheCursedMod:FleshFromBone+1","TheCursedMod:CursedBoomerang","TheCursedMod:Grudge+1","TheCursedMod:Grudge+1","TheCursedMod:SoulReap","TheCursedMod:Evocation+1","TheCursedMod:ReleasedStrength+1","TheCursedMod:VoidForm+1","TheCursedMod:SpitefulPlan","TheCursedMod:CursedMace+1","Parasite","TheCursedMod:LuckyCharm","TheCursedMod:CursedBlade+1","TheCursedMod:Hemoplague+1","TheCursedMod:VitalStrike+1","TheCursedMod:CollectTribute","TheCursedMod:CircleOfAbyss+1","TheCursedMod:LuckyCharm+1"],"relics":["Runic Pyramid","Toxic Egg 2","CeramicFish","Replay:Rubber Ducky","Odd Mushroom","Replay:Mystery Machine","Philosopher\u0027s Stone","Guide Book","Blue Doll","Strange Spoon","Painkiller Herb","Membership Card","Lee\u0027s Waffle","ReplayFunnel","Replay:PocketPolymizer","Ring of Panic","ReplayTheSpireMod:Ring of Addiction","Toy Ornithopter","Potion Belt","Ice Cream","Gremlin Food"],"acts_visited":["TheCity","TheBeyond","TheEnding"],"potions_floor_usage":[8,10,16,20,25,31,33,45,50,50,50,54,55],"damage_taken":[{"damage":2,"enemies":"Jaw Worm","floor":1,"turns":4},{"damage":7,"enemies":"2 Louse","floor":2,"turns":2},{"damage":0,"enemies":"Small Slimes","floor":3,"turns":2},{"damage":9,"enemies":"Gremlin Gang","floor":4,"turns":4},{"damage":14,"enemies":"Gremlin Nob","floor":6,"turns":4},{"damage":9,"enemies":"Replay:BlueRogue","floor":8,"turns":5},{"damage":3,"enemies":"The Mushroom Lair","floor":10,"turns":3},{"damage":1,"enemies":"Red Slaver","floor":11,"turns":3},{"damage":0,"enemies":"Gremlin Nob","floor":14,"turns":4},{"damage":4,"enemies":"Hexaghost","floor":16,"turns":6},{"damage":0,"enemies":"Chosen","floor":18,"turns":3},{"damage":2,"enemies":"3 Byrds","floor":20,"turns":3},{"damage":14,"enemies":"Centurion and Healer","floor":21,"turns":6},{"damage":7,"enemies":"Book of Stabbing","floor":23,"turns":5},{"damage":6,"enemies":"Shelled Parasite and Fungi","floor":25,"turns":4},{"damage":3,"enemies":"3 Cultists","floor":28,"turns":4},{"damage":31,"enemies":"Snake Plant","floor":30,"turns":4},{"damage":0,"enemies":"Centurion and Healer","floor":31,"turns":5},{"damage":13,"enemies":"Collector","floor":33,"turns":9},{"damage":26,"enemies":"3 Shapes","floor":35,"turns":6},{"damage":0,"enemies":"Orb Walker","floor":36,"turns":3},{"damage":27,"enemies":"Writhing Mass","floor":37,"turns":5},{"damage":26,"enemies":"Giant Head","floor":45,"turns":8},{"damage":21,"enemies":"3 Darklings","floor":46,"turns":4},{"damage":18,"enemies":"Sphere and 2 Shapes","floor":48,"turns":5},{"damage":14,"enemies":"Replay:Hell Engine","floor":50,"turns":8},{"damage":79,"enemies":"Shield and Spear","floor":54,"turns":8},{"damage":14,"enemies":"The Heart","floor":55,"turns":5}],"seed_played":"-6390852269068641847","potions_obtained":[{"floor":1,"key":"Regen Potion"},{"floor":4,"key":"SkillPotion"},{"floor":6,"key":"Energy Potion"},{"floor":11,"key":"LiquidMemories"},{"floor":14,"key":"PowerPotion"},{"floor":16,"key":"Block Potion"},{"floor":23,"key":"SteroidPotion"},{"floor":30,"key":"LifebloodPotion"},{"floor":31,"key":"sneckomod:MuddlingPotion"},{"floor":45,"key":"Venom Potion"},{"floor":47,"key":"AttackPotion"},{"floor":47,"key":"Weak Potion"},{"floor":47,"key":"Swift Potion"},{"floor":54,"key":"SmokeBomb"}],"is_trial":false,"path_per_floor":["M","M","M","M","?","E","$","E","T","?","M","$","?","E","R","B",null,"M","?","M","M","$","E","R","M","T","$","M","$","M","M","R","B",null,"?","?","?","T","?","?","T","?","T","T","E","?","?","?","T","B",null,"T","T","E","B"],"character_chosen":"THE_CURSED","items_purchased":["Dark Shackles+1","Guide Book","TheCursedMod:Grudge+1","Strange Spoon","Membership Card","Lee\u0027s Waffle","Ice Cream"],"campfire_rested":1,"item_purchase_floors":[7,22,22,29,38,41,53],"current_hp_per_floor":[73,66,66,57,57,43,43,46,46,43,42,42,42,42,42,38,75,75,75,73,59,59,52,52,46,46,46,49,49,23,32,54,46,75,49,49,27,27,27,27,82,82,82,82,75,67,67,57,57,66,82,82,82,6,0,0],"gold":86,"neow_bonus":"BOSS_RELIC","is_daily":false,"chose_seed":false,"campfire_upgraded":4,"win_rate":0.0,"timestamp":1614456126,"path_taken":["M","M","M","M","?","E","$","E","T","?","M","$","?","E","R","BOSS","M","?","?","?","$","E","R","M","T","?","?","$","M","M","R","BOSS","?","?","?","T","?","?","T","?","T","T","E","?","?","?","T","BOSS","T","T","E","BOSS"],"items_purchased_type":["Card","Relic","Card","Relic","Relic","Relic","Relic"],"build_version":"2020-12-22","purchased_purges":2,"victory":false,"max_hp_per_floor":[75,75,75,75,75,75,75,75,75,75,75,75,75,75,75,75,75,75,75,75,75,75,75,75,75,75,75,75,75,75,75,75,75,75,75,75,75,75,75,75,82,82,82,82,82,82,82,82,82,82,82,82,82,80,80,80],"relic_stats":{"Strange Spoon":[26],"Lee\u0027s Waffle":55,"counters":[28,132],"CeramicFish":225,"obtain_stats":[{"ReplayFunnel":43,"Potion Belt":47,"Ice Cream":53,"Gremlin Food":54,"TheCursedMod:BlackMagic101":0,"Lee\u0027s Waffle":41,"Replay:PocketPolymizer":45,"CeramicFish":8,"Guide Book":22,"ReplayTheSpireMod:Ring of Addiction":47,"Blue Doll":23,"Painkiller Herb":34,"Odd Mushroom":10,"Replay:Mystery Machine":14,"Replay:Rubber Ducky":9,"Strange Spoon":29,"Philosopher\u0027s Stone":17,"Membership Card":38,"Toxic Egg 2":6,"Ring of Panic":47,"Toy Ornithopter":47,"Runic Pyramid":0},{"ReplayFunnel":22,"Potion Belt":24,"Ice Cream":26,"Gremlin Food":27,"TheCursedMod:BlackMagic101":0,"Lee\u0027s Waffle":22,"Replay:PocketPolymizer":23,"CeramicFish":6,"Guide Book":13,"ReplayTheSpireMod:Ring of Addiction":24,"Blue Doll":14,"Painkiller Herb":19,"Odd Mushroom":7,"Replay:Mystery Machine":9,"Replay:Rubber Ducky":6,"Strange Spoon":16,"Philosopher\u0027s Stone":10,"Membership Card":22,"Toxic Egg 2":5,"Ring of Panic":24,"Toy Ornithopter":24,"Runic Pyramid":0},{"ReplayFunnel":94,"Potion Belt":106,"Ice Cream":119,"Gremlin Food":127,"TheCursedMod:BlackMagic101":0,"Lee\u0027s Waffle":94,"Replay:PocketPolymizer":102,"CeramicFish":21,"Guide Book":49,"ReplayTheSpireMod:Ring of Addiction":106,"Blue Doll":54,"Painkiller Herb":80,"Odd Mushroom":24,"Replay:Mystery Machine":31,"Replay:Rubber Ducky":21,"Strange Spoon":62,"Philosopher\u0027s Stone":37,"Membership Card":94,"Toxic Egg 2":16,"Ring of Panic":106,"Toy Ornithopter":106,"Runic Pyramid":0}],"Toy Ornithopter":20},"card_choices":[{"not_picked":["TheCursedMod:CursedArmor","TheCursedMod:Wield"],"picked":"TheCursedMod:RavingStaff","floor":1},{"not_picked":["TheCursedMod:SmokeScreen","TheCursedMod:CircleOfAmplification"],"picked":"TheCursedMod:CircleOfFlame","floor":2},{"not_picked":["TheCursedMod:HellsGateOpen","TheCursedMod:BlessingInDisguise"],"picked":"TheCursedMod:SpitefulStrike","floor":3},{"not_picked":["TheCursedMod:HellfireBreathing","TheCursedMod:RavingStaff"],"picked":"TheCursedMod:SpitefulStrike","floor":4},{"not_picked":["TheCursedMod:ParallelWorld+1","TheCursedMod:CursedAmulet+1"],"picked":"TheCursedMod:CursedBoomerang","floor":6},{"not_picked":["TheCursedMod:Obscuration+1","TheCursedMod:CircleOfFocus+1"],"picked":"TheCursedMod:LuckyCharm","floor":8},{"not_picked":["TheCursedMod:CursedShiv","TheCursedMod:AshesToAshes+1"],"picked":"TheCursedMod:Torture+1","floor":10},{"not_picked":["TheCursedMod:Stretching+1","TheCursedMod:RavingStaff"],"picked":"TheCursedMod:BloodBarrier+1","floor":11},{"not_picked":["TheCursedMod:SpitefulStrike","TheCursedMod:CursedAmulet+1"],"picked":"TheCursedMod:CircleOfCorruption+1","floor":14},{"not_picked":["TheCursedMod:ManaCirculation","TheCursedMod:NeowsMight+1"],"picked":"TheCursedMod:DemonSword","floor":16},{"not_picked":["TheCursedMod:AbyssShockwave+1","TheCursedMod:Hemoplague+1"],"picked":"TheCursedMod:RapidMovement+1","floor":18},{"not_picked":["TheCursedMod:Wield","TheCursedMod:StingEye+1"],"picked":"TheCursedMod:FleshFromBone+1","floor":20},{"not_picked":["TheCursedMod:CircleOfAmplification+1","TheCursedMod:RavingStaff"],"picked":"TheCursedMod:CursedBoomerang","floor":21},{"not_picked":["TheCursedMod:CollectTribute","TheCursedMod:RavingStaff"],"picked":"TheCursedMod:Grudge+1","floor":23},{"not_picked":["TheCursedMod:CircleOfCorruption+1","TheCursedMod:CursedMace"],"picked":"TheCursedMod:SoulReap","floor":25},{"not_picked":["TheCursedMod:FuryStrike+1","TheCursedMod:CircleOfFocus+1"],"picked":"TheCursedMod:Evocation+1","floor":28},{"not_picked":["TheCursedMod:RavingStaff","TheCursedMod:ForbiddenAlchemy+1"],"picked":"TheCursedMod:ReleasedStrength+1","floor":30},{"not_picked":["TheCursedMod:TacticalStrike","TheCursedMod:StingEye","TheCursedMod:Stigma"],"picked":"SKIP","floor":31},{"not_picked":["TheCursedMod:Neurasthenia+1","TheCursedMod:CircleOfAbyss+1"],"picked":"TheCursedMod:VoidForm","floor":33},{"not_picked":["TheCursedMod:RapidMovement+1","TheCursedMod:CursedSpellbook+1"],"picked":"TheCursedMod:SpitefulPlan","floor":35},{"not_picked":["TheCursedMod:TacticalStrike+1","TheCursedMod:Torture+1"],"picked":"TheCursedMod:CursedMace+1","floor":36},{"not_picked":["TheCursedMod:Torture+1","TheCursedMod:SpitefulStrike"],"picked":"TheCursedMod:LuckyCharm","floor":37},{"not_picked":["TheCursedMod:ManaBullet+1","TheCursedMod:Wield+1"],"picked":"TheCursedMod:CursedBlade+1","floor":45},{"not_picked":["TheCursedMod:CursedMace","TheCursedMod:CursedBoomerang"],"picked":"TheCursedMod:Hemoplague+1","floor":46},{"not_picked":["TheCursedMod:Stretching+1","TheCursedMod:WearCloak+1"],"picked":"TheCursedMod:VitalStrike+1","floor":48},{"not_picked":["TheCursedMod:DemonicPact","TheCursedMod:CursedSpellbook+1"],"picked":"TheCursedMod:LuckyCharm+1","floor":54}],"player_experience":291008,"relics_obtained":[{"floor":6,"key":"Toxic Egg 2"},{"floor":8,"key":"CeramicFish"},{"floor":9,"key":"Replay:Rubber Ducky"},{"floor":10,"key":"Odd Mushroom"},{"floor":14,"key":"Replay:Mystery Machine"},{"floor":23,"key":"Blue Doll"},{"floor":43,"key":"ReplayFunnel"},{"floor":45,"key":"Replay:PocketPolymizer"},{"floor":47,"key":"Ring of Panic"},{"floor":47,"key":"ReplayTheSpireMod:Ring of Addiction"},{"floor":47,"key":"Toy Ornithopter"},{"floor":47,"key":"Potion Belt"},{"floor":54,"key":"Gremlin Food"}],"event_choices":[{"damage_healed":0,"gold_gain":0,"player_choice":"Leave","damage_taken":0,"max_hp_gain":0,"max_hp_loss":0,"event_name":"The Cleric","floor":5,"gold_loss":0},{"damage_healed":0,"gold_gain":0,"player_choice":"Fought Mushrooms","damage_taken":0,"max_hp_gain":0,"max_hp_loss":0,"event_name":"Mushrooms","floor":10,"gold_loss":0},{"damage_healed":0,"gold_gain":0,"player_choice":"Upgraded","damage_taken":0,"max_hp_gain":0,"max_hp_loss":0,"event_name":"Upgrade Shrine","floor":19,"gold_loss":0,"cards_upgraded":["TheCursedMod:SpitefulStrike"]},{"damage_healed":0,"gold_gain":0,"player_choice":"Ignored","damage_taken":0,"max_hp_gain":0,"max_hp_loss":0,"event_name":"Mysterious Sphere","floor":39,"gold_loss":0},{"damage_healed":0,"gold_gain":0,"player_choice":"Ignored","damage_taken":0,"max_hp_gain":0,"max_hp_loss":0,"event_name":"The Moai Head","floor":40,"gold_loss":0},{"damage_healed":0,"gold_gain":0,"player_choice":"Ignored","damage_taken":0,"max_hp_gain":0,"max_hp_loss":0,"event_name":"SecretPortal","floor":42,"gold_loss":0}],"is_beta":false,"boss_relics":[{"not_picked":["Replay:Grab Bag","Fusion Hammer"],"picked":"Philosopher\u0027s Stone"},{"not_picked":["TheCursedMod:FourLeafCloverCharm","Busted Crown"],"picked":"Painkiller Herb"}],"items_purged_floors":[7,29],"is_endless":false,"potions_floor_spawned":[1,4,6,11,14,16,18,23,30,31,45,48,54],"killed_by":"The Heart","ascension_level":2}}