{"host":"wbs0wzz0alz01mnq","time":1614409064,"event":{"mods":["2.2 Compatiblity","AchievementEnabler","BaseMod","Bestiary","Colored Map","Colored Powertips","Curses Come First","Dark Map","DeckTracker","GifTheSpireLib","Googly Eyes","Highlight Path","Minty Spire (QoL Compilation)","Morshu Shopkeeper - ENHANCED","Permanent Neow","Quick Restart","RNG Fix","Rare Cards Sparkle","Robot Space Explorer","Smile Girya","StSLib","UnlockEverythingMod","Waifu the Spire","Weighted Paths"],"gold_per_floor":[112,112,112,187,201,201,201],"floor_reached":6,"language":"ENG","playtime":194,"items_purged":[],"score":37,"play_id":"185df916-15ba-4431-99d8-6dc763f8abb3","local_time":"20210227015744","is_ascension_mode":true,"campfire_choices":[],"circlet_count":0,"master_deck":["RobotSpaceExplorer:Strike","RobotSpaceExplorer:Strike","RobotSpaceExplorer:Strike","RobotSpaceExplorer:Defend","RobotSpaceExplorer:Defend","RobotSpaceExplorer:Defend","RobotSpaceExplorer:Defend","RobotSpaceExplorer:Scan","RobotSpaceExplorer:MiniLasers","RobotSpaceExplorer:Autoloader","RobotSpaceExplorer:MiniDrones","RobotSpaceExplorer:MiniBoosters"],"relics":["RobotSpaceExplorer:RoboCore","Bag of Preparation"],"acts_visited":["Exordium"],"potions_floor_usage":[6],"damage_taken":[{"damage":6.0,"enemies":"Jaw Worm","floor":1.0,"turns":8.0},{"damage":18.0,"enemies":"Small Slimes","floor":5.0,"turns":4.0},{"damage":22,"enemies":"Gremlin Nob","floor":6,"turns":4}],"seed_played":"1090469351289467186","potions_obtained":[{"floor":1.0,"key":"FearPotion"}],"is_trial":false,"path_per_floor":["M","?","?","?","M","E"],"character_chosen":"RobotSpaceExplorer","items_purchased":[],"campfire_rested":0,"item_purchase_floors":[],"current_hp_per_floor":[69,62,55,44,26,4,4],"gold":201,"neow_bonus":"ONE_RANDOM_RARE_CARD","is_daily":false,"chose_seed":false,"campfire_upgraded":0,"win_rate":0.0,"timestamp":1614409064,"path_taken":["M","?","?","?","M","E"],"items_purchased_type":[],"build_version":"2020-12-22","purchased_purges":0,"victory":false,"max_hp_per_floor":[75,75,75,75,75,75,75],"card_choices":[{"not_picked":["RobotSpaceExplorer:SurgingStrike","RobotSpaceExplorer:SwiftStep"],"picked":"RobotSpaceExplorer:MiniDrones","floor":1.0},{"not_picked":["RobotSpaceExplorer:SwiftStep","RobotSpaceExplorer:Discharger"],"picked":"RobotSpaceExplorer:MiniBoosters","floor":5.0}],"player_experience":73346,"relics_obtained":[],"event_choices":[{"damage_healed":0.0,"max_hp_gain":0.0,"max_hp_loss":0.0,"gold_gain":0.0,"event_name":"Scrap Ooze","player_choice":"Success","floor":2.0,"gold_loss":0.0,"damage_taken":7.0,"relics_obtained":["Bag of Preparation"]},{"cards_removed":["RobotSpaceExplorer:Strike"],"damage_healed":0.0,"max_hp_gain":0.0,"max_hp_loss":0.0,"gold_gain":0.0,"event_name":"Golden Wing","player_choice":"Card Removal","floor":3.0,"gold_loss":0.0,"damage_taken":7.0},{"damage_healed":0.0,"max_hp_gain":0.0,"max_hp_loss":0.0,"gold_gain":75.0,"event_name":"World of Goop","player_choice":"Gather Gold","floor":4.0,"gold_loss":0.0,"damage_taken":11.0}],"is_beta":false,"boss_relics":[],"items_purged_floors":[],"is_endless":false,"potions_floor_spawned":[1],"killed_by":"Gremlin Nob","ascension_level":2}}