{"host":"89iuq2p5kwriuwfq","time":1614441468,"event":{"mods":["BaseMod","Curses Come First","Custom Start","Minty Spire (QoL Compilation)","Permanent Neow","StSLib"],"gold_per_floor":[112,132,146,160,175,209,221,221,221],"floor_reached":8,"language":"ENG","playtime":623,"items_purged":[],"score":112,"play_id":"a05224df-0b1b-4c57-af68-77ea17bf8c40","local_time":"20210227155748","is_ascension_mode":true,"campfire_choices":[],"circlet_count":0,"master_deck":["AscendersBane","Strike_R","Strike_R","Strike_R","Strike_R","Strike_R","Defend_R","Defend_R","Defend_R","Defend_R","Bash","Demon Form","True Grit","Bloodletting","Sword Boomerang","Flame Barrier","Rupture","Cleave"],"relics":["Burning Blood","Tiny Chest"],"acts_visited":["Exordium"],"potions_floor_usage":[8],"damage_taken":[{"damage":6.0,"enemies":"Cultist","floor":1.0,"turns":4.0},{"damage":1.0,"enemies":"2 Louse","floor":2.0,"turns":5.0},{"damage":7.0,"enemies":"Jaw Worm","floor":3.0,"turns":3.0},{"damage":10.0,"enemies":"Blue Slaver","floor":4.0,"turns":6.0},{"damage":15.0,"enemies":"Red Slaver","floor":5.0,"turns":4.0},{"damage":27.0,"enemies":"3 Sentries","floor":6.0,"turns":6.0},{"damage":17.0,"enemies":"Exordium Thugs","floor":7.0,"turns":7.0},{"damage":20,"enemies":"Gremlin Nob","floor":8,"turns":5}],"seed_played":"-760099187490166549","potions_obtained":[{"floor":1.0,"key":"ColorlessPotion"},{"floor":2.0,"key":"Ancient Potion"},{"floor":7.0,"key":"SpeedPotion"}],"is_trial":false,"path_per_floor":["M","M","M","M","M","E","M","E"],"character_chosen":"IRONCLAD","items_purchased":[],"campfire_rested":0,"item_purchase_floors":[],"current_hp_per_floor":[68,73,72,68,59,38,27,7,7],"gold":221,"neow_bonus":"ONE_RANDOM_RARE_CARD","is_daily":false,"chose_seed":false,"campfire_upgraded":0,"win_rate":0.0,"timestamp":1614441468,"path_taken":["M","M","M","M","M","E","M","E"],"items_purchased_type":[],"build_version":"2020-12-22","purchased_purges":0,"victory":false,"max_hp_per_floor":[75,75,75,75,75,75,75,75,75],"card_choices":[{"not_picked":["Dark Embrace","Havoc"],"picked":"True Grit","floor":1.0},{"not_picked":["Wild Strike","Armaments"],"picked":"Bloodletting","floor":2.0},{"not_picked":["Clash","Iron Wave"],"picked":"Sword Boomerang","floor":3.0},{"not_picked":["Thunderclap","Heavy Blade"],"picked":"Flame Barrier","floor":4.0},{"not_picked":["Bloodletting","Body Slam"],"picked":"Rupture","floor":5.0},{"not_picked":["Power Through","Havoc","Body Slam"],"picked":"SKIP","floor":6.0},{"not_picked":["Clothesline","Havoc"],"picked":"Cleave","floor":7.0}],"player_experience":804832,"relics_obtained":[{"floor":6.0,"key":"Tiny Chest"}],"event_choices":[],"is_beta":false,"boss_relics":[],"items_purged_floors":[],"is_endless":false,"potions_floor_spawned":[1,2,7],"killed_by":"Gremlin Nob","ascension_level":16}}