{"host":"76qcaerkv4ktjkdu","time":1614421577,"event":{"mods":["Act Like it!","BaseMod","Library of Ruina","Library of Ruina Extra","Minty Spire (QoL Compilation)","MostiFishMod","StSLib","¡¾ÒÅÎï¿¨ÅÆ¡¿REMEMod"],"gold_per_floor":[111,111,125,125,135,154,79,96,172,206,106,120,131,131,131,232,232,247,346,366,378,378,378,390,390,390,390,409,434,434,462,462,563,563,563,48,80,80,80],"floor_reached":39,"language":"ZHS","playtime":2506,"items_purged":["LightAttack","LightDefense","Dodge"],"score":544,"play_id":"b6998bce-8ad1-4cfb-9c66-6fe908bfac48","local_time":"20210227182617","is_ascension_mode":false,"campfire_choices":[{"floor":15.0,"key":"REST"},{"floor":23.0,"key":"RECALL"},{"data":"SunsetBlade","floor":25.0,"key":"SMITH"},{"data":"ViolentFlame","floor":27.0,"key":"SMITH"},{"data":"BlazingStrike","floor":32.0,"key":"SMITH"},{"data":"BoundaryOfDeath","floor":36.0,"key":"SMITH"}],"circlet_count":0,"master_deck":["LightAttack","LightAttack","LightDefense","LightDefense","ChargeAndCover","FocusedStrikes","MostiFishMod:SpreadingSpore","Unlock1","ExtremeEdge","GrazeTheGrass","BackAttack","SunsetBlade+1","Concentration","ChiWen","RipSpace","ViolentFlame+1","BlindFaith+1","SunsetBlade+1","ForTheFamily","RushDown+1","GrazeTheGrass","BlazingStrike+1","BoundaryOfDeath+1","ViolentFlame","REME_WheelOfFate","Lock"],"relics":["PageOfLibrarian","DaveBox","REME_ComplimentaryCards","Brimstone","SynthV:TestCard","DianPoetry","PageOfBlackSwan","PageOfBigBadWolf","Pen Nib","Centennial Puzzle","Busted Crown","Medical Kit","Blue Candle"],"acts_visited":["Exordium","TheCity","TheBeyond","TheEnding"],"potions_floor_usage":[39,39,39],"damage_taken":[{"damage":0.0,"enemies":"2 Louse","floor":1.0,"turns":2.0},{"damage":0.0,"enemies":"Small Slimes","floor":3.0,"turns":3.0},{"damage":0.0,"enemies":"Cultist","floor":5.0,"turns":2.0},{"damage":14.0,"enemies":"Red Slaver","floor":6.0,"turns":2.0},{"damage":9.0,"enemies":"Large Slime","floor":8.0,"turns":3.0},{"damage":26.0,"enemies":"3 Sentries","floor":10.0,"turns":5.0},{"damage":8.0,"enemies":"2 Fungi Beasts","floor":12.0,"turns":2.0},{"damage":8.0,"enemies":"Looter","floor":13.0,"turns":2.0},{"damage":3.0,"enemies":"The Guardian","floor":16.0,"turns":5.0},{"damage":9.0,"enemies":"2 Thieves","floor":18.0,"turns":2.0},{"damage":3.0,"enemies":"Chosen","floor":20.0,"turns":3.0},{"damage":6.0,"enemies":"Centurion and Healer","floor":21.0,"turns":3.0},{"damage":18.0,"enemies":"Shelled Parasite and Fungi","floor":24.0,"turns":1.0},{"damage":0.0,"enemies":"Snecko","floor":28.0,"turns":2.0},{"damage":13.0,"enemies":"Slavers","floor":29.0,"turns":4.0},{"damage":24.0,"enemies":"Book of Stabbing","floor":31.0,"turns":4.0},{"damage":40.0,"enemies":"Collector","floor":33.0,"turns":4.0},{"damage":0.0,"enemies":"Shield and Spear","floor":38.0,"turns":2.0},{"damage":72,"enemies":"The Heart","floor":39,"turns":3}],"seed_played":"-1720686721675892976","potions_obtained":[{"floor":3.0,"key":"Strength Potion"},{"floor":4.0,"key":"Strength Potion"},{"floor":4.0,"key":"LiquidMemories"},{"floor":8.0,"key":"DistilledChaos"},{"floor":29.0,"key":"DuplicationPotion"},{"floor":31.0,"key":"Ancient Potion"}],"is_trial":false,"path_per_floor":["M","?","M","?","M","M","$","M","T","E","$","M","M","?","R","B",null,"M","?","M","M","?","R","M","R","T","R","M","E","?","E","R","B",null,"R","$","E","B"],"character_chosen":"Librarian","items_purchased":["Medical Kit","ViolentFlame","REME_WheelOfFate"],"campfire_rested":1,"item_purchase_floors":[37,37,37],"current_hp_per_floor":[60,65,68,68,70,56,56,49,49,26,26,18,10,10,39,47,98,89,89,93,87,81,81,63,63,63,63,69,71,94,74,74,53,94,94,94,94,22,22],"gold":80,"neow_bonus":"REMOVE_CARD","is_daily":false,"chose_seed":false,"campfire_upgraded":4,"win_rate":0.0,"timestamp":1614421577,"path_taken":["M","?","M","?","M","?","?","?","T","E","$","M","M","?","R","BOSS","M","?","M","M","?","R","M","R","T","R","?","E","?","E","R","BOSS","R","$","E","BOSS"],"items_purchased_type":["Relic","Card","Card"],"build_version":"2020-12-22","purchased_purges":3,"victory":false,"max_hp_per_floor":[71,76,76,76,76,76,76,76,76,76,76,76,98,98,98,98,98,98,98,94,94,94,94,94,94,94,94,94,94,94,94,94,94,94,94,94,94,94,94],"card_choices":[{"not_picked":["Diversion","SpearedSweep","SomberProcuration","CoordinatedAssault","Parry2","FleetEdge","DestructiveImpact","Wallop_lor"],"picked":"Unlock1","floor":1.0},{"not_picked":["HandleRequest","AssaultOrder","Multislash","AutonomousRush","UnforgettableMelody","HighSpeedStabbing","HiddenBlade","EnergyCycle","MultiHit","QuickSuppression"],"picked":"ExtremeEdge","floor":3.0},{"not_picked":["SmokingPipe","DriedUp","SharpenedBlade","EndlessBattle","Reload","DefenseOrder","SharpSwipe","UnavoidableGaze","ICanCookAnything","TheWillOfTheCity"],"picked":"GrazeTheGrass","floor":5.0},{"not_picked":["FendThisOffIfYouCan","RepressedFlesh","Marionette","ClassAndRespect","WillBeTasty","Quickness","DesperateStruggle","Leap_lor","Pound","ViolentFlame"],"picked":"BackAttack","floor":6.0},{"not_picked":["AbsorbImpact","SuppressingShot","ToOvercomeCrisis","FierceCharge","GrazeTheGrass","Marionette","StructuralAnalysis","Crush","DeepDrag","UpbeatPerformance"],"picked":"SunsetBlade","floor":8.0},{"not_picked":["RhinoRam","TendonChords","ScratchThat","CumulusWall","FierceCharge","FocusFire","PreparedMind","ToOvercomeCrisis","SmokingPipe","UnavoidableGaze"],"picked":"Concentration","floor":10.0},{"not_picked":["GrazeTheGrass","Ripple","YouOnlyLiveOnce","Rewind","AGoldenOpportunity","ClassAndRespect","Diversion","StructuralAnalysis","Feast","EndlessBattle"],"picked":"ChiWen","floor":12.0},{"not_picked":["IdentifyWeakpoint","TheRedNotes","FleetEdge","SmokingPipe","SinglePointStab","PreemptiveStrike","NightInTheBackstreets","UnavoidableGaze","MultiBlock","BackAttack","AbsorbImpact"],"picked":"SKIP","floor":13.0},{"not_picked":["ScratchThat","Tttonst","ChargeUp","Decapitation"],"picked":"RipSpace","floor":16.0},{"not_picked":["SpearedSweep+1","GuidanceOfTheGears","EndlessBattle+1","Unlock1+1","YoureAHindrance","EnergyShield","KeepItFresh","FierceOnslaught","SteelKnuckles","Cruelty"],"picked":"ViolentFlame","floor":18.0},{"not_picked":["BiAn","MirageStorm","GuardingStance","HighKick+1","ExtractFuel","QuickAttack","Tailoring","Thrust","StructuralAnalysis+1","PreemptiveStrike+1"],"picked":"BlindFaith+1","floor":20.0},{"not_picked":["IronWall","Thirst+1","Wallop_lor+1","NightInTheBackstreets","GrazeTheGrass+1","PinpointShot","VioletBlade","Reload+1","SuppressingShot","EnergyStrike"],"picked":"SunsetBlade+1","floor":21.0},{"not_picked":["SpearedSweep","Marionette","SharpSwipe+1","GaleKick","StrikeDown","LossOfSenses","Fence","SuppressingShot","Endure+1","NightInTheBackstreets+1"],"picked":"ForTheFamily","floor":24.0},{"not_picked":["EnergyStrike","PreemptiveStrike","Rewind","StrongStrike","StructuralAnalysis","MultiHit","PinpointShot+1","FaintMemories","Parry2","Eliminate"],"picked":"RushDown+1","floor":28.0},{"not_picked":["FendThisOffIfYouCan","SinglePointStab","SmokingPipe+1","FierceOnslaught","LoosenUp","Diversion","RhinoRam","BiAn+1","PreemptiveStrike+1","ChargeUp"],"picked":"GrazeTheGrass","floor":29.0},{"not_picked":["ShockingBlow+1","Standoff+1","UnavoidableGaze","GreatSerpentsImpact","LossOfSenses","VioletBlade","TendonChords+1","ShrineToMusic","GuardingStance+1","MultiHit+1"],"picked":"BlazingStrike","floor":31.0},{"not_picked":["TieShanKao","Eradication","MirageStorm","Suppress"],"picked":"BoundaryOfDeath","floor":33.0},{"not_picked":["ClassAndRespect","SpearedSweep","IllEndYou+1","RulesOfTheBackstreets","Outburst","DarkCloud+1","RatsGuideToSurvival","Unlock1+1"],"picked":"Lock","floor":38.0}],"player_experience":97804,"relics_obtained":[{"floor":1.0,"key":"SynthV:TestCard"},{"floor":10.0,"key":"DianPoetry"},{"floor":26.0,"key":"PageOfBigBadWolf"},{"floor":29.0,"key":"Pen Nib"},{"floor":31.0,"key":"Centennial Puzzle"},{"floor":38.0,"key":"Blue Candle"}],"event_choices":[{"damage_healed":0.0,"max_hp_gain":5.0,"max_hp_loss":0.0,"gold_gain":0.0,"event_name":"Big Fish","player_choice":"Donut","floor":2.0,"gold_loss":0.0,"damage_taken":0.0},{"damage_healed":0.0,"max_hp_gain":0.0,"max_hp_loss":0.0,"gold_gain":0.0,"event_name":"Lab","player_choice":"Got Potions","floor":4.0,"gold_loss":0.0,"damage_taken":0.0},{"damage_healed":0.0,"max_hp_gain":0.0,"max_hp_loss":0.0,"gold_gain":0.0,"event_name":"Shining Light","player_choice":"Ignored","floor":14.0,"gold_loss":0.0,"damage_taken":0.0},{"damage_healed":0.0,"max_hp_gain":0.0,"max_hp_loss":0.0,"gold_gain":99.0,"event_name":"Nest","player_choice":"Stole From Cult","floor":19.0,"gold_loss":0.0,"damage_taken":0.0},{"damage_healed":0.0,"max_hp_gain":0.0,"max_hp_loss":0.0,"gold_gain":0.0,"event_name":"Knowing Skull","player_choice":"","floor":22.0,"potions_obtained":[],"gold_loss":0.0,"damage_taken":6.0,"cards_obtained":[]},{"damage_healed":31.0,"max_hp_gain":0.0,"max_hp_loss":0.0,"gold_gain":0.0,"event_name":"The Library","player_choice":"Heal","floor":30.0,"gold_loss":0.0,"damage_taken":0.0}],"is_beta":false,"boss_relics":[{"not_picked":["Astrolabe","ExusiaiGun"],"picked":"PageOfBlackSwan"},{"not_picked":["HereWithMe","FixedStarFall"],"picked":"Busted Crown"}],"items_purged_floors":[7,11,37],"is_endless":false,"potions_floor_spawned":[3,5,8,24,29,31,33,38],"killed_by":"The Heart","ascension_level":0}}