{"host":"h3awr6eovmieyhyn","time":1614404962,"event":{"mods":["Act Like it!","Aspiration","BaseMod","BetterRewards","Downfall","Gensokyo","Hubris","Infinite Spire","Lobotomy","LobotomyExtend","Marisa????????","Minty Spire (QoL Compilation)","Reliquary","Replay The Spire","Robot Space Explorer","Shade Mod","StSLib","Td1madao Mod","The Bug Knight","The Cursed","The Disciple","The Hierophant","The Jungle","The Marked","The Necromancer","The Servant 0.9.4","[IsaacMod]????"],"gold_per_floor":[109,109,127,146,26,26,26,26,74,74,74,74,5,20,20,123,123,135,99,99,99,118,153,153,170,170,26,26,26,58,58,92,92,125,150,150,150,165,165,262],"floor_reached":17,"language":"ENG","playtime":1906,"items_purged":[],"score":411,"play_id":"ccdec0f7-6150-4d6f-923a-7994d22978b4","local_time":"20210227054922","daily_mods":["Heirloom","Flight","DeadlyEvents"],"is_ascension_mode":false,"campfire_choices":[{"data":"Manipulate","floor":6,"key":"SMITH"},{"data":"Luminosity","floor":7,"key":"SMITH"},{"data":"SilverBlades","floor":15,"key":"SMITH"},{"data":"MysteriousBeam","floor":7,"key":"SMITH"},{"data":"Flex","floor":12,"key":"SMITH"},{"data":"Inflame","floor":13,"key":"SMITH"},{"data":"Spot Weakness","floor":15,"key":"SMITH"}],"circlet_count":0,"master_deck":["Strike_S","Strike_S","Strike_S","Strike_S","Defend_S","Defend_S","Defend_S","Defend_S","KidneyShot","Exchange","Starlight","Luminosity+1","FastForward","Manipulate+1","ReturningBlade","ReturningBlade","Luminosity","Spin","SilverBlades+1","Enlightenment","SurpressingFire","Sabotage","KillingDoll","6A+1","MachineGunSpark","FloweringNight","Rearm+1","ShootingEcho","FanOfKnives","Inflame+1","MysteriousBeam+1","SuperPerseids","SuperPerseids","Flex+1","Inflame+1","Spot Weakness+1","Double Tap"],"relics":["replay:Trail_Library","HushsDoor","BFFS","Bird Faced Urn","aspiration:Nostalgia","Sizzling Blood","reliquary:ExpiredCoupon","Ginger","aspiration:MarisaSkillbook","reliquary:TuningFork","aspiration:Nostalgia","infinitespire:DarkRift","replay:Trail_Library","LetterFromLob","m_ScarletBlood","BelialBook","reliquary:Stiletto","bronze:BronzeIdol","Eternal Feather","Meat on the Bone","Incense Burner"],"acts_visited":["Exordium","TheCity"],"potions_floor_usage":[16,18,6],"damage_taken":[{"damage":5,"enemies":"Jaw Worm","floor":1,"turns":5},{"damage":0,"enemies":"Cultist","floor":3,"turns":3},{"damage":0,"enemies":"2 Louse","floor":4,"turns":3},{"damage":0,"enemies":"Lots of Slimes","floor":14,"turns":1},{"damage":79,"enemies":"Fading Forest","floor":16,"turns":11},{"damage":23,"enemies":"2 Thieves","floor":18,"turns":3},{"damage":16,"enemies":"3 Byrds","floor":22,"turns":5},{"damage":41,"enemies":"Book of Stabbing","floor":23,"turns":7},{"damage":3,"enemies":"Jaw Worm","floor":1,"turns":2},{"damage":33,"enemies":"Gremlin Nob","floor":6,"turns":4},{"damage":20,"enemies":"Lagavulin","floor":8,"turns":3},{"damage":0,"enemies":"Gremlin Nob","floor":10,"turns":4},{"damage":0,"enemies":"Lagavulin","floor":11,"turns":2},{"damage":0,"enemies":"2 Louse","floor":14,"turns":2},{"damage":0,"enemies":"Fading Forest","floor":16,"turns":9}],"seed_played":"7395091523926285975","potions_obtained":[{"floor":14,"key":"bronze:BurnAndBuffPotion"},{"floor":16,"key":"Death Potion"},{"floor":1,"key":"SteroidPotion"}],"is_trial":true,"path_per_floor":["M","?","M","M","$","R","R","WH","T","WH","T","WH","$","M","R","B",null,"M","$","?","WH","M","E","WH","M","M","?","$","?","?","E","R","E","T","E","E","R","R","M","R","B",null],"character_chosen":"THE_SERVANT","items_purchased":["Manipulate","ReturningBlade","SurpressingFire","MachineGunSpark","BelialBook"],"campfire_rested":0,"item_purchase_floors":[5,5,13,19,3],"current_hp_per_floor":[60,60,60,62,62,62,62,66,66,66,66,66,66,69,69,6,69,52,52,69,69,65,38,38,69,69,69,69,69,46,46,34,34,42,48,66,69,69,69,69],"gold":262,"neow_bonus":"NOSTALGIA","is_daily":false,"chose_seed":false,"campfire_upgraded":7,"win_rate":0.0,"timestamp":1614404962,"path_taken":["M","?","?","M","$","R","R","WH","T","WH","?","WH","$","M","R","BOSS","M","?","?","WH","M","E","WH","M","M","?","$","?","?","E","R","E","T","E","?","R","R","M","R","BOSS"],"items_purchased_type":["Card","Card","Card","Card","Relic"],"build_version":"2020-12-22","purchased_purges":0,"victory":true,"max_hp_per_floor":[65,65,65,65,65,65,65,69,69,69,69,69,69,69,69,69,69,69,69,69,69,69,69,69,69,69,69,69,69,69,69,69,69,69,69,69,69,69,69,69],"card_choices":[{"not_picked":["Alleviate","Bomb"],"picked":"Starlight","floor":1},{"not_picked":["Rewind","DoubleEdge"],"picked":"Luminosity","floor":3},{"not_picked":["ForgedInTime","Replace"],"picked":"FastForward","floor":4},{"not_picked":["Shuttle","BottledTime"],"picked":"Spin","floor":10},{"not_picked":["Bomb","Survey Options"],"picked":"Enlightenment","floor":12},{"not_picked":["DualDimension","Spin"],"picked":"Sabotage","floor":14},{"not_picked":["FloweringNight","TheWorld"],"picked":"KillingDoll","floor":16},{"not_picked":["TimeTheft+1","Replace+1","Defy+1"],"picked":"6A+1","floor":18},{"not_picked":["ShatteredReality","AsteroidBelt","Acceleration"],"picked":"Rearm+1","floor":22},{"not_picked":["Replace","MillisecondPulsars","EarthLightRay"],"picked":"ShootingEcho","floor":23},{"not_picked":["DoubleEdge","TimeWarp","6A"],"picked":"FanOfKnives","floor":1},{"not_picked":["IllusionStar","Ricochet","GravityBeat"],"picked":"MysteriousBeam","floor":6},{"not_picked":["Misdirection","AsteroidBelt","DoubleEdge"],"picked":"SuperPerseids","floor":8},{"not_picked":["SpecialFormula","Pummel","Manipulate"],"picked":"SuperPerseids","floor":10},{"not_picked":["SporeBomb","SprinkleStarSeal","Heavy Blade"],"picked":"Flex","floor":11},{"not_picked":["StarBarrage","SporeBomb","ReturningBlade"],"picked":"Spot Weakness","floor":14},{"not_picked":["Solidify","SoulSculpture","CasketOfStar"],"picked":"Double Tap","floor":16}],"player_experience":176009,"relics_obtained":[{"floor":1,"key":"LetterFromLob"},{"floor":9,"key":"reliquary:ExpiredCoupon"},{"floor":11,"key":"Ginger"},{"floor":23,"key":"reliquary:TuningFork"},{"floor":1,"key":"LetterFromLob"},{"floor":6,"key":"reliquary:Stiletto"},{"floor":8,"key":"bronze:BronzeIdol"},{"floor":9,"key":"Eternal Feather"},{"floor":10,"key":"Meat on the Bone"},{"floor":11,"key":"Incense Burner"}],"event_choices":[{"damage_healed":17,"gold_gain":0,"player_choice":"Full Heal","damage_taken":0,"max_hp_gain":0,"max_hp_loss":0,"event_name":"Wheel of Change","floor":20,"gold_loss":0},{"damage_healed":0,"gold_gain":0,"player_choice":"Grow","damage_taken":0,"max_hp_gain":0,"max_hp_loss":0,"event_name":"Living Wall","floor":5,"gold_loss":0,"cards_upgraded":["Inflame"]}],"is_beta":false,"boss_relics":[{"not_picked":["hubris:ScarierMask","Black Star"],"picked":"aspiration:MarisaSkillbook"},{"not_picked":[]}],"items_purged_floors":[],"is_endless":false,"potions_floor_spawned":[14,16,1],"ascension_level":0}}