{"host":"1ot21gvocus9hpzo","time":1614389451,"event":{"mods":["BaseMod","Colored Map","Colored Powertips","Infinite Spire","Minty Spire (QoL Compilation)","StSLib"],"gold_per_floor":[109,126,276,9,9,9,9,25,25,25,41,41,58,58,58,136,136,150,150,75,46,46,46,76,88,141,160,179,79,91,91,91,170,170,182,195,42,42,42,76,76,76,76],"floor_reached":42,"language":"ENG","playtime":1473,"items_purged":["Doubt","Strike_G+1","Sucker Punch"],"score":868,"play_id":"aea7a081-bdb9-410d-a9cc-98be2f02bf7e","local_time":"20210226173051","is_ascension_mode":true,"campfire_choices":[{"data":"Neutralize","floor":6,"key":"SMITH"},{"data":"infinitespire:Collect","floor":10,"key":"SMITH"},{"floor":15,"key":"REST"},{"data":"Envenom","floor":23,"key":"SMITH"},{"floor":32,"key":"REST"}],"circlet_count":0,"master_deck":["AscendersBane","Survivor","Neutralize+1","Noxious Fumes","Noxious Fumes","Blur","Bandage Up","infinitespire:Collect+1","Envenom+1","Deflect","Blur","Accuracy","Blade Dance","Deflect","Blade Dance","Backflip+1","Dodge and Roll","Accuracy","A Thousand Cuts"],"relics":["Cracked Core","Torii","infinitespire:Cubic Diamond","Empty Cage","infinitespire:Beetle Shell","Happy Flower","Matryoshka","Pandora\u0027s Box","Toxic Egg 2"],"acts_visited":["Exordium","TheCity","TheBeyond"],"potions_floor_usage":[27,33,33],"damage_taken":[{"damage":1,"enemies":"2 Louse","floor":1,"turns":4},{"damage":6,"enemies":"Small Slimes","floor":2,"turns":4},{"damage":0,"enemies":"Jaw Worm","floor":8,"turns":4},{"damage":9,"enemies":"Red Slaver","floor":11,"turns":4},{"damage":8,"enemies":"Blue Slaver","floor":13,"turns":4},{"damage":23,"enemies":"The Guardian","floor":16,"turns":10},{"damage":17,"enemies":"Shell Parasite","floor":18,"turns":7},{"damage":1,"enemies":"Nightmare","floor":24,"turns":7},{"damage":24,"enemies":"2 Thieves","floor":25,"turns":4},{"damage":24,"enemies":"Shelled Parasite and Fungi","floor":27,"turns":5},{"damage":23,"enemies":"Cultist and Chosen","floor":28,"turns":5},{"damage":1,"enemies":"Snake Plant","floor":30,"turns":5},{"damage":8,"enemies":"Collector","floor":33,"turns":9},{"damage":23,"enemies":"3 Darklings","floor":35,"turns":5},{"damage":2,"enemies":"3 Shapes","floor":36,"turns":6},{"damage":35,"enemies":"Giant Head","floor":40,"turns":7},{"damage":36,"enemies":"Reptomancer","floor":42,"turns":2}],"seed_played":"139744918265480559","potions_obtained":[{"floor":8,"key":"GamblersBrew"},{"floor":13,"key":"FairyPotion"},{"floor":25,"key":"ColorlessPotion"},{"floor":27,"key":"CunningPotion"},{"floor":28,"key":"SteroidPotion"},{"floor":33,"key":"SteroidPotion"},{"floor":36,"key":"LiquidBronze"}],"is_trial":false,"path_per_floor":["M","M","?","$","?","R","$","M","T","R","M","?","M","?","R","B",null,"M","?","?","$","?","R","NM","M","T","M","M","$","M","T","R","B",null,"M","M","$","?","?","E","$","E"],"character_chosen":"THE_SILENT","items_purchased":["Blur","Bandage Up","Blade Dance","Dodge and Roll"],"campfire_rested":2,"item_purchase_floors":[4,4,21,37],"current_hp_per_floor":[58,52,52,52,36,36,36,40,40,40,35,35,31,24,43,24,56,43,43,43,43,43,43,48,28,28,8,29,29,32,32,51,47,61,42,44,44,44,44,13,13,0,0],"gold":76,"neow_bonus":"REMOVE_CARD","is_daily":false,"chose_seed":false,"campfire_upgraded":3,"win_rate":0.0,"timestamp":1614389451,"path_taken":["M","M","?","$","?","R","?","M","T","R","?","?","M","?","R","BOSS","M","?","?","$","?","R","NM","M","T","?","M","$","M","?","R","BOSS","M","M","$","?","?","E","$","E"],"items_purchased_type":["Card","Card","Card","Card"],"build_version":"2020-12-22","purchased_purges":3,"victory":false,"max_hp_per_floor":[66,66,66,66,66,66,66,66,66,66,66,66,66,66,66,66,66,66,66,66,66,66,66,66,66,66,66,66,66,66,66,66,66,66,66,66,66,66,66,66,66,66,66],"card_choices":[{"not_picked":["Deflect","Prepared"],"picked":"Noxious Fumes","floor":1},{"not_picked":["Backstab","All Out Attack"],"picked":"Noxious Fumes","floor":2},{"not_picked":["infinitespire:FutureSight","infinitespire:SealOfDarkness+"],"picked":"infinitespire:Collect","floor":5},{"not_picked":["Slice","Choke","Dash"],"picked":"SKIP","floor":8},{"not_picked":["PiercingWail","Endless Agony","Underhanded Strike"],"picked":"SKIP","floor":11},{"not_picked":["Flying Knee","Prepared","Distraction"],"picked":"SKIP","floor":13},{"not_picked":["Storm of Steel","Wraith Form v2"],"picked":"Envenom","floor":16},{"not_picked":["Backflip","Choke+1"],"picked":"Deflect","floor":18},{"not_picked":["Quick Slash","PiercingWail","Poisoned Stab"],"picked":"SKIP","floor":24},{"not_picked":["Slice","Masterful Stab","Bouncing Flask"],"picked":"SKIP","floor":25},{"not_picked":["Choke","Noxious Fumes","Sucker Punch"],"picked":"SKIP","floor":27},{"not_picked":["Venomology","Prepared"],"picked":"Deflect","floor":28},{"not_picked":["Poisoned Stab","Prepared"],"picked":"Blade Dance","floor":30},{"not_picked":["Bane","Expertise"],"picked":"Backflip+1","floor":35},{"not_picked":["Bane+1","Underhanded Strike"],"picked":"Poisoned Stab","floor":36},{"not_picked":["Deflect+1","Corpse Explosion+1"],"picked":"A Thousand Cuts","floor":40}],"player_experience":3878304,"relics_obtained":[{"floor":9,"key":"Torii"},{"floor":24,"key":"infinitespire:Beetle Shell"},{"floor":26,"key":"Happy Flower"},{"floor":31,"key":"Matryoshka"},{"floor":40,"key":"Toxic Egg 2"}],"event_choices":[{"damage_healed":0,"gold_gain":150,"player_choice":"AGREE","damage_taken":0,"max_hp_gain":0,"max_hp_loss":0,"event_name":"Liars Game","floor":3,"gold_loss":0,"cards_obtained":["Doubt"]},{"cards_removed":["Strike_G"],"damage_healed":0,"gold_gain":0,"player_choice":"Card Removal","damage_taken":7,"max_hp_gain":0,"max_hp_loss":0,"event_name":"Golden Wing","floor":14,"gold_loss":0},{"damage_healed":0,"gold_gain":0,"cards_transformed":["Strike_G","Defend_G"],"player_choice":"Became Test Subject","damage_taken":0,"max_hp_gain":0,"max_hp_loss":0,"event_name":"Drug Dealer","floor":19,"gold_loss":0,"cards_obtained":["Blur","Accuracy"]},{"cards_removed":["Defend_G"],"damage_healed":0,"gold_gain":0,"player_choice":"Gave Gold","damage_taken":0,"max_hp_gain":0,"max_hp_loss":0,"event_name":"Beggar","floor":20,"gold_loss":75},{"damage_healed":0,"gold_gain":0,"player_choice":"Simplicity","damage_taken":0,"max_hp_gain":0,"max_hp_loss":0,"event_name":"Back to Basics","floor":22,"gold_loss":0,"cards_upgraded":["Strike_G","Strike_G","Defend_G"]},{"cards_removed":["Poisoned Stab"],"damage_healed":0,"gold_gain":0,"player_choice":"Removed Attack","damage_taken":0,"max_hp_gain":0,"max_hp_loss":0,"event_name":"Falling","floor":38,"gold_loss":0},{"damage_healed":0,"gold_gain":0,"cards_transformed":["Caltrops"],"player_choice":"Transformed","damage_taken":0,"max_hp_gain":0,"max_hp_loss":0,"event_name":"Transmorgrifier","floor":39,"gold_loss":0,"cards_obtained":["Accuracy"]}],"is_beta":false,"boss_relics":[{"not_picked":["Busted Crown","Snecko Eye"],"picked":"Empty Cage"},{"not_picked":["Sozu","Velvet Choker"],"picked":"Pandora\u0027s Box"}],"items_purged_floors":[4,29,37],"is_endless":true,"potions_floor_spawned":[8,13,18,25,27,28,33,36,40],"killed_by":"Reptomancer","ascension_level":20}}