{"host":"36t3qd3wjvajtu1z","time":1614387436,"event":{"mods":["2.2 Compatiblity","AchievementEnabler","BaseMod","Bestiary","Block Reminder","Colored Powertips","Curses Come First","Filter the Spire","Highlight Path","Minty Spire (QoL Compilation)","Permanent Neow","Quick Restart","Random Character Button","Rare Cards Sparkle","Relic Stats","Slay-I","StSLib","Unknown Chances"],"gold_per_floor":[13,30,30,44,54,81,81,93,119,134,148,148,161,194,194,269,269,269,269,269,269,269,269,269,269],"floor_reached":24,"language":"ENG","playtime":1404,"items_purged":[],"score":407,"play_id":"032dcd5b-bf25-4150-8287-31ef0f1688b9","local_time":"20210226165716","is_ascension_mode":true,"campfire_choices":[{"data":"Beam Cell","floor":7,"key":"SMITH"},{"floor":12,"key":"REST"},{"data":"Buffer","floor":15,"key":"SMITH"},{"floor":23,"key":"REST"}],"circlet_count":0,"master_deck":["AscendersBane","Strike_B","Strike_B","Strike_B","Defend_B","Defend_B","Defend_B","Zap","Dualcast","Loop+1","Cold Snap","Streamline","Seek","Beam Cell+1","FTL","Chill","Buffer+1","Recycle","Conserve Battery","Echo Form","Aggregate","Double Energy","Loop+1","Gash+1"],"relics":["Cracked Core","Regal Pillow","Dream Catcher","Ancient Tea Set","Ectoplasm"],"acts_visited":["Exordium","TheCity"],"potions_floor_usage":[6,16,18,18,22],"damage_taken":[{"damage":0,"enemies":"2 Louse","floor":1,"turns":2},{"damage":0,"enemies":"Cultist","floor":2,"turns":3},{"damage":10,"enemies":"Jaw Worm","floor":4,"turns":2},{"damage":0,"enemies":"Large Slime","floor":5,"turns":4},{"damage":27,"enemies":"Gremlin Nob","floor":6,"turns":4},{"damage":9,"enemies":"3 Louse","floor":8,"turns":3},{"damage":7,"enemies":"Exordium Wildlife","floor":10,"turns":2},{"damage":1,"enemies":"Looter","floor":11,"turns":2},{"damage":0,"enemies":"Large Slime","floor":13,"turns":3},{"damage":2,"enemies":"Lagavulin","floor":14,"turns":7},{"damage":17,"enemies":"Slime Boss","floor":16,"turns":9},{"damage":30,"enemies":"3 Byrds","floor":18,"turns":7},{"damage":8,"enemies":"Chosen","floor":19,"turns":6},{"damage":0,"enemies":"Centurion and Healer","floor":21,"turns":8},{"damage":15,"enemies":"Cultist and Chosen","floor":22,"turns":9},{"damage":0,"enemies":"Gremlin Leader","floor":24,"turns":2}],"seed_played":"668216382007299332","potions_obtained":[{"floor":1,"key":"GamblersBrew"},{"floor":4,"key":"Explosive Potion"},{"floor":6,"key":"SneckoOil"},{"floor":10,"key":"Weak Potion"},{"floor":16,"key":"SkillPotion"},{"floor":19,"key":"AttackPotion"},{"floor":21,"key":"SpeedPotion"}],"is_trial":false,"path_per_floor":["M","M","?","M","M","E","R","M","T","M","M","R","M","E","R","B",null,"M","M","?","M","M","R","E"],"character_chosen":"DEFECT","items_purchased":[],"campfire_rested":2,"item_purchase_floors":[],"current_hp_per_floor":[64,64,64,54,54,27,27,18,18,11,10,46,46,44,44,27,60,30,22,22,22,7,43,43,43],"gold":269,"neow_bonus":"REMOVE_TWO","is_daily":false,"chose_seed":false,"campfire_upgraded":2,"win_rate":0.0,"timestamp":1614387436,"path_taken":["M","M","?","M","M","E","R","M","T","M","?","R","?","E","R","BOSS","M","M","?","M","M","R","E"],"items_purchased_type":[],"build_version":"2020-12-22","purchased_purges":0,"victory":false,"max_hp_per_floor":[71,71,71,71,71,71,71,71,71,71,71,71,71,71,71,71,71,71,71,71,71,71,71,71,71],"relic_stats":{"Regal Pillow":30,"Dream Catcher":2,"counters":[16,73],"Ectoplasm":61,"obtain_stats":[{"Regal Pillow":6,"Dream Catcher":9,"Ectoplasm":17,"Cracked Core":0,"Ancient Tea Set":14},{"Regal Pillow":5,"Dream Catcher":6,"Ectoplasm":11,"Cracked Core":0,"Ancient Tea Set":10},{"Regal Pillow":15,"Dream Catcher":18,"Ectoplasm":41,"Cracked Core":0,"Ancient Tea Set":32}]},"card_choices":[{"not_picked":["Capacitor","Steam"],"picked":"Loop","floor":1},{"not_picked":["Redo","Hologram"],"picked":"Cold Snap","floor":2},{"not_picked":["Skim","Leap"],"picked":"Streamline","floor":4},{"not_picked":["Coolheaded","Ball Lightning"],"picked":"Seek","floor":5},{"not_picked":["Conserve Battery","Double Energy"],"picked":"Beam Cell","floor":6},{"not_picked":["Force Field","Streamline"],"picked":"FTL","floor":8},{"not_picked":["Coolheaded","Cold Snap","Tempest"],"picked":"SKIP","floor":10},{"not_picked":["Redo","Sweeping Beam"],"picked":"Chill","floor":11},{"not_picked":["Storm","Cold Snap"],"picked":"Buffer","floor":12},{"not_picked":["Coolheaded","Stack"],"picked":"Recycle","floor":13},{"not_picked":["Thunder Strike","Blizzard"],"picked":"Conserve Battery","floor":14},{"not_picked":["Buffer","Fission"],"picked":"Echo Form","floor":16},{"not_picked":["Turbo","Coolheaded"],"picked":"Aggregate","floor":18},{"not_picked":["Rebound","Leap"],"picked":"Double Energy","floor":19},{"not_picked":["Leap","Conserve Battery"],"picked":"Gash+1","floor":21},{"not_picked":["Compile Driver","Auto Shields","Recycle"],"picked":"SKIP","floor":22}],"player_experience":635443,"relics_obtained":[{"floor":6,"key":"Regal Pillow"},{"floor":9,"key":"Dream Catcher"},{"floor":14,"key":"Ancient Tea Set"}],"event_choices":[{"damage_healed":0,"gold_gain":0,"player_choice":"Upgraded","damage_taken":0,"max_hp_gain":0,"max_hp_loss":0,"event_name":"Upgrade Shrine","floor":3,"gold_loss":0,"cards_upgraded":["Loop"]},{"damage_healed":0,"gold_gain":0,"player_choice":"Copied","damage_taken":0,"max_hp_gain":0,"max_hp_loss":0,"event_name":"Duplicator","floor":20,"gold_loss":0,"cards_obtained":["Loop"]}],"is_beta":false,"boss_relics":[{"not_picked":["Fusion Hammer","Philosopher\u0027s Stone"],"picked":"Ectoplasm"}],"items_purged_floors":[],"is_endless":false,"potions_floor_spawned":[1,4,6,10,11,16,19,21],"killed_by":"Gremlin Leader","ascension_level":18}}