{"host":"fbtt2xdrd49xyqed","time":1614398753,"event":{"mods":["Act Like it!","BaseMod","Downfall","Koishi","Marisa£®ÏF”Í°°ƒß¿Ì…≥£©","Minty Spire (QoL Compilation)","Remilia£®¿Ÿ√◊¿Ú—«£©","Replay The Spire","StSLib","The Servant 0.9.4","Youmu£®ªÍ∆«—˝√Œ£©"],"gold_per_floor":[99,118,134,134,134,165,212,226,126,144,157,157,173,273,288,288,288,288],"floor_reached":16,"language":"ZHS","playtime":658,"items_purged":[],"score":109,"play_id":"929dac78-9e68-40b7-892e-bed64a035f6a","local_time":"20210227120553","is_ascension_mode":true,"campfire_choices":[{"data":"sneckomod:SnekBite","floor":1.0,"key":"SMITH"},{"data":"sneckomod:TailWhip","floor":9,"key":"SMITH"}],"circlet_count":0,"master_deck":["sneckomod:Strike","sneckomod:Strike","sneckomod:Strike","sneckomod:Defend","sneckomod:Defend","sneckomod:Defend","sneckomod:TailWhip+1","sneckomod:SnekBite+1","sneckomod:Unknown","sneckomod:Unknown","sneckomod:CheapStock","sneckomod:UnknownClassDARK_GREEN_COLOR","sneckomod:UnknownClassREMILIA_COLOR","sneckomod:QuickBite","Koishi:UnconsciousUrges","sneckomod:UnknownRareSkill"],"relics":["sneckomod:SneckoSoul","Pet Ghost","Blue Doll","downfall:HeartBlessingGreen"],"acts_visited":["Exordium"],"potions_floor_usage":[11,16],"damage_taken":[{"damage":0.0,"enemies":"2 Louse","floor":2.0,"turns":1.0},{"damage":0.0,"enemies":"Cultist","floor":3.0,"turns":3.0},{"damage":5.0,"enemies":"Replay:BlueRogue","floor":6.0,"turns":4.0},{"damage":2.0,"enemies":"Small Slimes","floor":8.0,"turns":3.0},{"damage":9,"enemies":"Red Slaver","floor":10,"turns":6},{"damage":0,"enemies":"Exordium Wildlife","floor":11,"turns":3},{"damage":6,"enemies":"Gremlin Gang","floor":13,"turns":4},{"damage":15,"enemies":"Blue Slaver","floor":15,"turns":5},{"damage":62,"enemies":"WA_ARCHETYPE_RETAIN","floor":16,"turns":9}],"seed_played":"2329019145557809319","potions_obtained":[{"floor":5.0,"key":"sneckomod:DiceRollPotion"},{"floor":5.0,"key":"Weak Potion"},{"floor":5.0,"key":"Venom Potion"},{"floor":15,"key":"bronze:BurnAndBuffPotion"}],"is_trial":false,"path_per_floor":["R","M","M","?","?","E","T","M","R","M","M","R","M","?","M","B"],"character_chosen":"THE_SNECKO","items_purchased":[],"campfire_rested":0,"item_purchase_floors":[],"current_hp_per_floor":[90,90,90,95,95,90,90,88,88,79,79,79,73,73,60,0,0,0],"gold":288,"neow_bonus":"RANDOM_COMMON_RELIC","is_daily":false,"chose_seed":false,"campfire_upgraded":2,"win_rate":0.0,"timestamp":1614398753,"path_taken":["R","M","M","?","?","E","T","?","R","M","M","R","M","?","M","BOSS"],"items_purchased_type":[],"build_version":"2020-12-22","purchased_purges":0,"victory":false,"max_hp_per_floor":[90,90,90,95,95,95,95,95,95,95,95,95,95,95,95,95,95,95],"card_choices":[{"not_picked":["sneckomod:ImprovisedGuard","sneckomod:Unknown1Cost"],"picked":"sneckomod:CheapStock","floor":2.0},{"not_picked":["sneckomod:UnknownCommonAttack","sneckomod:DiceBoulder","sneckomod:UnknownClassTHE_BRONZE_AUTOMATON"],"picked":"SKIP","floor":3.0},{"not_picked":["sneckomod:DiceCrush","sneckomod:Unknown1Cost"],"picked":"sneckomod:UnknownClassDARK_GREEN_COLOR","floor":6.0},{"not_picked":["sneckomod:UnknownClassDARK_GREEN_COLOR","sneckomod:DangerNoodle"],"picked":"sneckomod:UnknownUncommonPower","floor":8.0},{"not_picked":["sneckomod:UnknownCommonAttack","sneckomod:Unknown1Cost"],"picked":"sneckomod:UnknownClassREMILIA_COLOR","floor":10},{"not_picked":["sneckomod:UnknownClassDARK_GREEN_COLOR","sneckomod:CheapStock"],"picked":"sneckomod:QuickBite","floor":11},{"not_picked":["sneckomod:DiceBlock","sneckomod:ImprovisedAttack"],"picked":"sneckomod:UnknownRareSkill","floor":13},{"not_picked":["sneckomod:SlitherStrike","sneckomod:QuickMove","sneckomod:SoulRoll"],"picked":"SKIP","floor":15}],"player_experience":857462,"relics_obtained":[{"floor":6.0,"key":"Blue Doll"}],"event_choices":[{"damage_healed":0.0,"max_hp_gain":5.0,"max_hp_loss":0.0,"gold_gain":0.0,"event_name":"Big Fish","player_choice":"Donut","floor":4.0,"gold_loss":0.0,"damage_taken":0.0},{"damage_healed":0.0,"max_hp_gain":0.0,"max_hp_loss":0.0,"gold_gain":0.0,"event_name":"Lab","player_choice":"Got Potions","floor":5.0,"gold_loss":0.0,"damage_taken":0.0},{"damage_healed":0,"gold_gain":100,"player_choice":"Gold","damage_taken":0,"max_hp_gain":0,"max_hp_loss":0,"event_name":"Wheel of Change","floor":14,"gold_loss":0}],"is_beta":false,"boss_relics":[],"items_purged_floors":[],"is_endless":false,"potions_floor_spawned":[6,10,15],"killed_by":"WA_ARCHETYPE_RETAIN","ascension_level":1}}