{"host":"szp1d6dso4pv7ddl","time":1614397433,"event":{"mods":["AchievementEnabler","Alarm Clock","BaseMod","Bestiary","Block Reminder","Colored Map","Colored Powertips","Curses Come First","Dark Map","Displayed Cursed Tome","Highlight Path","Minty Spire (QoL Compilation)","Permanent Neow","Quick Restart","Relic Sorter","Relic Stats","StSLib","Synergy Search"],"gold_per_floor":[115,115,115,115,131,156,156,156,156],"floor_reached":8,"language":"ENG","playtime":494,"items_purged":[],"score":108,"play_id":"d253ce4d-92ae-46b0-84fb-3e82378b912b","local_time":"20210226194353","is_ascension_mode":true,"campfire_choices":[{"data":"Deadly Poison","floor":7,"key":"SMITH"}],"circlet_count":0,"master_deck":["AscendersBane","Strike_G","Strike_G","Strike_G","Strike_G","Defend_G","Defend_G","Defend_G","Defend_G","Defend_G","Survivor","Neutralize","Deadly Poison+1","Well Laid Plans","Footwork"],"relics":["Velvet Choker","Bag of Preparation","Omamori"],"acts_visited":["Exordium"],"potions_floor_usage":[],"damage_taken":[{"damage":13,"enemies":"2 Louse","floor":1,"turns":4},{"damage":0,"enemies":"Jaw Worm","floor":5,"turns":4},{"damage":42,"enemies":"3 Sentries","floor":6,"turns":14},{"damage":28,"enemies":"Lagavulin","floor":8,"turns":6}],"seed_played":"7649736654733029739","potions_obtained":[{"floor":1,"key":"Poison Potion"}],"is_trial":false,"path_per_floor":["M","?","?","?","M","E","R","E"],"character_chosen":"THE_SILENT","items_purchased":[],"campfire_rested":0,"item_purchase_floors":[],"current_hp_per_floor":[46,39,61,61,61,19,19,0,0],"gold":156,"neow_bonus":"BOSS_RELIC","is_daily":false,"chose_seed":false,"campfire_upgraded":1,"win_rate":0.0,"timestamp":1614397433,"path_taken":["M","?","?","?","?","E","R","E"],"items_purchased_type":[],"build_version":"2020-12-22","purchased_purges":0,"victory":false,"max_hp_per_floor":[66,66,66,66,66,66,66,66,66],"relic_stats":{"counters":[4,28],"Bag of Preparation":[6],"obtain_stats":[{"Velvet Choker":0,"Bag of Preparation":4,"Omamori":6,"Ring of the Snake":0},{"Velvet Choker":0,"Bag of Preparation":1,"Omamori":3,"Ring of the Snake":0},{"Velvet Choker":0,"Bag of Preparation":4,"Omamori":22,"Ring of the Snake":0}]},"card_choices":[{"not_picked":["Heel Hook","Blade Dance"],"picked":"Deadly Poison","floor":1},{"not_picked":["PiercingWail","Reflex"],"picked":"Well Laid Plans","floor":5},{"not_picked":["Dodge and Roll","Deadly Poison"],"picked":"Footwork","floor":6}],"player_experience":1668590,"relics_obtained":[{"floor":6,"key":"Omamori"}],"event_choices":[{"cards_removed":["Strike_G"],"damage_healed":0,"gold_gain":0,"player_choice":"Card Removal","damage_taken":7,"max_hp_gain":0,"max_hp_loss":0,"event_name":"Golden Wing","floor":2,"gold_loss":0},{"damage_healed":22,"gold_gain":0,"player_choice":"Banana","damage_taken":0,"max_hp_gain":0,"max_hp_loss":0,"event_name":"Big Fish","floor":3,"gold_loss":0},{"damage_healed":0,"gold_gain":0,"player_choice":"Gave Potion","damage_taken":0,"relics_obtained":["Bag of Preparation"],"max_hp_gain":0,"max_hp_loss":0,"event_name":"WeMeetAgain","floor":4,"gold_loss":0}],"is_beta":false,"boss_relics":[],"items_purged_floors":[],"is_endless":false,"potions_floor_spawned":[1],"killed_by":"Lagavulin","ascension_level":20}}