{"host":"ecvfachamqf62ewl","time":1614395412,"event":{"mods":["AchievementEnabler","BaseMod","Colored Map","Colored Powertips","Minty Spire (QoL Compilation)","Rare Cards Sparkle","Relic Stats","StSLib","SuperFastMode"],"gold_per_floor":[20,30,42,58,72,87,87,103,129,139,154,184,199,228,228,325,325,343,356,356,385,385,385,410,422,434,463,509,521,550,578,590,697,709,731,763,823,236,458,458,487,537,537,567,567,567,582,239,239,239,239,239,39,74,74],"floor_reached":56,"language":"ENG","playtime":3613,"items_purged":["Strike_R","Strike_R"],"score":1574,"play_id":"3e52a861-ec9d-44a2-b0b4-12dde36e0aed","local_time":"20210226221012","is_ascension_mode":true,"campfire_choices":[{"data":"Blood for Blood","floor":7.0,"key":"SMITH"},{"data":"Barricade","floor":15.0,"key":"SMITH"},{"floor":23.0,"key":"REST"},{"data":"Feel No Pain","floor":25.0,"key":"SMITH"},{"data":"Fiend Fire","floor":32.0,"key":"SMITH"},{"floor":40,"key":"RECALL"},{"floor":45,"key":"REST"},{"floor":49,"key":"REST"},{"floor":52,"key":"REST"}],"circlet_count":0,"master_deck":["Defend_R","Defend_R","Defend_R+1","Defend_R","Bash","Impervious","Pommel Strike","Bloodletting","Headbutt","Pummel","Juggernaut","Clothesline","Blood for Blood+1","Cleave","Pommel Strike","Carnage","Dual Wield+1","Barricade+1","Fiend Fire+1","Ghostly Armor+1","Feel No Pain+1","Armaments+1","Fire Breathing+1","Limit Break","Dual Wield+1","Reaper","Dark Embrace","Evolve","Pommel Strike+1","Flex+1","Shrug It Off+1","Wild Strike+1","Combust+1","Panacea","Burning Pact","Flame Barrier","Chrysalis","Burning Pact+1"],"relics":["Burning Blood","Nunchaku","Orichalcum","Potion Belt","Snecko Eye","Red Mask","MawBank","Pear","Happy Flower","Fusion Hammer","Magic Flower","PreservedInsect","Bronze Scales","Orrery","Kunai","Lizard Tail","Ancient Tea Set","War Paint","StoneCalendar"],"acts_visited":["Exordium","TheCity","TheBeyond","TheEnding"],"potions_floor_usage":[44,54,55,55,55,55],"damage_taken":[{"damage":8.0,"enemies":"2 Louse","floor":1.0,"turns":3.0},{"damage":3.0,"enemies":"Small Slimes","floor":2.0,"turns":2.0},{"damage":4.0,"enemies":"Cultist","floor":3.0,"turns":4.0},{"damage":10.0,"enemies":"Exordium Thugs","floor":4.0,"turns":5.0},{"damage":9.0,"enemies":"Blue Slaver","floor":5.0,"turns":3.0},{"damage":9.0,"enemies":"Looter","floor":6.0,"turns":3.0},{"damage":5.0,"enemies":"2 Fungi Beasts","floor":8.0,"turns":3.0},{"damage":6.0,"enemies":"Large Slime","floor":10.0,"turns":5.0},{"damage":12.0,"enemies":"Blue Slaver","floor":11.0,"turns":4.0},{"damage":7.0,"enemies":"Lagavulin","floor":12.0,"turns":6.0},{"damage":0.0,"enemies":"Exordium Wildlife","floor":13.0,"turns":2.0},{"damage":22.0,"enemies":"3 Sentries","floor":14.0,"turns":5.0},{"damage":21.0,"enemies":"Hexaghost","floor":16.0,"turns":7.0},{"damage":3.0,"enemies":"Spheric Guardian","floor":18.0,"turns":2.0},{"damage":10.0,"enemies":"2 Thieves","floor":19.0,"turns":3.0},{"damage":40.0,"enemies":"Masked Bandits","floor":21.0,"turns":5.0},{"damage":3.0,"enemies":"Book of Stabbing","floor":24.0,"turns":5.0},{"damage":7.0,"enemies":"3 Cultists","floor":27.0,"turns":5.0},{"damage":23.0,"enemies":"Slavers","floor":28.0,"turns":5.0},{"damage":0.0,"enemies":"Snecko","floor":30.0,"turns":3.0},{"damage":0.0,"enemies":"Snake Plant","floor":31.0,"turns":4.0},{"damage":27.0,"enemies":"Champ","floor":33.0,"turns":9.0},{"damage":14.0,"enemies":"3 Shapes","floor":35.0,"turns":8.0},{"damage":0,"enemies":"Orb Walker","floor":36,"turns":3},{"damage":22,"enemies":"2 Orb Walkers","floor":37,"turns":3},{"damage":41,"enemies":"Giant Head","floor":41,"turns":7},{"damage":7,"enemies":"Mind Bloom Boss Battle","floor":42,"turns":7},{"damage":15,"enemies":"Reptomancer","floor":44,"turns":5},{"damage":10,"enemies":"3 Darklings","floor":47,"turns":5},{"damage":30,"enemies":"Donu and Deca","floor":50,"turns":7},{"damage":77,"enemies":"Shield and Spear","floor":54,"turns":9},{"damage":100,"enemies":"The Heart","floor":55,"turns":9}],"seed_played":"-6767426896383382944","potions_obtained":[{"floor":1.0,"key":"Energy Potion"},{"floor":3.0,"key":"Energy Potion"},{"floor":4.0,"key":"FairyPotion"},{"floor":6.0,"key":"LiquidBronze"},{"floor":8.0,"key":"Fire Potion"},{"floor":13.0,"key":"Ancient Potion"},{"floor":14.0,"key":"AttackPotion"},{"floor":21.0,"key":"FearPotion"},{"floor":28.0,"key":"LiquidMemories"},{"floor":30.0,"key":"BloodPotion"},{"floor":31.0,"key":"Ancient Potion"},{"floor":42,"key":"LiquidBronze"},{"floor":47,"key":"Weak Potion"},{"floor":54,"key":"DistilledChaos"}],"is_trial":false,"path_per_floor":["M","M","M","M","M","M","R","M","T","M","M","E","M","E","R","B",null,"M","M","?","?","?","R","E","R","T","M","E","?","M","M","R","B",null,"M","M","?","$","?","R","E","?","T","E","R","?","M","$","R","B",null,"R","$","E","B",null],"character_chosen":"IRONCLAD","items_purchased":["PreservedInsect","Bronze Scales","Evolve","Orrery","Flame Barrier","Chrysalis","PowerPotion","War Paint"],"campfire_rested":4,"item_purchase_floors":[38,38,38,38,48,48,53,53],"current_hp_per_floor":[70,73,75,71,68,65,65,66,66,66,60,59,65,49,49,34,69,72,68,53,19,19,44,47,47,57,56,39,39,45,70,70,49,84,80,86,79,79,79,79,94,95,95,89,95,95,95,95,95,74,90,95,95,27,78],"gold":74,"neow_bonus":"TRANSFORM_TWO_CARDS","is_daily":false,"chose_seed":false,"campfire_upgraded":4,"win_rate":0.0,"timestamp":1614395412,"path_taken":["M","M","M","M","M","M","R","M","T","M","M","E","M","E","R","BOSS","M","M","?","?","?","R","E","R","T","M","E","?","M","M","R","BOSS","M","?","?","$","?","R","E","?","T","E","R","?","M","?","R","BOSS","R","$","E","BOSS"],"items_purchased_type":["Relic","Relic","Card","Relic","Card","Card","Potion","Relic"],"build_version":"2020-12-22","purchased_purges":2,"victory":true,"max_hp_per_floor":[80,80,80,80,80,80,80,80,80,80,80,80,80,80,80,80,80,80,80,85,85,85,85,85,85,95,95,95,95,95,95,95,95,95,95,95,95,95,95,95,95,95,95,95,95,95,95,95,95,95,95,95,95,95,95],"relic_stats":{"Happy Flower":[26],"counters":[32,156],"Magic Flower":[77],"StoneCalendar":[52],"PreservedInsect":253,"Orichalcum":[96],"War Paint":["Dual Wield","Defend_R"],"MawBank":168,"Burning Blood":199,"Nunchaku":[25],"Lizard Tail":71,"Bronze Scales":[267],"Snecko Eye":[209,232,205,196],"Kunai":[16],"obtain_stats":[{"Potion Belt":14,"Pear":26,"Happy Flower":28,"Magic Flower":37,"StoneCalendar":54,"PreservedInsect":38,"Orichalcum":12,"War Paint":53,"MawBank":24,"Ancient Tea Set":44,"Burning Blood":0,"Nunchaku":9,"Lizard Tail":42,"Bronze Scales":38,"Snecko Eye":17,"Orrery":38,"Fusion Hammer":34,"Red Mask":21,"Kunai":41},{"Potion Belt":12,"Pear":17,"Happy Flower":19,"Magic Flower":25,"StoneCalendar":31,"PreservedInsect":25,"Orichalcum":10,"War Paint":30,"MawBank":17,"Ancient Tea Set":28,"Burning Blood":0,"Nunchaku":7,"Lizard Tail":27,"Bronze Scales":25,"Snecko Eye":13,"Orrery":25,"Fusion Hammer":22,"Red Mask":16,"Kunai":26},{"Potion Belt":45,"Pear":67,"Happy Flower":77,"Magic Flower":107,"StoneCalendar":147,"PreservedInsect":107,"Orichalcum":38,"War Paint":138,"MawBank":67,"Ancient Tea Set":126,"Burning Blood":0,"Nunchaku":23,"Lizard Tail":121,"Bronze Scales":107,"Snecko Eye":52,"Orrery":107,"Fusion Hammer":93,"Red Mask":62,"Kunai":114}]},"card_choices":[{"not_picked":["Fire Breathing","Perfected Strike"],"picked":"Bloodletting","floor":1.0},{"not_picked":["Twin Strike","Thunderclap"],"picked":"Headbutt","floor":2.0},{"not_picked":["Clash","Shrug It Off"],"picked":"Pummel","floor":3.0},{"not_picked":["Sword Boomerang","Heavy Blade"],"picked":"Juggernaut","floor":4.0},{"not_picked":["Body Slam","Anger"],"picked":"Clothesline","floor":5.0},{"not_picked":["True Grit","Iron Wave"],"picked":"Blood for Blood","floor":6.0},{"not_picked":["Headbutt","Double Tap"],"picked":"Cleave","floor":8.0},{"not_picked":["Warcry","Dropkick","Body Slam"],"picked":"SKIP","floor":10.0},{"not_picked":["Sword Boomerang","Havoc"],"picked":"Pommel Strike","floor":11.0},{"not_picked":["Infernal Blade","Twin Strike"],"picked":"Carnage","floor":12.0},{"not_picked":["Clash","Searing Blow"],"picked":"Dual Wield","floor":13.0},{"not_picked":["Flex","Clash"],"picked":"Barricade","floor":14.0},{"not_picked":["Juggernaut","Brutality"],"picked":"Fiend Fire","floor":16.0},{"not_picked":["Sword Boomerang","Iron Wave","Flex"],"picked":"SKIP","floor":18.0},{"not_picked":["Perfected Strike","Flame Barrier"],"picked":"Ghostly Armor+1","floor":19.0},{"not_picked":["Iron Wave+1","Inflame"],"picked":"Armaments+1","floor":24.0},{"not_picked":["Dropkick","Warcry","Sword Boomerang+1"],"picked":"SKIP","floor":27.0},{"not_picked":["Carnage","Wild Strike"],"picked":"Fire Breathing+1","floor":28.0},{"not_picked":["Wild Strike","Sword Boomerang"],"picked":"Limit Break","floor":30.0},{"not_picked":["Body Slam","Fire Breathing"],"picked":"Dual Wield+1","floor":31.0},{"not_picked":["Brutality","Bludgeon"],"picked":"Reaper","floor":33.0},{"not_picked":["Warcry","Headbutt+1","Thunderclap+1"],"picked":"SKIP","floor":35},{"not_picked":["Iron Wave","Clothesline"],"picked":"Dark Embrace","floor":36},{"not_picked":["Anger","Seeing Red"],"picked":"Pommel Strike+1","floor":38},{"not_picked":["Heavy Blade","Infernal Blade"],"picked":"Flex+1","floor":38},{"not_picked":["Thunderclap+1","Fire Breathing+1"],"picked":"Shrug It Off+1","floor":41},{"not_picked":["Heavy Blade","Fire Breathing"],"picked":"Wild Strike+1","floor":42},{"not_picked":["Infernal Blade+1","Immolate"],"picked":"Combust+1","floor":44},{"not_picked":["Transmutation","The Bomb"],"picked":"Panacea","floor":46},{"not_picked":["Wild Strike+1","Body Slam+1"],"picked":"Burning Pact","floor":47},{"not_picked":["Thunderclap+1","Rampage"],"picked":"Burning Pact+1","floor":54}],"player_experience":453641,"relics_obtained":[{"floor":9.0,"key":"Nunchaku"},{"floor":12.0,"key":"Orichalcum"},{"floor":14.0,"key":"Potion Belt"},{"floor":21.0,"key":"Red Mask"},{"floor":24.0,"key":"MawBank"},{"floor":26.0,"key":"Pear"},{"floor":28.0,"key":"Happy Flower"},{"floor":37,"key":"Magic Flower"},{"floor":41,"key":"Kunai"},{"floor":42,"key":"Lizard Tail"},{"floor":44,"key":"Ancient Tea Set"},{"floor":54,"key":"StoneCalendar"}],"event_choices":[{"damage_healed":0.0,"max_hp_gain":5.0,"max_hp_loss":0.0,"gold_gain":0.0,"event_name":"Forgotten Altar","player_choice":"Shed Blood","floor":20.0,"gold_loss":0.0,"damage_taken":20.0},{"damage_healed":0.0,"max_hp_gain":0.0,"max_hp_loss":0.0,"gold_gain":0.0,"event_name":"Masked Bandits","player_choice":"Fought Bandits","floor":21.0,"gold_loss":0.0,"damage_taken":0.0},{"damage_healed":0.0,"max_hp_gain":0.0,"max_hp_loss":0.0,"gold_gain":0.0,"event_name":"The Library","player_choice":"Read","floor":22.0,"gold_loss":0.0,"damage_taken":0.0,"cards_obtained":["Feel No Pain"]},{"cards_removed":["Strike_R"],"damage_healed":0.0,"max_hp_gain":0.0,"max_hp_loss":0.0,"gold_gain":0.0,"event_name":"Purifier","player_choice":"Purged","floor":29.0,"gold_loss":0.0,"damage_taken":0.0},{"damage_healed":0,"gold_gain":0,"player_choice":"Fight","damage_taken":0,"max_hp_gain":0,"max_hp_loss":0,"event_name":"Mysterious Sphere","floor":37,"gold_loss":0},{"damage_healed":0,"gold_gain":222,"player_choice":"Wore Mask","damage_taken":0,"max_hp_gain":0,"max_hp_loss":0,"event_name":"Tomb of Lord Red Mask","floor":39,"gold_loss":0},{"damage_healed":0,"gold_gain":0,"player_choice":"Fight","damage_taken":0,"max_hp_gain":0,"max_hp_loss":0,"event_name":"MindBloom","floor":42,"gold_loss":0},{"damage_healed":0,"gold_gain":0,"player_choice":"Memory 1","damage_taken":0,"max_hp_gain":0,"max_hp_loss":0,"event_name":"SensoryStone","floor":46,"gold_loss":0}],"is_beta":false,"boss_relics":[{"not_picked":["Coffee Dripper","Runic Dome"],"picked":"Snecko Eye"},{"not_picked":["SlaversCollar","Velvet Choker"],"picked":"Fusion Hammer"}],"items_purged_floors":[38,48],"is_endless":false,"potions_floor_spawned":[1,3,4,6,8,13,14,21,28,30,31,36,37,42,47,54],"ascension_level":6}}