{"host":"gzz35fplm60aw28t","time":1614427473,"event":{"mods":["AchievementEnabler","BaseMod","ChefMod","Colored Powertips","Dark Map","DeckTracker","Minty Spire (QoL Compilation)","StSLib","SuperFastMode"],"gold_per_floor":[110,128,185,17,17,17,44,58,58,89,89,120,135,155,155,260,260,274,288,378,33,48,48,62,81,81,93,93,93,107,150,150,262,262,278,628,637,9,21,56,72,100,127,127,159,159,34,46,46,46],"floor_reached":51,"language":"ENG","playtime":3997,"items_purged":["Strike_G","Strike_G","Defend_G"],"score":1359,"play_id":"5aab6642-1732-494b-b5b5-3bd17c2ce342","local_time":"20210227130433","is_ascension_mode":true,"campfire_choices":[{"data":"Neutralize","floor":6.0,"key":"SMITH"},{"data":"Noxious Fumes","floor":15.0,"key":"SMITH"},{"data":"Footwork","floor":23.0,"key":"SMITH"},{"floor":29.0,"key":"REST"},{"data":"Die Die Die","floor":32.0,"key":"SMITH"},{"floor":44,"key":"REST"},{"floor":49,"key":"REST"}],"circlet_count":0,"master_deck":["Strike_G","Strike_G+1","Strike_G+1","Defend_G+1","Defend_G","Defend_G+1","Defend_G","Survivor","Neutralize+1","Backflip","Masterful Stab","Apotheosis+1","Quick Slash","Backflip+1","Die Die Die+1","Noxious Fumes+1","Well Laid Plans","Night Terror","CurseOfTheBell","Leg Sweep","Leg Sweep","Footwork+1","Backflip","Footwork+1","Blur","Backstab+1","Dodge and Roll","Dodge and Roll","Heel Hook+1","A Thousand Cuts","Footwork+1","Catalyst","Dodge and Roll","Footwork","Catalyst"],"relics":["Ring of the Snake","NeowsBlessing","Prayer Wheel","Pear","Whetstone","Potion Belt","Calling Bell","Snake Skull","Mummified Hand","Calipers","HandDrill","MealTicket","War Paint","CeramicFish","Fusion Hammer","Old Coin","Tingsha","Nunchaku","Strawberry","Oddly Smooth Stone","Art of War"],"acts_visited":["Exordium","TheCity","TheBeyond"],"potions_floor_usage":[50,50,50,50,50],"damage_taken":[{"damage":0.0,"enemies":"Jaw Worm","floor":1.0,"turns":1.0},{"damage":0.0,"enemies":"Small Slimes","floor":2.0,"turns":1.0},{"damage":0.0,"enemies":"3 Sentries","floor":7.0,"turns":2.0},{"damage":0.0,"enemies":"2 Louse","floor":8.0,"turns":2.0},{"damage":1.0,"enemies":"Lagavulin","floor":10.0,"turns":6.0},{"damage":24.0,"enemies":"3 Sentries","floor":12.0,"turns":11.0},{"damage":0.0,"enemies":"Lots of Slimes","floor":13.0,"turns":1.0},{"damage":1.0,"enemies":"Exordium Thugs","floor":14.0,"turns":3.0},{"damage":0.0,"enemies":"The Guardian","floor":16.0,"turns":11.0},{"damage":27.0,"enemies":"2 Thieves","floor":18.0,"turns":5.0},{"damage":6.0,"enemies":"Shell Parasite","floor":19.0,"turns":6.0},{"damage":7.0,"enemies":"Centurion and Healer","floor":22.0,"turns":5.0},{"damage":15.0,"enemies":"Snake Plant","floor":24.0,"turns":7.0},{"damage":4.0,"enemies":"Cultist and Chosen","floor":25.0,"turns":6.0},{"damage":0.0,"enemies":"Centurion and Healer","floor":27.0,"turns":8.0},{"damage":0.0,"enemies":"Snecko","floor":30.0,"turns":7.0},{"damage":0.0,"enemies":"Book of Stabbing","floor":31.0,"turns":9.0},{"damage":0.0,"enemies":"Automaton","floor":33.0,"turns":14.0},{"damage":5.0,"enemies":"3 Darklings","floor":35.0,"turns":6.0},{"damage":0.0,"enemies":"Mind Bloom Boss Battle","floor":36.0,"turns":9.0},{"damage":0.0,"enemies":"Orb Walker","floor":39.0,"turns":5.0},{"damage":0.0,"enemies":"Giant Head","floor":40.0,"turns":6.0},{"damage":30.0,"enemies":"Transient","floor":41.0,"turns":5.0},{"damage":37.0,"enemies":"Reptomancer","floor":42.0,"turns":11.0},{"damage":0,"enemies":"Writhing Mass","floor":45,"turns":7},{"damage":0,"enemies":"Maw","floor":48,"turns":6},{"damage":25,"enemies":"Time Eater","floor":50,"turns":6}],"seed_played":"8562148292248965393","potions_obtained":[{"floor":2.0,"key":"DuplicationPotion"},{"floor":7.0,"key":"BlessingOfTheForge"},{"floor":8.0,"key":"Dexterity Potion"},{"floor":18.0,"key":"Strength Potion"},{"floor":24.0,"key":"Regen Potion"},{"floor":25.0,"key":"DuplicationPotion"},{"floor":31.0,"key":"SkillPotion"},{"floor":33.0,"key":"Dexterity Potion"},{"floor":35.0,"key":"Strength Potion"},{"floor":45,"key":"Weak Potion"}],"is_trial":false,"path_per_floor":["M","M","?","$","?","R","E","M","T","E","?","E","M","M","R","B",null,"M","M","?","$","M","R","M","M","T","M","T","R","M","E","R","B",null,"M","?","?","$","M","E","M","E","T","R","M","?","$","M","R","B",null],"character_chosen":"THE_SILENT","items_purchased":["Apotheosis","Footwork","HandDrill","PowerPotion","Catalyst","Tingsha","Nunchaku"],"campfire_rested":3,"item_purchase_floors":[4,21,21,21,38,38,38],"current_hp_per_floor":[63,63,63,63,49,49,49,49,59,58,63,39,39,38,38,38,73,46,40,28,28,21,21,6,17,17,17,17,42,42,42,42,42,74,69,69,69,84,84,91,61,24,24,51,51,51,66,66,92,67],"gold":46,"neow_bonus":"THREE_ENEMY_KILL","is_daily":false,"chose_seed":false,"campfire_upgraded":4,"win_rate":0.0,"timestamp":1614427473,"path_taken":["M","M","?","$","?","R","E","M","T","E","?","E","M","M","R","BOSS","M","M","?","$","?","R","M","M","T","M","?","R","M","E","R","BOSS","M","?","?","$","M","E","?","E","T","R","M","?","$","M","R","BOSS"],"items_purchased_type":["Card","Card","Relic","Potion","Card","Relic","Relic"],"build_version":"2020-12-22","purchased_purges":3,"victory":true,"max_hp_per_floor":[70,70,70,70,70,70,70,70,80,80,85,85,85,85,85,85,85,85,85,85,85,85,85,85,85,85,85,85,85,85,85,85,85,85,85,85,85,85,85,92,92,92,92,92,92,92,92,92,92,92],"card_choices":[{"not_picked":["Acrobatics","Choke"],"picked":"Backflip","floor":1.0},{"not_picked":["Outmaneuver","All Out Attack"],"picked":"Masterful Stab","floor":2.0},{"not_picked":["Dodge and Roll","Blade Dance","Prepared"],"picked":"SKIP","floor":7.0},{"not_picked":["Blade Dance","Dagger Throw"],"picked":"Quick Slash","floor":8.0},{"not_picked":["Cloak And Dagger","Bane","PiercingWail"],"picked":"SKIP","floor":8.0},{"not_picked":["Catalyst","Accuracy"],"picked":"Backflip","floor":10.0},{"not_picked":["Skewer","Flying Knee"],"picked":"Die Die Die","floor":12.0},{"not_picked":["Blade Dance","Tactician","Setup"],"picked":"SKIP","floor":13.0},{"not_picked":["Heel Hook","Slice","Poisoned Stab"],"picked":"SKIP","floor":13.0},{"not_picked":["Skewer","Outmaneuver"],"picked":"Noxious Fumes","floor":14.0},{"not_picked":["Backflip","PiercingWail"],"picked":"Well Laid Plans","floor":14.0},{"not_picked":["Tools of the Trade","Storm of Steel"],"picked":"Night Terror","floor":16.0},{"not_picked":["Poisoned Stab+1","Tactician"],"picked":"Leg Sweep","floor":18.0},{"not_picked":["Predator","Crippling Poison","Dash"],"picked":"SKIP","floor":18.0},{"not_picked":["Escape Plan","Bane"],"picked":"Leg Sweep","floor":19.0},{"not_picked":["Infinite Blades","Distraction+1","Poisoned Stab"],"picked":"SKIP","floor":19.0},{"not_picked":["Dagger Throw","Bane","Tactician+1"],"picked":"SKIP","floor":22.0},{"not_picked":["Sucker Punch","Dagger Spray","Well Laid Plans"],"picked":"SKIP","floor":22.0},{"not_picked":["Dagger Throw","Bane","Tactician+1"],"picked":"SKIP","floor":22.0},{"not_picked":["Sucker Punch","Dagger Spray","Well Laid Plans"],"picked":"SKIP","floor":22.0},{"not_picked":["Slice","Poisoned Stab+1"],"picked":"Backflip","floor":24.0},{"not_picked":["Sucker Punch","Storm of Steel"],"picked":"Footwork+1","floor":24.0},{"not_picked":["Sucker Punch","Bane"],"picked":"Blur","floor":25.0},{"not_picked":["Cloak And Dagger","Underhanded Strike"],"picked":"Backstab+1","floor":25.0},{"not_picked":["Poisoned Stab","Deflect"],"picked":"Dodge and Roll","floor":27.0},{"not_picked":["PiercingWail","Cloak And Dagger+1","Setup"],"picked":"SKIP","floor":27.0},{"not_picked":["Prepared","Setup+1"],"picked":"Dodge and Roll","floor":30.0},{"not_picked":["Dagger Spray","Well Laid Plans","A Thousand Cuts"],"picked":"SKIP","floor":30.0},{"not_picked":["Bane+1","Backflip+1"],"picked":"Heel Hook+1","floor":31.0},{"not_picked":["Tools of the Trade","Wraith Form v2"],"picked":"A Thousand Cuts","floor":33.0},{"not_picked":["Backflip","Riddle With Holes+1","Acrobatics+1"],"picked":"SKIP","floor":35.0},{"not_picked":["Eviscerate+1","Flying Knee","Dagger Spray+1"],"picked":"SKIP","floor":35.0},{"not_picked":["Bouncing Flask+1","Acrobatics","Finisher+1"],"picked":"SKIP","floor":39.0},{"not_picked":["Malaise","Backflip","Infinite Blades"],"picked":"SKIP","floor":39.0},{"not_picked":["Acrobatics","Die Die Die"],"picked":"Dodge and Roll","floor":40.0},{"not_picked":["Quick Slash","Acrobatics","Flying Knee"],"picked":"SKIP","floor":41.0},{"not_picked":["Flying Knee","Blade Dance+1","Sucker Punch"],"picked":"SKIP","floor":41.0},{"not_picked":["Accuracy+1","Grand Finale","Slice+1"],"picked":"SKIP","floor":42},{"not_picked":["Backstab","Masterful Stab"],"picked":"Footwork","floor":45},{"not_picked":["Dodge and Roll+1","Infinite Blades+1"],"picked":"Catalyst","floor":45},{"not_picked":["Deadly Poison+1","Bane","Reflex+1"],"picked":"SKIP","floor":48},{"not_picked":["Setup","Deadly Poison","Reflex"],"picked":"SKIP","floor":48}],"player_experience":86764,"relics_obtained":[{"floor":7.0,"key":"Prayer Wheel"},{"floor":9.0,"key":"Pear"},{"floor":10.0,"key":"Whetstone"},{"floor":12.0,"key":"Potion Belt"},{"floor":17.0,"key":"Snake Skull"},{"floor":17.0,"key":"Mummified Hand"},{"floor":17.0,"key":"Calipers"},{"floor":26.0,"key":"MealTicket"},{"floor":28.0,"key":"War Paint"},{"floor":31.0,"key":"CeramicFish"},{"floor":36.0,"key":"Old Coin"},{"floor":40.0,"key":"Strawberry"},{"floor":42,"key":"Oddly Smooth Stone"},{"floor":43,"key":"Art of War"}],"event_choices":[{"damage_healed":0.0,"max_hp_gain":0.0,"max_hp_loss":0.0,"gold_gain":57.0,"event_name":"Golden Wing","player_choice":"Gained Gold","floor":3.0,"gold_loss":0.0,"damage_taken":0.0},{"damage_healed":0.0,"max_hp_gain":0.0,"max_hp_loss":0.0,"gold_gain":0.0,"event_name":"Shining Light","player_choice":"Entered Light","floor":5.0,"gold_loss":0.0,"damage_taken":14.0,"cards_upgraded":["Defend_G","Apotheosis"]},{"damage_healed":0.0,"max_hp_gain":5.0,"max_hp_loss":0.0,"gold_gain":0.0,"event_name":"Big Fish","player_choice":"Donut","floor":11.0,"gold_loss":0.0,"damage_taken":0.0},{"damage_healed":0.0,"max_hp_gain":0.0,"max_hp_loss":0.0,"gold_gain":90.0,"event_name":"Knowing Skull","player_choice":"GOLD ","floor":20.0,"potions_obtained":[],"gold_loss":0.0,"damage_taken":12.0,"cards_obtained":[]},{"damage_healed":0.0,"max_hp_gain":0.0,"max_hp_loss":0.0,"gold_gain":0.0,"event_name":"MindBloom","player_choice":"Fight","floor":36.0,"gold_loss":0.0,"damage_taken":0.0},{"damage_healed":0.0,"max_hp_gain":0.0,"max_hp_loss":0.0,"gold_gain":0.0,"event_name":"Duplicator","player_choice":"Copied","floor":37.0,"gold_loss":0.0,"damage_taken":0.0,"cards_obtained":["Footwork"]},{"damage_healed":0,"gold_gain":0,"player_choice":"Got Potions","damage_taken":0,"max_hp_gain":0,"max_hp_loss":0,"event_name":"Lab","floor":46,"gold_loss":0}],"is_beta":false,"boss_relics":[{"not_picked":["SlaversCollar","Philosopher\u0027s Stone"],"picked":"Calling Bell"},{"not_picked":["Tiny House","Busted Crown"],"picked":"Fusion Hammer"}],"items_purged_floors":[21,38,47],"is_endless":false,"potions_floor_spawned":[2,7,8,18,24,25,31,33,35,40,45],"ascension_level":8}}