{"host":"x3q4ieql2tr7v8o6","time":1614423523,"event":{"mods":["BaseMod","Bestiary","Better Altar","Better Match","Better Note","Better Sensory Stone","Better Skull","Better Third Choice","Colored Map","Colored Powertips","Curses Come First","Minty Spire (QoL Compilation)","StSLib"],"gold_per_floor":[114,114,114,134,153,153,228,228,254,254,289,9,34,58,58,156,156,179,179,179,102,118,118,98,98,98,121,135,150,150,174,174,174,174],"floor_reached":33,"language":"ENG","playtime":924,"items_purged":["Injury"],"score":438,"play_id":"ff04590f-54e4-41c3-9044-0375b14e58af","local_time":"20210227105843","is_ascension_mode":true,"campfire_choices":[{"data":"Cloak And Dagger","floor":6,"key":"SMITH"},{"data":"Neutralize","floor":8,"key":"SMITH"},{"floor":15,"key":"REST"},{"floor":23,"key":"REST"},{"floor":25,"key":"RECALL"},{"floor":32,"key":"REST"}],"circlet_count":0,"master_deck":["AscendersBane","Strike_G","Strike_G","Strike_G","Strike_G","Strike_G","Defend_G","Defend_G","Defend_G","Defend_G","Defend_G","Survivor","Neutralize+1","Choke","Quick Slash","Cloak And Dagger+1","Trip","Dash","Apotheosis","Acrobatics","Deadly Poison","Storm of Steel","Flying Knee","J.A.X.","Cloak And Dagger+1","Accuracy","Slice","Blade Dance","Dagger Spray","Caltrops"],"relics":["WristBlade","Golden Idol","Orichalcum","Odd Mushroom","Fusion Hammer","Darkstone Periapt","Turnip"],"acts_visited":["TheCity"],"potions_floor_usage":[11,14,16,28,29,31],"damage_taken":[{"damage":10,"enemies":"Small Slimes","floor":1,"turns":4},{"damage":13,"enemies":"Jaw Worm","floor":4,"turns":6},{"damage":0,"enemies":"2 Louse","floor":5,"turns":2},{"damage":0,"enemies":"The Mushroom Lair","floor":11,"turns":3},{"damage":2,"enemies":"Large Slime","floor":13,"turns":4},{"damage":11,"enemies":"Exordium Wildlife","floor":14,"turns":3},{"damage":24,"enemies":"Slime Boss","floor":16,"turns":13},{"damage":3,"enemies":"Chosen","floor":18,"turns":3},{"damage":21,"enemies":"Shell Parasite","floor":22,"turns":5},{"damage":12,"enemies":"Centurion and Healer","floor":27,"turns":4},{"damage":13,"enemies":"Chosen and Byrds","floor":28,"turns":6},{"damage":24,"enemies":"Shelled Parasite and Fungi","floor":29,"turns":4},{"damage":11,"enemies":"3 Cultists","floor":31,"turns":4},{"damage":63,"enemies":"Automaton","floor":33,"turns":6}],"seed_played":"1505527153493766403","potions_obtained":[{"floor":1,"key":"CunningPotion"},{"floor":5,"key":"LiquidBronze"},{"floor":13,"key":"LiquidBronze"},{"floor":16,"key":"Explosive Potion"},{"floor":24,"key":"Energy Potion"},{"floor":27,"key":"Block Potion"},{"floor":29,"key":"Regen Potion"},{"floor":31,"key":"Weak Potion"}],"is_trial":false,"path_per_floor":["M","?","?","M","M","R","?","R","T","?","?","$","M","M","R","B",null,"M","?","?","$","M","R","?","R","T","M","M","M","T","M","R","B"],"character_chosen":"THE_SILENT","items_purchased":["Apotheosis","Accuracy"],"campfire_rested":3,"item_purchase_floors":[12,21],"current_hp_per_floor":[49,49,66,53,53,53,42,42,42,42,42,42,40,29,48,24,56,53,53,53,53,32,51,51,51,51,39,26,2,2,3,22,0,0],"gold":174,"neow_bonus":"BOSS_RELIC","is_daily":false,"chose_seed":false,"campfire_upgraded":2,"win_rate":0.0,"timestamp":1614423523,"path_taken":["M","?","?","M","?","R","?","R","T","?","?","$","M","M","R","BOSS","M","?","?","$","?","R","?","R","T","M","M","?","?","M","R","BOSS"],"items_purchased_type":["Card","Card"],"build_version":"2020-12-22","purchased_purges":1,"victory":false,"max_hp_per_floor":[66,66,66,66,66,66,66,66,66,66,66,66,66,66,66,66,66,66,66,66,66,66,66,66,66,66,66,66,66,66,66,66,66,66],"card_choices":[{"not_picked":["Caltrops","Acrobatics"],"picked":"Choke","floor":1},{"not_picked":["Outmaneuver","Grand Finale"],"picked":"Quick Slash","floor":4},{"not_picked":["Deflect","Sucker Punch"],"picked":"Cloak And Dagger","floor":5},{"not_picked":["Purity","Dramatic Entrance"],"picked":"Trip","floor":10},{"not_picked":["Tactician","Outmaneuver"],"picked":"Dash","floor":11},{"not_picked":["Reflex","Poisoned Stab"],"picked":"Acrobatics","floor":13},{"not_picked":["Bane","Prepared"],"picked":"Deadly Poison","floor":14},{"not_picked":["Adrenaline","Die Die Die"],"picked":"Storm of Steel","floor":16},{"not_picked":["Bouncing Flask","Dagger Throw"],"picked":"Flying Knee","floor":18},{"not_picked":["Dodge and Roll","Dagger Spray"],"picked":"Slice","floor":22},{"not_picked":["Bane+1","Dodge and Roll","Dagger Spray"],"picked":"SKIP","floor":27},{"not_picked":["Endless Agony","Grand Finale"],"picked":"Blade Dance","floor":28},{"not_picked":["Prepared","Outmaneuver"],"picked":"Dagger Spray","floor":29},{"not_picked":["Riddle With Holes","Prepared"],"picked":"Caltrops","floor":31}],"player_experience":787270,"relics_obtained":[{"floor":9,"key":"Orichalcum"},{"floor":11,"key":"Odd Mushroom"},{"floor":26,"key":"Darkstone Periapt"},{"floor":30,"key":"Turnip"}],"event_choices":[{"damage_healed":0,"gold_gain":0,"player_choice":"Take Wound","damage_taken":0,"relics_obtained":["Golden Idol"],"max_hp_gain":0,"max_hp_loss":0,"event_name":"Golden Idol","floor":2,"gold_loss":0,"cards_obtained":["Injury"]},{"damage_healed":22,"gold_gain":0,"player_choice":"Banana","damage_taken":0,"max_hp_gain":0,"max_hp_loss":0,"event_name":"Big Fish","floor":3,"gold_loss":0},{"damage_healed":0,"gold_gain":75,"player_choice":"Gold","damage_taken":11,"max_hp_gain":0,"max_hp_loss":0,"event_name":"betterThird:BetterGoop","floor":7,"gold_loss":0},{"damage_healed":0,"gold_gain":1,"player_choice":"1","damage_taken":0,"max_hp_gain":0,"max_hp_loss":0,"event_name":"betterStone:BetterStone","floor":10,"gold_loss":0},{"damage_healed":0,"gold_gain":0,"player_choice":"Fought Mushrooms","damage_taken":0,"max_hp_gain":0,"max_hp_loss":0,"event_name":"Mushrooms","floor":11,"gold_loss":0},{"damage_healed":0,"gold_gain":0,"player_choice":"Obtain J.A.X.","damage_taken":0,"max_hp_gain":0,"max_hp_loss":0,"event_name":"Drug Dealer","floor":19,"gold_loss":0,"cards_obtained":["J.A.X."]},{"damage_healed":0,"gold_gain":0,"player_choice":"Copied","damage_taken":0,"max_hp_gain":0,"max_hp_loss":0,"event_name":"Duplicator","floor":20,"gold_loss":0,"cards_obtained":["Cloak And Dagger"]},{"damage_healed":0,"gold_gain":0,"player_choice":"Bought 1 Potion","damage_taken":0,"max_hp_gain":0,"max_hp_loss":0,"event_name":"The Woman in Blue","floor":24,"gold_loss":0}],"is_beta":false,"boss_relics":[{"not_picked":["Calling Bell","Tiny House"],"picked":"Fusion Hammer"}],"items_purged_floors":[12],"is_endless":false,"potions_floor_spawned":[1,5,13,16,27,29,31],"killed_by":"Automaton","ascension_level":17}}