{"host":"q57ekfojy3i00x9o","time":1614453572,"event":{"mods":["Act Like it!","Arknights","Aspiration","BaseMod","Colored Map","Energized Spire","Hermit","Minty Spire (QoL Compilation)","Quick Restart","Ruina","Spicy Shops","Spikes Relics","StSLib","slay the spire mod where everything is the same but ironclad has a cowboy hat"],"gold_per_floor":[116,116,116,128,140,170,170,188,213,288,305,305,305,322,322,396,396,410,425,425,124,143,143,143,143,169,169,183,183,183,183,183,259,259,279,290,290,215,53,86,86,111,111,125,143,162,162,77,77,77,77],"floor_reached":50,"language":"RUS","playtime":1133,"items_purged":["Strike_R"],"score":728,"play_id":"7218a8ee-3890-41f8-adf6-43039b81c261","local_time":"20210228001932","is_ascension_mode":true,"campfire_choices":[{"data":"Perfected Strike","floor":7.0,"key":"SMITH"},{"data":"Perfected Strike","floor":12.0,"key":"SMITH"},{"data":"Pommel Strike","floor":15.0,"key":"SMITH"},{"data":"Offering","floor":23.0,"key":"SMITH"},{"data":"Inflame","floor":25.0,"key":"SMITH"},{"data":"Sword Boomerang","floor":27.0,"key":"SMITH"},{"floor":30.0,"key":"REST"},{"floor":32.0,"key":"DIG"},{"floor":41,"key":"REST"},{"floor":49,"key":"REST"}],"circlet_count":0,"master_deck":["AscendersBane","Strike_R","Strike_R+1","Strike_R+1","Strike_R","Defend_R","Defend_R","Defend_R","Defend_R","Bash","Cleave+1","Perfected Strike+1","Cleave","Perfected Strike+1","Pommel Strike","Sword Boomerang+1","Pommel Strike+1","Offering+1","Anger","Shrug It Off+1","ruina:Mimicry","Inflame+1","Sword Boomerang+1","Reaper","CurseOfTheBell","Anger","Anger","Demon Form","Clothesline","Spot Weakness","Cleave","Pommel Strike+1","Flex","Pummel"],"relics":["Burning Blood","NeowsBlessing","Whetstone","Bag of Marbles","aspiration:PoetsPen_weak","Torii","PreservedInsect","Shovel","Mummified Hand","Incense Burner","Calling Bell","Vajra","Blue Candle","Turnip","Ancient Tea Set","Singing Bowl","Unceasing Top","Omamori","HandDrill"],"acts_visited":["Exordium","ruina:Briah","TheBeyond"],"potions_floor_usage":[50],"damage_taken":[{"damage":0.0,"enemies":"2 Louse","floor":1.0,"turns":1.0},{"damage":0.0,"enemies":"Small Slimes","floor":4.0,"turns":1.0},{"damage":0.0,"enemies":"Jaw Worm","floor":5.0,"turns":1.0},{"damage":30.0,"enemies":"3 Sentries","floor":6.0,"turns":6.0},{"damage":12.0,"enemies":"Exordium Thugs","floor":8.0,"turns":4.0},{"damage":5.0,"enemies":"Gremlin Gang","floor":11.0,"turns":2.0},{"damage":0.0,"enemies":"Looter","floor":14.0,"turns":1.0},{"damage":29.0,"enemies":"Slime Boss","floor":16.0,"turns":7.0},{"damage":0.0,"enemies":"ruina:2_Scarecrows","floor":18.0,"turns":2.0},{"damage":17.0,"enemies":"ruina:Nosferatu","floor":19.0,"turns":3.0},{"damage":14.0,"enemies":"ruina:QueenOfHate","floor":22.0,"turns":3.0},{"damage":38.0,"enemies":"ruina:KnightOfDespair","floor":28.0,"turns":4.0},{"damage":37.0,"enemies":"ruina:Ozma","floor":33.0,"turns":6.0},{"damage":25.0,"enemies":"3 Shapes","floor":35.0,"turns":2.0},{"damage":40.0,"enemies":"3 Darklings","floor":36.0,"turns":2.0},{"damage":75,"enemies":"Nemesis","floor":40,"turns":7},{"damage":6,"enemies":"Mind Bloom Boss Battle","floor":42,"turns":2},{"damage":72,"enemies":"4 Shapes","floor":44,"turns":4},{"damage":28,"enemies":"Sphere and 2 Shapes","floor":45,"turns":4},{"damage":6,"enemies":"Spire Growth","floor":46,"turns":2},{"damage":43,"enemies":"Time Eater","floor":50,"turns":4}],"seed_played":"-2473920067972322293","potions_obtained":[{"floor":8.0,"key":"PowerPotion"},{"floor":11.0,"key":"BloodPotion"},{"floor":13.0,"key":"GamblersBrew"},{"floor":18.0,"key":"FairyPotion"},{"floor":40,"key":"Weak Potion"}],"is_trial":false,"path_per_floor":["M","?","$","M","M","E","R","M","T","?","M","R","?","M","R","B",null,"M","M","?","$","M","R","?","R","T","R","M","T","R","T","R","B",null,"M","M","?","$","$","E","R","?","T","M","M","M","?","$","R","B"],"character_chosen":"IRONCLAD","items_purchased":["Torii","Inflame","Spot Weakness","Cleave","Ancient Tea Set","HandDrill"],"campfire_rested":3,"item_purchase_floors":[21,21,38,39,39,48],"current_hp_per_floor":[74,74,74,75,75,51,51,45,45,34,50,50,50,56,56,33,65,71,60,60,60,52,52,52,52,52,52,35,35,57,57,57,39,66,47,13,13,13,13,24,46,75,75,9,10,10,14,14,37,0,0],"gold":77,"neow_bonus":"THREE_ENEMY_KILL","is_daily":false,"chose_seed":false,"campfire_upgraded":6,"win_rate":0.0,"timestamp":1614453572,"path_taken":["M","?","$","M","M","E","R","M","T","?","M","R","?","?","R","BOSS","M","?","?","$","M","R","?","R","T","R","M","?","R","?","R","BOSS","M","M","?","?","$","E","R","?","T","M","?","M","?","?","R","BOSS"],"items_purchased_type":["Relic","Card","Card","Card","Relic","Relic"],"build_version":"2020-12-22","purchased_purges":1,"victory":false,"max_hp_per_floor":[75,75,75,75,75,75,75,75,75,75,75,75,75,75,75,75,75,75,75,75,75,75,75,75,75,75,75,75,75,75,75,75,75,75,75,75,75,75,75,75,75,77,77,77,79,79,79,79,79,79,79],"card_choices":[{"not_picked":["Headbutt","Anger"],"picked":"Cleave","floor":1.0},{"not_picked":["Sword Boomerang","Body Slam"],"picked":"Perfected Strike","floor":4.0},{"not_picked":["Dark Embrace","Clothesline"],"picked":"Cleave","floor":5.0},{"not_picked":["Blood for Blood","Dropkick"],"picked":"Perfected Strike","floor":6.0},{"not_picked":["Feel No Pain","Metallicize"],"picked":"Pommel Strike","floor":8.0},{"not_picked":["Dropkick","Anger"],"picked":"Sword Boomerang","floor":11.0},{"not_picked":["Flame Barrier","True Grit"],"picked":"Pommel Strike","floor":14.0},{"not_picked":["Double Tap","Demon Form"],"picked":"Offering","floor":16.0},{"not_picked":["Dual Wield","Absolvement"],"picked":"Anger","floor":18.0},{"not_picked":["Armaments","Invigoration"],"picked":"Shrug It Off+1","floor":19.0},{"not_picked":["Seeing Red","Headbutt","Reckless Charge"],"picked":"SKIP","floor":22.0},{"not_picked":["Body Slam","Warcry+1"],"picked":"Sword Boomerang+1","floor":28.0},{"not_picked":["Fiend Fire","Corruption"],"picked":"Reaper","floor":33.0},{"not_picked":["Havoc","Rampage+1"],"picked":"Anger","floor":35.0},{"not_picked":["Sever Soul","Iron Wave"],"picked":"Anger","floor":36.0},{"not_picked":["Iron Wave+1","Second Wind"],"picked":"Pommel Strike+1","floor":40},{"not_picked":["BarbarianYell","Havoc","Corruption"],"picked":"Singing Bowl","floor":42},{"not_picked":["Iron Wave","Feel No Pain+1"],"picked":"Flex","floor":44},{"not_picked":["Sentinel","Metallicize","Body Slam"],"picked":"Singing Bowl","floor":45},{"not_picked":["Whirlwind+1","Wild Strike+1"],"picked":"Pummel","floor":46}],"player_experience":805046,"relics_obtained":[{"floor":6.0,"key":"Whetstone"},{"floor":9.0,"key":"Bag of Marbles"},{"floor":26.0,"key":"PreservedInsect"},{"floor":29.0,"key":"Shovel"},{"floor":31.0,"key":"Mummified Hand"},{"floor":32.0,"key":"Incense Burner"},{"floor":34.0,"key":"Vajra"},{"floor":34.0,"key":"Blue Candle"},{"floor":34.0,"key":"Turnip"},{"floor":40,"key":"Singing Bowl"},{"floor":42,"key":"Unceasing Top"},{"floor":43,"key":"Omamori"}],"event_choices":[{"damage_healed":0.0,"max_hp_gain":0.0,"max_hp_loss":0.0,"gold_gain":0.0,"event_name":"Living Wall","player_choice":"Grow","floor":2.0,"gold_loss":0.0,"damage_taken":0.0,"cards_upgraded":["Cleave"]},{"damage_healed":0.0,"max_hp_gain":0.0,"max_hp_loss":0.0,"gold_gain":75.0,"event_name":"World of Goop","player_choice":"Gather Gold","floor":10.0,"gold_loss":0.0,"damage_taken":11.0},{"damage_healed":0.0,"max_hp_gain":0.0,"max_hp_loss":0.0,"gold_gain":0.0,"event_name":"Lab","player_choice":"Got Potions","floor":13.0,"gold_loss":0.0,"damage_taken":0.0},{"damage_healed":0,"gold_gain":0,"player_choice":"2 cards matched","damage_taken":0,"max_hp_gain":0,"max_hp_loss":0,"event_name":"Match and Keep!","floor":37,"gold_loss":0,"cards_obtained":["Demon Form","Clothesline"]},{"damage_healed":0,"gold_gain":0,"player_choice":"Fight","damage_taken":0,"max_hp_gain":0,"max_hp_loss":0,"event_name":"MindBloom","floor":42,"gold_loss":0}],"is_beta":false,"boss_relics":[{"not_picked":["Ectoplasm","aspiration:SilentSkillbook"],"picked":"aspiration:PoetsPen_weak"},{"not_picked":["Mark of Pain","Empty Cage"],"picked":"Calling Bell"}],"items_purged_floors":[21],"is_endless":false,"potions_floor_spawned":[8,11,14,18,22,40,42],"killed_by":"Time Eater","ascension_level":18}}