{"host":"30jsp143e4v19aze","time":1614458704,"event":{"mods":["BaseMod","Colored Map","Colored Powertips","Curses Come First","DeckTracker","Highlight Path","Minty Spire (QoL Compilation)","Quick Restart","Relic Stats","StSLib","everything is the same but u backflip on backflip","slay the spire mod where everything is the same but ironclad has a cowboy hat"],"gold_per_floor":[115,390,401,417,428,456,469,469,469,494,494,494,494],"floor_reached":12,"language":"ENG","playtime":360,"items_purged":[],"score":180,"play_id":"72e4331e-b9da-415d-9e2d-df98ee432dec","local_time":"20210227214504","is_ascension_mode":true,"campfire_choices":[{"floor":8.0,"key":"REST"},{"data":"Spot Weakness","floor":11,"key":"SMITH"}],"circlet_count":0,"master_deck":["AscendersBane","Strike_R","Strike_R","Strike_R","Strike_R","Strike_R","Defend_R","Defend_R","Defend_R","Defend_R","Bash","Spot Weakness+1","Regret","Shrug It Off","Shrug It Off","Sword Boomerang","Battle Trance","Exhume+1"],"relics":["Burning Blood","NeowsBlessing","Tiny Chest","Lizard Tail","Toxic Egg 2"],"acts_visited":["Exordium"],"potions_floor_usage":[12],"damage_taken":[{"damage":0.0,"enemies":"2 Louse","floor":1.0,"turns":2.0},{"damage":0.0,"enemies":"Cultist","floor":3.0,"turns":1.0},{"damage":0.0,"enemies":"Small Slimes","floor":4.0,"turns":1.0},{"damage":35.0,"enemies":"Exordium Wildlife","floor":5.0,"turns":6.0},{"damage":44.0,"enemies":"Gremlin Nob","floor":6.0,"turns":4.0},{"damage":4.0,"enemies":"2 Fungi Beasts","floor":7.0,"turns":4.0},{"damage":47,"enemies":"Lagavulin","floor":10,"turns":6},{"damage":60,"enemies":"Gremlin Nob","floor":12,"turns":4}],"seed_played":"-2129130438175062329","potions_obtained":[{"floor":1.0,"key":"Block Potion"},{"floor":3.0,"key":"DistilledChaos"},{"floor":10,"key":"Block Potion"}],"is_trial":false,"path_per_floor":["M","?","M","M","M","E","M","R","T","E","R","E"],"character_chosen":"IRONCLAD","items_purchased":[],"campfire_rested":1,"item_purchase_floors":[],"current_hp_per_floor":[74,74,75,75,46,8,10,32,32,29,29,0,0],"gold":494,"neow_bonus":"THREE_ENEMY_KILL","is_daily":false,"chose_seed":false,"campfire_upgraded":1,"win_rate":0.0,"timestamp":1614458704,"path_taken":["M","?","M","M","?","E","M","R","T","E","R","E"],"items_purchased_type":[],"build_version":"2020-12-22","purchased_purges":0,"victory":false,"max_hp_per_floor":[75,75,75,75,75,75,75,75,75,75,75,75,75],"relic_stats":{"Lizard Tail":37,"counters":[8,28],"Tiny Chest":0,"obtain_stats":[{"Lizard Tail":9,"NeowsBlessing":0,"Tiny Chest":6,"Toxic Egg 2":10,"Burning Blood":0},{"Lizard Tail":6,"NeowsBlessing":0,"Tiny Chest":5,"Toxic Egg 2":7,"Burning Blood":0},{"Lizard Tail":18,"NeowsBlessing":0,"Tiny Chest":14,"Toxic Egg 2":24,"Burning Blood":0}],"Burning Blood":31},"card_choices":[{"not_picked":["Searing Blow","Clothesline"],"picked":"Spot Weakness","floor":1.0},{"not_picked":["Warcry","Armaments"],"picked":"Shrug It Off","floor":3.0},{"not_picked":["Intimidate","Entrench"],"picked":"Shrug It Off","floor":4.0},{"not_picked":["Entrench","Clash"],"picked":"Sword Boomerang","floor":5.0},{"not_picked":["Clash","Flex","Iron Wave"],"picked":"SKIP","floor":6.0},{"not_picked":["Headbutt","Thunderclap"],"picked":"Battle Trance","floor":7.0},{"not_picked":["Evolve","Uppercut"],"picked":"Exhume+1","floor":10}],"player_experience":3313831,"relics_obtained":[{"floor":6.0,"key":"Tiny Chest"},{"floor":9.0,"key":"Lizard Tail"},{"floor":10,"key":"Toxic Egg 2"}],"event_choices":[{"damage_healed":0.0,"max_hp_gain":0.0,"max_hp_loss":0.0,"gold_gain":275.0,"event_name":"Golden Shrine","player_choice":"Desecrate","floor":2.0,"gold_loss":0.0,"damage_taken":0.0,"cards_obtained":["Regret"]}],"is_beta":false,"boss_relics":[],"items_purged_floors":[],"is_endless":false,"potions_floor_spawned":[1,3,10],"killed_by":"Gremlin Nob","ascension_level":20}}