{"host":"3fq4qkq16k5wd7va","time":1614448896,"event":{"mods":["BaseMod","Better Match","Googly Eyes","Minty Spire (QoL Compilation)","StSLib"],"gold_per_floor":[112,132,132,207,61,61,95,106,106,133,133,18,18,18,18,123,123,143,143,43,63,12,12,12],"floor_reached":23,"language":"ENG","playtime":747,"items_purged":["Strike_R","Strike_R"],"score":253,"play_id":"7cb6279a-735a-44f8-9062-78ed7027b284","local_time":"20210228050136","is_ascension_mode":true,"campfire_choices":[{"data":"Headbutt","floor":6,"key":"SMITH"},{"data":"True Grit","floor":11,"key":"SMITH"},{"floor":15,"key":"REST"}],"circlet_count":0,"master_deck":["Strike_R","Strike_R+1","Defend_R","Defend_R","Defend_R","Bash","True Grit+1","Headbutt+1","Evolve+1","Whirlwind","Juggernaut","Shrug It Off","Heavy Blade","Body Slam"],"relics":["Burning Blood","NeowsBlessing","ClockworkSouvenir","Eternal Feather","Lizard Tail","Matryoshka","Mark of Pain"],"acts_visited":["Exordium","TheCity"],"potions_floor_usage":[10,10,16],"damage_taken":[{"damage":0,"enemies":"Small Slimes","floor":1,"turns":1},{"damage":0,"enemies":"Cultist","floor":2,"turns":1},{"damage":0,"enemies":"3 Sentries","floor":7,"turns":1},{"damage":23,"enemies":"Jaw Worm","floor":8,"turns":4},{"damage":32,"enemies":"Gremlin Nob","floor":10,"turns":4},{"damage":73,"enemies":"Slime Boss","floor":16,"turns":14},{"damage":34,"enemies":"Shell Parasite","floor":18,"turns":8},{"damage":17,"enemies":"Spheric Guardian","floor":21,"turns":6},{"damage":53,"enemies":"Gremlin Leader","floor":23,"turns":6}],"seed_played":"6217477853169867353","potions_obtained":[{"floor":2,"key":"ElixirPotion"},{"floor":7,"key":"Dexterity Potion"},{"floor":8,"key":"ColorlessPotion"}],"is_trial":false,"path_per_floor":["M","M","?","?","$","R","E","M","T","E","R","$","?","?","R","B",null,"M","?","$","M","$","E"],"character_chosen":"IRONCLAD","items_purchased":["ClockworkSouvenir","Whirlwind","Body Slam"],"campfire_rested":1,"item_purchase_floors":[5,12,22],"current_hp_per_floor":[80,80,80,69,69,69,75,58,58,32,38,38,22,22,52,28,80,52,52,52,41,41,0,0],"gold":12,"neow_bonus":"THREE_ENEMY_KILL","is_daily":false,"chose_seed":false,"campfire_upgraded":2,"win_rate":0.0,"timestamp":1614448896,"path_taken":["M","M","?","?","$","R","E","M","T","E","R","$","?","?","R","BOSS","M","?","$","M","$","E"],"items_purchased_type":["Relic","Card","Card"],"build_version":"2020-12-22","purchased_purges":2,"victory":false,"max_hp_per_floor":[80,80,80,80,80,80,80,80,80,80,80,80,80,80,80,80,80,80,80,80,80,80,80,80],"card_choices":[{"not_picked":["Anger","Wild Strike"],"picked":"True Grit","floor":1},{"not_picked":["Armaments","Shockwave"],"picked":"Headbutt","floor":2},{"not_picked":["Clothesline","Bloodletting"],"picked":"Evolve","floor":7},{"not_picked":["Thunderclap","Cleave","Burning Pact"],"picked":"SKIP","floor":8},{"not_picked":["Sever Soul","Rage","Cleave"],"picked":"SKIP","floor":10},{"not_picked":["Exhume","Feed"],"picked":"Juggernaut","floor":16},{"not_picked":["Battle Trance","Combust+1"],"picked":"Shrug It Off","floor":18},{"not_picked":["Flex+1","Armaments","Sever Soul"],"picked":"SKIP","floor":21}],"player_experience":170203,"relics_obtained":[{"floor":7,"key":"Eternal Feather"},{"floor":9,"key":"Lizard Tail"},{"floor":10,"key":"Matryoshka"}],"event_choices":[{"cards_removed":["Strike_R"],"damage_healed":0,"gold_gain":0,"player_choice":"Forget","damage_taken":0,"max_hp_gain":0,"max_hp_loss":0,"event_name":"Living Wall","floor":3,"gold_loss":0},{"damage_healed":0,"gold_gain":75,"player_choice":"Gather Gold","damage_taken":11,"max_hp_gain":0,"max_hp_loss":0,"event_name":"World of Goop","floor":4,"gold_loss":0},{"damage_healed":0,"gold_gain":0,"player_choice":"Entered Light","damage_taken":16,"max_hp_gain":0,"max_hp_loss":0,"event_name":"Shining Light","floor":13,"gold_loss":0,"cards_upgraded":["Strike_R","Evolve"]},{"damage_healed":0,"gold_gain":0,"player_choice":"Ignored","damage_taken":0,"max_hp_gain":0,"max_hp_loss":0,"event_name":"Liars Game","floor":14,"gold_loss":0},{"damage_healed":0,"gold_gain":0,"cards_transformed":["Defend_R"],"player_choice":"Transformed","damage_taken":0,"max_hp_gain":0,"max_hp_loss":0,"event_name":"Transmorgrifier","floor":19,"gold_loss":0,"cards_obtained":["Heavy Blade"]}],"is_beta":false,"boss_relics":[{"not_picked":["Busted Crown","SacredBark"],"picked":"Mark of Pain"}],"items_purged_floors":[12,20],"is_endless":false,"potions_floor_spawned":[2,7,8],"killed_by":"Gremlin Leader","ascension_level":3}}