{"host":"ibckqdmmf9y74ymf","time":1614444670,"event":{"mods":["2.2 Compatiblity","Ascension Unlocker","BaseMod","Colored Map","Curses Come First","Highlight Path","Minty Spire (QoL Compilation)","Quick Restart","Rare Cards Sparkle","Relic Stats","StSLib"],"gold_per_floor":[114,114,140,151,151,177,177,177,177,177,211,227,255,266,266,343,343,313,343,343,362,372,400,400,428,428,453,469,469,488,94,94,168,168,180,192,192,210,229,229,258,258,258,258,283,296,316,341,341,341,341],"floor_reached":50,"language":"ENG","playtime":2206,"items_purged":["Strike_G"],"score":1410,"play_id":"9491f31d-0184-4e7e-a94d-2e93ae97219d","local_time":"20210227175110","is_ascension_mode":true,"campfire_choices":[{"data":"Blade Dance","floor":7.0,"key":"SMITH"},{"data":"Dash","floor":10.0,"key":"SMITH"},{"floor":15.0,"key":"REST"},{"data":"Wraith Form v2","floor":24.0,"key":"SMITH"},{"data":"Blade Dance","floor":29,"key":"SMITH"},{"data":"Accuracy","floor":32,"key":"SMITH"},{"data":"Adrenaline","floor":40,"key":"SMITH"},{"data":"Envenom","floor":42,"key":"SMITH"},{"floor":44,"key":"RECALL"},{"data":"Concentrate","floor":49,"key":"SMITH"}],"circlet_count":0,"master_deck":["AscendersBane","Strike_G","Strike_G","Strike_G","Strike_G","Defend_G+1","Defend_G","Defend_G","Defend_G","Defend_G+1","Survivor","Neutralize+1","Sucker Punch","Dash+1","Blade Dance+1","Endless Agony","Finisher","Acrobatics","Burst","Cloak And Dagger","Accuracy+1","Blade Dance+1","Choke+1","Wraith Form v2+1","Accuracy","Adrenaline+1","Backflip","Envenom+1","Prepared+1","Backflip","Prepared+1","Blade Dance+1","Acrobatics+1","Terror","Well Laid Plans","Concentrate+1"],"relics":["Ring of the Snake","Orichalcum","Lantern","Ginger","FossilizedHelix","The Specimen","WristBlade","Red Mask","Nloth\u0027s Gift","Letter Opener","Vajra","Meat on the Bone","Eternal Feather","Mango","Black Star","Omamori","Art of War","CaptainsWheel","Snake Skull","Incense Burner"],"acts_visited":["Exordium","TheCity","TheBeyond"],"potions_floor_usage":[25,33,39,48,50],"damage_taken":[{"damage":0.0,"enemies":"Cultist","floor":1.0,"turns":1.0},{"damage":0.0,"enemies":"Jaw Worm","floor":4.0,"turns":1.0},{"damage":0.0,"enemies":"3 Sentries","floor":6.0,"turns":1.0},{"damage":14.0,"enemies":"Gremlin Nob","floor":11.0,"turns":4.0},{"damage":0.0,"enemies":"2 Louse","floor":12.0,"turns":2.0},{"damage":2.0,"enemies":"Lagavulin","floor":13.0,"turns":5.0},{"damage":0.0,"enemies":"Red Slaver","floor":14.0,"turns":3.0},{"damage":8.0,"enemies":"Slime Boss","floor":16.0,"turns":9.0},{"damage":0.0,"enemies":"2 Thieves","floor":18.0,"turns":4.0},{"damage":0.0,"enemies":"Masked Bandits","floor":19.0,"turns":2.0},{"damage":0.0,"enemies":"Chosen","floor":21.0,"turns":3.0},{"damage":0.0,"enemies":"Centurion and Healer","floor":22.0,"turns":4.0},{"damage":9.0,"enemies":"Book of Stabbing","floor":23.0,"turns":5.0},{"damage":11,"enemies":"Gremlin Leader","floor":25,"turns":7},{"damage":0,"enemies":"Slavers","floor":27,"turns":4},{"damage":0,"enemies":"Sentry and Sphere","floor":28,"turns":4},{"damage":0,"enemies":"Cultist and Chosen","floor":30,"turns":4},{"damage":33,"enemies":"Automaton","floor":33,"turns":7},{"damage":0,"enemies":"Orb Walker","floor":35,"turns":3},{"damage":0,"enemies":"3 Darklings","floor":36,"turns":1},{"damage":0,"enemies":"4 Shapes","floor":38,"turns":5},{"damage":37,"enemies":"Spire Growth","floor":39,"turns":4},{"damage":27,"enemies":"Nemesis","floor":41,"turns":7},{"damage":0,"enemies":"Mind Bloom Boss Battle","floor":45,"turns":3},{"damage":0,"enemies":"3 Darklings","floor":46,"turns":3},{"damage":0,"enemies":"Maw","floor":47,"turns":5},{"damage":0,"enemies":"Reptomancer","floor":48,"turns":2},{"damage":93,"enemies":"Awakened One","floor":50,"turns":9}],"seed_played":"828048652891410129","potions_obtained":[{"floor":4.0,"key":"Block Potion"},{"floor":11.0,"key":"Ancient Potion"},{"floor":12.0,"key":"CunningPotion"},{"floor":14.0,"key":"Fruit Juice"},{"floor":21.0,"key":"Explosive Potion"},{"floor":25,"key":"Weak Potion"},{"floor":27,"key":"PowerPotion"},{"floor":33,"key":"Swift Potion"},{"floor":38,"key":"SkillPotion"},{"floor":41,"key":"SpeedPotion"},{"floor":47,"key":"PowerPotion"}],"is_trial":false,"path_per_floor":["M","?","T","M","?","E","R","?","T","R","E","M","E","M","R","B",null,"M","?","?","M","M","E","R","E","T","E","M","R","M","$","R","B",null,"M","M","?","M","M","R","E","R","T","R","?","M","M","E","R","B"],"character_chosen":"THE_SILENT","items_purchased":["Mango"],"campfire_rested":1,"item_purchase_floors":[31],"current_hp_per_floor":[59,64,64,64,43,43,43,43,43,43,29,29,27,27,54,46,69,69,69,69,69,69,60,60,49,49,49,49,64,64,78,90,57,82,82,82,82,82,57,75,48,66,66,84,84,84,84,84,90,0,0],"gold":341,"neow_bonus":"THREE_ENEMY_KILL","is_daily":false,"chose_seed":false,"campfire_upgraded":8,"win_rate":0.0,"timestamp":1614444670,"path_taken":["M","?","?","M","?","E","R","?","T","R","E","M","E","?","R","BOSS","M","?","?","?","M","E","R","E","T","E","M","R","M","$","R","BOSS","M","M","?","?","M","R","E","R","T","R","?","M","M","E","R","BOSS"],"items_purchased_type":["Relic"],"build_version":"2020-12-22","purchased_purges":1,"victory":false,"max_hp_per_floor":[66,71,71,71,71,71,71,71,71,71,71,71,71,71,76,76,76,76,76,76,76,76,76,76,76,76,76,76,76,76,90,90,90,90,90,90,90,90,90,90,90,90,90,90,90,90,90,90,90,90,90],"relic_stats":{"counters":[28,112],"Eternal Feather":87,"Snake Skull":[0],"Nloth\u0027s Gift":6,"Black Star":2,"Art of War":[2],"Ginger":[13],"Letter Opener":[201],"Orichalcum":[198],"obtain_stats":[{"Lantern":6,"NeowsBlessing":0,"The Specimen":13,"Vajra":25,"Eternal Feather":27,"Mango":31,"Snake Skull":48,"Omamori":41,"Incense Burner":48,"Ginger":9,"Letter Opener":23,"Orichalcum":3,"CaptainsWheel":45,"WristBlade":17,"Red Mask":19,"Nloth\u0027s Gift":20,"Black Star":34,"Art of War":41,"FossilizedHelix":11,"Ring of the Snake":0,"Meat on the Bone":26},{"Lantern":3,"NeowsBlessing":0,"The Specimen":6,"Vajra":14,"Eternal Feather":15,"Mango":17,"Snake Skull":27,"Omamori":23,"Incense Burner":27,"Ginger":3,"Letter Opener":13,"Orichalcum":1,"CaptainsWheel":24,"WristBlade":8,"Red Mask":10,"Nloth\u0027s Gift":10,"Black Star":18,"Art of War":23,"FossilizedHelix":4,"Ring of the Snake":0,"Meat on the Bone":14},{"Lantern":3,"NeowsBlessing":0,"The Specimen":14,"Vajra":51,"Eternal Feather":55,"Mango":63,"Snake Skull":103,"Omamori":90,"Incense Burner":103,"Ginger":3,"Letter Opener":44,"Orichalcum":1,"CaptainsWheel":93,"WristBlade":26,"Red Mask":32,"Nloth\u0027s Gift":32,"Black Star":70,"Art of War":90,"FossilizedHelix":7,"Ring of the Snake":0,"Meat on the Bone":51}],"Ring of the Snake":[57],"Meat on the Bone":12},"card_choices":[{"not_picked":["Tactician","Bane"],"picked":"Sucker Punch","floor":1.0},{"not_picked":["Finisher","Crippling Poison"],"picked":"Dash","floor":4.0},{"not_picked":["Endless Agony","Prepared"],"picked":"Blade Dance","floor":6.0},{"not_picked":["Underhanded Strike","Outmaneuver","Catalyst"],"picked":"SKIP","floor":11.0},{"not_picked":["Escape Plan","Cloak And Dagger"],"picked":"Endless Agony","floor":12.0},{"not_picked":["PiercingWail","Prepared"],"picked":"Finisher","floor":13.0},{"not_picked":["Finisher","Underhanded Strike"],"picked":"Acrobatics","floor":14.0},{"not_picked":["A Thousand Cuts","Night Terror"],"picked":"Burst","floor":16.0},{"not_picked":["Dodge and Roll","Deadly Poison"],"picked":"Cloak And Dagger","floor":18.0},{"not_picked":["Predator","Masterful Stab+1"],"picked":"Accuracy","floor":19.0},{"not_picked":["Dagger Throw","Blur"],"picked":"Blade Dance","floor":21.0},{"not_picked":["Prepared","Backstab"],"picked":"Choke+1","floor":22.0},{"not_picked":["Finisher","Outmaneuver"],"picked":"Wraith Form v2","floor":23.0},{"not_picked":["Slice","Dash"],"picked":"Accuracy","floor":25},{"not_picked":["Dagger Spray","Calculated Gamble"],"picked":"Adrenaline","floor":27},{"not_picked":["Eviscerate","Bouncing Flask"],"picked":"Backflip","floor":28},{"not_picked":["Choke","Heel Hook+1","Dodge and Roll"],"picked":"SKIP","floor":30},{"not_picked":["Burst","Die Die Die"],"picked":"Envenom","floor":33},{"not_picked":["Setup+1","Underhanded Strike"],"picked":"Prepared+1","floor":35},{"not_picked":["Blade Dance","Deflect"],"picked":"Backflip","floor":36},{"not_picked":["Dagger Spray","Grand Finale","Storm of Steel"],"picked":"SKIP","floor":38},{"not_picked":["PiercingWail+1","Night Terror"],"picked":"Blade Dance+1","floor":39},{"not_picked":["Die Die Die","Blur"],"picked":"Acrobatics+1","floor":41},{"not_picked":["Endless Agony","Escape Plan+1"],"picked":"Terror","floor":45},{"not_picked":["Dodge and Roll","Poisoned Stab"],"picked":"Well Laid Plans","floor":46},{"not_picked":["Corpse Explosion","Underhanded Strike","Sucker Punch"],"picked":"SKIP","floor":47},{"not_picked":["Deadly Poison","Underhanded Strike"],"picked":"Concentrate","floor":48}],"player_experience":578911,"relics_obtained":[{"floor":3.0,"key":"Orichalcum"},{"floor":6.0,"key":"Lantern"},{"floor":9.0,"key":"Ginger"},{"floor":11.0,"key":"FossilizedHelix"},{"floor":13.0,"key":"The Specimen"},{"floor":19.0,"key":"Red Mask"},{"floor":23.0,"key":"Letter Opener"},{"floor":25,"key":"Vajra"},{"floor":26,"key":"Meat on the Bone"},{"floor":27,"key":"Eternal Feather"},{"floor":41,"key":"Omamori"},{"floor":41,"key":"Art of War"},{"floor":45,"key":"CaptainsWheel"},{"floor":48,"key":"Snake Skull"},{"floor":48,"key":"Incense Burner"}],"event_choices":[{"damage_healed":0.0,"max_hp_gain":5.0,"max_hp_loss":0.0,"gold_gain":0.0,"event_name":"Big Fish","player_choice":"Donut","floor":2.0,"gold_loss":0.0,"damage_taken":0.0},{"damage_healed":0.0,"max_hp_gain":0.0,"max_hp_loss":0.0,"gold_gain":0.0,"event_name":"Shining Light","player_choice":"Entered Light","floor":5.0,"gold_loss":0.0,"damage_taken":21.0,"cards_upgraded":["Defend_G","Defend_G"]},{"damage_healed":0.0,"max_hp_gain":0.0,"max_hp_loss":0.0,"gold_gain":0.0,"event_name":"Upgrade Shrine","player_choice":"Upgraded","floor":8.0,"gold_loss":0.0,"damage_taken":0.0,"cards_upgraded":["Neutralize"]},{"damage_healed":0.0,"max_hp_gain":0.0,"max_hp_loss":0.0,"gold_gain":0.0,"event_name":"Masked Bandits","player_choice":"Fought Bandits","floor":19.0,"gold_loss":0.0,"damage_taken":0.0},{"damage_healed":0.0,"max_hp_gain":0.0,"max_hp_loss":0.0,"gold_gain":0.0,"event_name":"N\u0027loth","player_choice":"Traded Relic","floor":20.0,"relics_lost":["NeowsBlessing"],"gold_loss":0.0,"damage_taken":0.0,"relics_obtained":["Nloth\u0027s Gift"]},{"damage_healed":0,"gold_gain":0,"player_choice":"Copied","damage_taken":0,"max_hp_gain":0,"max_hp_loss":0,"event_name":"Duplicator","floor":37,"gold_loss":0,"cards_obtained":["Prepared"]},{"damage_healed":0,"gold_gain":0,"player_choice":"Fight","damage_taken":0,"max_hp_gain":0,"max_hp_loss":0,"event_name":"MindBloom","floor":45,"gold_loss":0}],"is_beta":false,"boss_relics":[{"not_picked":["SacredBark","Calling Bell"],"picked":"WristBlade"},{"not_picked":["Snecko Eye","Cursed Key"],"picked":"Black Star"}],"items_purged_floors":[31],"is_endless":false,"potions_floor_spawned":[4,11,12,14,21,25,27,33,36,38,41,47],"killed_by":"Awakened One","ascension_level":20}}