{"host":"8ki4rp59nppvqwda","time":1614439542,"event":{"mods":["AlwaysNeverKeys","BaseMod","Hermit","Minty Spire (QoL Compilation)","Robot Space Explorer","SacredBarkPlus","StSLib","The Cursed","The Necromancer","The Trickster"],"gold_per_floor":[116,116,135,145,70,70,100,119,169,169,180,243,243,259,259,357,357,367,387,387,357,371,371,382,382,382,397,425,425,425,34,34,129,129,143,158,158,172,190,190,225,225,271,296,49,80,94,94,94,94],"floor_reached":51,"language":"ENG","playtime":11939,"items_purged":["theTrickster:Defend_Brown","theTrickster:Strike_Brown","theTrickster:Defend_Brown"],"score":1009,"play_id":"7a6c01f1-4a3b-4824-a08b-d39fb44381cd","local_time":"20210227102542","is_ascension_mode":true,"campfire_choices":[{"data":"theTrickster:BladeSurge","floor":6.0,"key":"SMITH"},{"data":"theTrickster:Impale","floor":15.0,"key":"SMITH"},{"data":"theTrickster:Volley","floor":23.0,"key":"SMITH"},{"data":"theTrickster:Feint","floor":25.0,"key":"SMITH"},{"floor":32.0,"key":"REST"},{"data":"theTrickster:BlurTheLines","floor":40.0,"key":"SMITH"},{"data":"theTrickster:MistForm","floor":42.0,"key":"SMITH"},{"floor":49,"key":"REST"}],"circlet_count":0,"master_deck":["theTrickster:Defend_Brown","theTrickster:DaringSlash","theTrickster:BackStep","theTrickster:ImpulsiveDefend+1","theTrickster:BladeSurge+1","theTrickster:Practice","theTrickster:Impale+1","theTrickster:DivingSlice","theTrickster:BattlePlan","theTrickster:ImpulsiveStrike","theTrickster:MistForm+1","theTrickster:BackStep","theTrickster:SwiftSlash","theTrickster:PistolWhip","theTrickster:NickAndSkid+1","theTrickster:HiddenPistol+1","theTrickster:StudiedSnipe+1","theTrickster:Volley+1","theTrickster:Feint+1","theTrickster:StopTheBleeding+1","theTrickster:BlurTheLines+1","theTrickster:Volley","theTrickster:Salvage","theTrickster:HiddenPistol","theTrickster:NickAndSkid+1","theTrickster:CreateAnOpening+1","theTrickster:Distract+1","theTrickster:CreateAnOpening+1","theTrickster:Distract+1","Discovery"],"relics":["theTrickster:OpticalIllusionRelic","StoneCalendar","Pear","Omamori","MealTicket","Turnip","Astrolabe","Vajra","Happy Flower","Anchor","Orichalcum","Busted Crown","Blood Vial","Smiling Mask","Oddly Smooth Stone","Bronze Scales","Shuriken"],"acts_visited":["Exordium","TheCity","TheBeyond"],"potions_floor_usage":[47,50,50],"damage_taken":[{"damage":0.0,"enemies":"Cultist","floor":1.0,"turns":4.0},{"damage":0.0,"enemies":"Small Slimes","floor":3.0,"turns":3.0},{"damage":0.0,"enemies":"2 Louse","floor":4.0,"turns":2.0},{"damage":0.0,"enemies":"Gremlin Nob","floor":7.0,"turns":3.0},{"damage":0.0,"enemies":"Red Slaver","floor":8.0,"turns":3.0},{"damage":0.0,"enemies":"Lots of Slimes","floor":11.0,"turns":3.0},{"damage":11.0,"enemies":"Gremlin Nob","floor":12.0,"turns":4.0},{"damage":0.0,"enemies":"Looter","floor":14.0,"turns":3.0},{"damage":38.0,"enemies":"Slime Boss","floor":16.0,"turns":7.0},{"damage":0.0,"enemies":"Shell Parasite","floor":18.0,"turns":4.0},{"damage":0.0,"enemies":"Spheric Guardian","floor":19.0,"turns":3.0},{"damage":16.0,"enemies":"Cultist and Chosen","floor":22.0,"turns":5.0},{"damage":8.0,"enemies":"Snake Plant","floor":24.0,"turns":6.0},{"damage":11.0,"enemies":"Snecko","floor":27.0,"turns":5.0},{"damage":17.0,"enemies":"Book of Stabbing","floor":28.0,"turns":5.0},{"damage":13.0,"enemies":"Automaton","floor":33.0,"turns":6.0},{"damage":8.0,"enemies":"Orb Walker","floor":35.0,"turns":3.0},{"damage":0.0,"enemies":"3 Shapes","floor":36.0,"turns":3.0},{"damage":5.0,"enemies":"Jaw Worm Horde","floor":38.0,"turns":4.0},{"damage":5.0,"enemies":"Sphere and 2 Shapes","floor":39.0,"turns":4.0},{"damage":5.0,"enemies":"Reptomancer","floor":41.0,"turns":4.0},{"damage":10.0,"enemies":"Nemesis","floor":44.0,"turns":7.0},{"damage":0,"enemies":"Reptomancer","floor":46,"turns":5},{"damage":1,"enemies":"Writhing Mass","floor":47,"turns":4},{"damage":44,"enemies":"Time Eater","floor":50,"turns":7}],"seed_played":"2874578173492982515","potions_obtained":[{"floor":1.0,"key":"LiquidMemories"},{"floor":4.0,"key":"FearPotion"},{"floor":7.0,"key":"Fire Potion"},{"floor":16.0,"key":"SteroidPotion"},{"floor":19.0,"key":"Swift Potion"},{"floor":21.0,"key":"Weak Potion"},{"floor":21.0,"key":"CultistPotion"},{"floor":22.0,"key":"Swift Potion"},{"floor":33.0,"key":"EssenceOfSteel"},{"floor":35.0,"key":"FearPotion"},{"floor":37.0,"key":"FairyPotion"},{"floor":37.0,"key":"PowerPotion"},{"floor":38.0,"key":"DistilledChaos"},{"floor":47,"key":"LiquidBronze"}],"is_trial":false,"path_per_floor":["M","?","M","M","$","R","E","M","T","?","M","?","?","M","R","B",null,"M","M","?","?","M","R","M","R","T","M","E","?","?","$","R","B",null,"M","M","?","M","M","R","E","R","T","E","$","E","M","?","R","B",null],"character_chosen":"THE_TRICKSTER","items_purchased":["Anchor","Orichalcum","Bronze Scales","AttackPotion"],"campfire_rested":2,"item_purchase_floors":[31,31,45,45],"current_hp_per_floor":[50,50,50,50,50,50,60,60,60,53,53,42,42,42,42,4,65,65,65,65,65,49,49,41,41,41,30,13,13,13,28,53,40,74,66,66,66,61,56,56,51,51,51,43,58,60,61,51,76,34],"gold":94,"neow_bonus":"ONE_RARE_RELIC","is_daily":false,"chose_seed":false,"campfire_upgraded":6,"win_rate":0.0,"timestamp":1614439542,"path_taken":["M","?","M","?","$","R","E","M","T","?","M","?","?","?","R","BOSS","M","?","?","?","M","R","M","R","T","?","E","?","?","$","R","BOSS","M","M","?","?","M","R","E","R","T","E","$","E","M","?","R","BOSS"],"items_purchased_type":["Relic","Relic","Relic","Potion"],"build_version":"2020-12-22","purchased_purges":3,"victory":true,"max_hp_per_floor":[75,75,75,75,75,75,85,85,85,85,85,85,85,85,85,85,85,85,85,85,85,85,85,85,85,85,85,85,85,85,85,85,85,85,85,85,85,85,85,85,85,85,85,85,85,85,85,85,85,85],"card_choices":[{"not_picked":["theTrickster:Repetition","theTrickster:Parry"],"picked":"theTrickster:NickAndSkid","floor":1.0},{"not_picked":["theTrickster:KillThemAll","theTrickster:HandGrenade"],"picked":"theTrickster:BladeSurge","floor":3.0},{"not_picked":["theTrickster:UpThePace","theTrickster:StudiedSnipe"],"picked":"theTrickster:Practice","floor":4.0},{"not_picked":["theTrickster:CreateAnOpening","theTrickster:LightTrick"],"picked":"theTrickster:Impale","floor":7.0},{"not_picked":["theTrickster:TrickyStrike","theTrickster:Firecrackers"],"picked":"theTrickster:DivingSlice","floor":8.0},{"not_picked":["theTrickster:BetterSafe","theTrickster:MentalStrength"],"picked":"theTrickster:BattlePlan","floor":11.0},{"not_picked":["theTrickster:LightTrick","theTrickster:DebilitatingShot"],"picked":"theTrickster:ImpulsiveStrike","floor":12.0},{"not_picked":["theTrickster:DivingSlice","theTrickster:IntrepidRush"],"picked":"theTrickster:SwiftSlash","floor":14.0},{"not_picked":["theTrickster:ForbiddenMedicine","theTrickster:Gunblade"],"picked":"theTrickster:PistolWhip","floor":16.0},{"not_picked":["theTrickster:BladeSurge+1","theTrickster:OminousSmile"],"picked":"theTrickster:Volley","floor":18.0},{"not_picked":["theTrickster:BetterSafe","theTrickster:Reposition","theTrickster:IntrepidRush"],"picked":"SKIP","floor":19.0},{"not_picked":["theTrickster:EyeForEye","theTrickster:NickAndSkid"],"picked":"theTrickster:Feint","floor":22.0},{"not_picked":["theTrickster:Volley","theTrickster:KillThemAll"],"picked":"theTrickster:StopTheBleeding+1","floor":24.0},{"not_picked":["theTrickster:CautiousManeuver","theTrickster:TrickyStrike","theTrickster:TacticalStrike"],"picked":"SKIP","floor":27.0},{"not_picked":["theTrickster:Distract","theTrickster:FirstAidKit"],"picked":"theTrickster:BlurTheLines","floor":28.0},{"not_picked":["theTrickster:MistForm","theTrickster:ForbiddenMedicine"],"picked":"theTrickster:HiddenPistol","floor":33.0},{"not_picked":[],"picked":"theTrickster:NickAndSkid+1","floor":35.0},{"not_picked":[],"picked":"theTrickster:CreateAnOpening+1","floor":36.0},{"not_picked":[],"picked":"theTrickster:Distract+1","floor":38.0},{"not_picked":["theTrickster:ImpulsiveDefend"],"picked":"SKIP","floor":39.0},{"not_picked":["theTrickster:Parry"],"picked":"SKIP","floor":41.0},{"not_picked":[],"picked":"theTrickster:CreateAnOpening+1","floor":44.0},{"not_picked":["theTrickster:ImpulsiveDefend"],"picked":"SKIP","floor":46},{"not_picked":[],"picked":"theTrickster:Distract+1","floor":47},{"not_picked":[],"picked":"Discovery","floor":48}],"player_experience":1363908,"relics_obtained":[{"floor":7.0,"key":"Pear"},{"floor":9.0,"key":"Omamori"},{"floor":26.0,"key":"Vajra"},{"floor":28.0,"key":"Happy Flower"},{"floor":41.0,"key":"Blood Vial"},{"floor":43.0,"key":"Smiling Mask"},{"floor":44.0,"key":"Oddly Smooth Stone"},{"floor":46,"key":"Shuriken"}],"event_choices":[{"cards_removed":["theTrickster:NickAndSkid"],"damage_healed":0.0,"max_hp_gain":0.0,"max_hp_loss":0.0,"gold_gain":0.0,"event_name":"NoteForYourself","player_choice":"Took Card","floor":2.0,"gold_loss":0.0,"damage_taken":0.0,"cards_obtained":["theTrickster:ImpulsiveDefend"]},{"damage_healed":0.0,"max_hp_gain":0.0,"max_hp_loss":0.0,"gold_gain":0.0,"event_name":"Scrap Ooze","player_choice":"Success","floor":10.0,"gold_loss":0.0,"damage_taken":7.0,"relics_obtained":["MealTicket"]},{"damage_healed":0.0,"max_hp_gain":0.0,"max_hp_loss":0.0,"gold_gain":0.0,"event_name":"Dead Adventurer","player_choice":"Searched \u00272\u0027 times","floor":12.0,"gold_loss":0.0,"damage_taken":0.0,"relics_obtained":["Turnip"]},{"damage_healed":0.0,"max_hp_gain":0.0,"max_hp_loss":0.0,"gold_gain":0.0,"event_name":"Match and Keep!","player_choice":"2 cards matched","floor":13.0,"gold_loss":0.0,"damage_taken":0.0,"cards_obtained":["theTrickster:MistForm","theTrickster:BackStep"]},{"damage_healed":0.0,"max_hp_gain":0.0,"max_hp_loss":0.0,"gold_gain":0.0,"event_name":"Vampires","player_choice":"Ignored","floor":20.0,"gold_loss":0.0,"damage_taken":0.0},{"damage_healed":0.0,"max_hp_gain":0.0,"max_hp_loss":0.0,"gold_gain":0.0,"event_name":"The Woman in Blue","player_choice":"Bought 2 Potions","floor":21.0,"gold_loss":0.0,"damage_taken":0.0},{"damage_healed":0.0,"max_hp_gain":0.0,"max_hp_loss":0.0,"gold_gain":0.0,"cards_transformed":["theTrickster:Strike_Brown","theTrickster:Defend_Brown"],"event_name":"Drug Dealer","player_choice":"Became Test Subject","floor":29.0,"gold_loss":0.0,"damage_taken":0.0,"cards_obtained":["theTrickster:Volley","theTrickster:Salvage"]},{"cards_removed":["theTrickster:Strike_Brown"],"damage_healed":0.0,"max_hp_gain":0.0,"max_hp_loss":0.0,"gold_gain":0.0,"event_name":"Back to Basics","player_choice":"Elegance","floor":30.0,"gold_loss":0.0,"damage_taken":0.0},{"damage_healed":0.0,"max_hp_gain":0.0,"max_hp_loss":0.0,"gold_gain":0.0,"event_name":"Lab","player_choice":"Got Potions","floor":37.0,"gold_loss":0.0,"damage_taken":0.0},{"damage_healed":0,"gold_gain":0,"player_choice":"Memory 3","damage_taken":10,"max_hp_gain":0,"max_hp_loss":0,"event_name":"SensoryStone","floor":48,"gold_loss":0}],"is_beta":false,"boss_relics":[{"not_picked":["Calling Bell","Snecko Eye"],"picked":"Astrolabe"},{"not_picked":["Coffee Dripper","SlaversCollar"],"picked":"Busted Crown"}],"items_purged_floors":[5,31,45],"is_endless":false,"potions_floor_spawned":[1,4,7,16,19,22,33,35,38,47],"ascension_level":6}}