{"host":"d44gy1wvr06n5dy0","time":1614419335,"event":{"mods":["BaseMod","Better Altar","Better Match","Better Note","Better Sensory Stone","Better Skull","Better Third Choice","Downfall","GifTheSpireLib","Minty Spire (QoL Compilation)","Relic Stats","StSLib","The Animator","The Construct","The Disciple","The Servant 0.9.4"],"gold_per_floor":[116,129,160,64,14,40,63,118,118,118,232,248,270,305,305,425,425,456,371,395,185,220,253,253,272,272,272,304,304,343,343,343,471,471,486,506,245,245,245,265,55,68,68,79,79,92,0,11,11,11,11,11,11,42,42,42],"floor_reached":55,"language":"ENG","playtime":7288,"items_purged":["downfall:Bewildered"],"score":791,"play_id":"e516d559-64a4-40a1-ba0f-5145b9c51933","local_time":"20210227024855","is_ascension_mode":true,"campfire_choices":[{"data":"animator:Arpeggio","floor":10.0,"key":"SMITH"},{"floor":15.0,"key":"RECALL"},{"floor":24,"key":"REST"},{"floor":27,"key":"REST"},{"data":"animator:Arpeggio","floor":29,"key":"SMITH"},{"floor":32,"key":"REST"},{"data":"1","floor":45,"key":"LIFT"},{"data":"2","floor":49,"key":"LIFT"},{"data":"3","floor":52,"key":"LIFT"}],"circlet_count":0,"master_deck":["animator:Strike_Konosuba","animator:Defend_Konosuba","animator:Kazuma","animator:Aqua","animator:LeleiLaLalena","animator:Arpeggio+1","animator:Darkness","animator:Strike_TenSura","animator:Strike_Elsword","animator:Strike_Katanagatari","animator:Defend_Konosuba","animator:Defend_OwariNoSeraph","animator:PinaCoLada","animator:TukaLunaMarceau","animator:DolaStephanie+1","animator:Bozes","animator:Arpeggio+1","animator:DolaRiku","animator:TukaLunaMarceau","animator:YaoHaDucy","animator:ItamiYouji","animator:DolaSchwi+1","animator:Mitsurugi","animator:Megumin+8","animator:Wiz","animator:YunYun","animator:Verdia","animator:Vanir","animator:Mitsurugi","animator:Darkness","animator:LeleiLaLalena"],"relics":["animator:LivingPicture","animator:TheMissingPiece","Bronze Scales","Mercury Hourglass","Red Skull","animator:HolyGrailRelic","construct:FoamFinger","Membership Card","Toy Ornithopter","Bag of Preparation","Akabeko","sneckomod:BabySnecko","Busted Crown","Blood Vial","TwistedFunnel","Lantern","Anchor","Girya","Red Mask","Nunchaku"],"acts_visited":["Exordium","TheCity","TheBeyond","TheEnding"],"potions_floor_usage":[21,23,25,33,33,48,50,50,55],"damage_taken":[{"damage":0.0,"enemies":"Small Slimes","floor":1.0,"turns":9.0},{"damage":0.0,"enemies":"Jaw Worm","floor":2.0,"turns":9.0},{"damage":1.0,"enemies":"Cultist","floor":3.0,"turns":4.0},{"damage":1.0,"enemies":"Gremlin Nob","floor":6.0,"turns":4.0},{"damage":0.0,"enemies":"Exordium Wildlife","floor":7.0,"turns":5.0},{"damage":0.0,"enemies":"Lagavulin","floor":8.0,"turns":9.0},{"damage":0.0,"enemies":"2 Fungi Beasts","floor":12.0,"turns":4.0},{"damage":0.0,"enemies":"3 Louse","floor":13.0,"turns":3.0},{"damage":14.0,"enemies":"Gremlin Nob","floor":14.0,"turns":4.0},{"damage":27.0,"enemies":"The Guardian","floor":16.0,"turns":7.0},{"damage":5,"enemies":"3 Byrds","floor":18,"turns":3},{"damage":3,"enemies":"Chosen","floor":20,"turns":6},{"damage":9,"enemies":"Centurion and Healer","floor":22,"turns":9},{"damage":34,"enemies":"Gremlin Leader","floor":23,"turns":13},{"damage":17,"enemies":"Cultist and Chosen","floor":25,"turns":7},{"damage":19,"enemies":"Snecko","floor":28,"turns":5},{"damage":15,"enemies":"Book of Stabbing","floor":30,"turns":4},{"damage":55,"enemies":"Automaton","floor":33,"turns":9},{"damage":12,"enemies":"3 Shapes","floor":35,"turns":4},{"damage":4,"enemies":"Orb Walker","floor":36,"turns":3},{"damage":1,"enemies":"4 Shapes","floor":40,"turns":3},{"damage":6,"enemies":"Jaw Worm Horde","floor":42,"turns":3},{"damage":6,"enemies":"Spire Growth","floor":44,"turns":4},{"damage":0,"enemies":"4 Shapes","floor":46,"turns":3},{"damage":1,"enemies":"Writhing Mass","floor":48,"turns":3},{"damage":53,"enemies":"Awakened One","floor":50,"turns":8},{"damage":43,"enemies":"Shield and Spear","floor":54,"turns":4},{"damage":82,"enemies":"The Heart","floor":55,"turns":8}],"seed_played":"8619046314678650215","potions_obtained":[{"floor":0.0,"key":"SkillPotion"},{"floor":0.0,"key":"animator:FalseLifePotion"},{"floor":0.0,"key":"LiquidMemories"},{"floor":1.0,"key":"Block Potion"},{"floor":6.0,"key":"champ:CounterPotion"},{"floor":8.0,"key":"AttackPotion"},{"floor":12.0,"key":"LiquidBronze"},{"floor":13.0,"key":"ColorlessPotion"},{"floor":16.0,"key":"LiquidBronze"},{"floor":20,"key":"SteroidPotion"},{"floor":23,"key":"ColorlessPotion"},{"floor":28,"key":"SpeedPotion"},{"floor":40,"key":"hexamod:SoulburnPotion"},{"floor":48,"key":"FearPotion"}],"is_trial":false,"path_per_floor":["M","M","M","?","?","E","M","E","T","R","?","M","M","E","R","B",null,"M","?","M","$","M","E","R","M","T","R","M","R","E","?","R","B",null,"M","M","$","?","?","M","$","M","T","M","R","M","?","M","R","B",null,"R","$","E","B"],"character_chosen":"THE_ANIMATOR","items_purchased":["Membership Card","animator:TukaLunaMarceau","Fruit Juice","animator:Verdia","Blood Vial","animator:FalseLifePotion","Block Potion","TwistedFunnel","Lantern","Anchor","animator:Mitsurugi","animator:Darkness"],"campfire_rested":3,"item_purchase_floors":[21,21,21,37,37,37,37,37,41,41,41,41],"current_hp_per_floor":[66,66,65,65,65,67,67,67,67,67,59,61,63,51,51,26,75,74,74,75,80,75,43,68,60,60,86,71,71,61,61,88,49,95,87,87,87,87,87,92,92,92,92,92,92,100,100,108,108,70,111,111,111,70,0,0],"gold":42,"neow_bonus":"THREE_SMALL_POTIONS","is_daily":false,"chose_seed":false,"campfire_upgraded":2,"win_rate":0.0,"timestamp":1614419335,"path_taken":["M","M","M","?","?","E","M","E","T","R","?","?","M","E","R","BOSS","M","?","M","$","M","E","R","M","T","R","M","R","E","?","R","BOSS","M","M","$","?","?","M","$","M","T","?","R","M","?","M","R","BOSS","R","$","E","BOSS"],"items_purchased_type":["Relic","Card","Potion","Card","Relic","Potion","Potion","Relic","Relic","Relic","Card","Card"],"build_version":"2020-12-22","purchased_purges":1,"victory":false,"max_hp_per_floor":[66,66,66,66,66,67,67,67,67,67,67,67,67,67,67,67,75,77,77,79,84,86,86,86,88,88,88,90,90,93,93,93,95,95,99,101,101,101,101,103,103,105,105,107,107,109,109,109,109,111,111,111,111,113,104,104],"relic_stats":{"Blood Vial":13,"Nunchaku":[1],"Busted Crown":40,"counters":[28,153],"Bronze Scales":[395],"Bag of Preparation":[26],"obtain_stats":[{"TwistedFunnel":37,"Girya":43,"Lantern":41,"construct:FoamFinger":19,"animator:TheMissingPiece":0,"Bag of Preparation":26,"Akabeko":30,"Mercury Hourglass":8,"Blood Vial":37,"sneckomod:BabySnecko":31,"animator:HolyGrailRelic":17,"Anchor":41,"Nunchaku":54,"Busted Crown":34,"Bronze Scales":6,"animator:LivingPicture":0,"Red Mask":47,"Membership Card":21,"Red Skull":14,"Toy Ornithopter":23},{"TwistedFunnel":20,"Girya":22,"Lantern":21,"construct:FoamFinger":11,"animator:TheMissingPiece":0,"Bag of Preparation":15,"Akabeko":17,"Mercury Hourglass":6,"Blood Vial":20,"sneckomod:BabySnecko":17,"animator:HolyGrailRelic":10,"Anchor":21,"Nunchaku":27,"Busted Crown":18,"Bronze Scales":4,"animator:LivingPicture":0,"Red Mask":24,"Membership Card":12,"Red Skull":9,"Toy Ornithopter":14},{"TwistedFunnel":118,"Girya":124,"Lantern":121,"construct:FoamFinger":59,"animator:TheMissingPiece":0,"Bag of Preparation":93,"Akabeko":102,"Mercury Hourglass":39,"Blood Vial":118,"sneckomod:BabySnecko":102,"animator:HolyGrailRelic":56,"Anchor":121,"Nunchaku":145,"Busted Crown":111,"Bronze Scales":25,"animator:LivingPicture":0,"Red Mask":130,"Membership Card":64,"Red Skull":49,"Toy Ornithopter":86}],"Toy Ornithopter":35,"Mercury Hourglass":[507]},"card_choices":[{"not_picked":["animator:Tyuule","animator:Benimaru"],"picked":"animator:LeleiLaLalena","floor":1.0},{"not_picked":["animator:PandorasActor","animator:ChlammyZell"],"picked":"animator:Arpeggio","floor":2.0},{"not_picked":["animator:Sloth","animator:Shion"],"picked":"animator:Darkness","floor":3.0},{"not_picked":["animator:Vanir","animator:Kazuma"],"picked":"animator:Chris","floor":6.0},{"not_picked":["animator:Sloth","animator:Fredrika"],"picked":"animator:PinaCoLada","floor":7.0},{"not_picked":["animator:Evileye","animator:WinryRockbell"],"picked":"animator:TukaLunaMarceau","floor":8.0},{"not_picked":["animator:Shuna","animator:Cocytus"],"picked":"animator:DolaStephanie","floor":12.0},{"not_picked":["animator:Kuribayashi","animator:LeleiLaLalena"],"picked":"animator:Bozes","floor":13.0},{"not_picked":["animator:Pride","animator:Demiurge","animator:ElricAlphonse"],"picked":"SKIP","floor":14.0},{"not_picked":["animator:IzunaHatsuse","animator:Shion"],"picked":"animator:Arpeggio","floor":18},{"not_picked":["animator:Shion","animator:Entoma"],"picked":"animator:DolaRiku","floor":20},{"not_picked":["animator:TukaLunaMarceau","animator:Kuribayashi"],"picked":"animator:YaoHaDucy","floor":22},{"not_picked":["animator:Demiurge","animator:Shion"],"picked":"animator:ItamiYouji","floor":23},{"not_picked":["animator:YaoHaDucy","animator:Vanir"],"picked":"animator:DolaSchwi+1","floor":25},{"not_picked":["animator:Sloth+1","animator:IzunaHatsuse"],"picked":"animator:Mitsurugi","floor":28},{"not_picked":["animator:Chris","animator:YunYun"],"picked":"animator:Megumin","floor":30},{"not_picked":["animator:PinaCoLada","animator:Rimuru"],"picked":"animator:Wiz","floor":33},{"not_picked":[],"picked":"animator:YunYun","floor":35},{"not_picked":["animator:Demiurge"],"picked":"SKIP","floor":36},{"not_picked":[],"picked":"animator:Vanir","floor":40},{"not_picked":["animator:FielNirvalen+1"],"picked":"SKIP","floor":44},{"not_picked":["animator:Millim"],"picked":"SKIP","floor":46},{"not_picked":["animator:PandorasActor+1"],"picked":"SKIP","floor":48},{"not_picked":[],"picked":"animator:LeleiLaLalena","floor":54}],"player_experience":427644,"relics_obtained":[{"floor":6.0,"key":"Bronze Scales"},{"floor":8.0,"key":"Mercury Hourglass"},{"floor":14.0,"key":"Red Skull"},{"floor":23,"key":"Toy Ornithopter"},{"floor":26,"key":"Bag of Preparation"},{"floor":30,"key":"Akabeko"},{"floor":43,"key":"Girya"},{"floor":54,"key":"Nunchaku"}],"event_choices":[{"cards_removed":["animator:Defend_MadokaMagica"],"damage_healed":0.0,"max_hp_gain":0.0,"max_hp_loss":0.0,"gold_gain":0.0,"event_name":"The Cleric","player_choice":"Card Removal","floor":5.0,"gold_loss":50.0,"damage_taken":0.0},{"damage_healed":0.0,"max_hp_gain":0.0,"max_hp_loss":0.0,"gold_gain":114.0,"event_name":"betterSkull:BetterSkull","player_choice":"GO ","floor":11.0,"gold_loss":0.0,"damage_taken":9.0,"cards_upgraded":[],"relics_obtained":[]},{"damage_healed":0,"gold_gain":0,"player_choice":"Obtained Relic","damage_taken":0,"relics_obtained":["construct:FoamFinger"],"max_hp_gain":0,"max_hp_loss":0,"event_name":"Addict","floor":19,"gold_loss":85},{"cards_removed":["animator:Chris"],"damage_healed":0,"gold_gain":0,"player_choice":"Removed Attack","damage_taken":0,"max_hp_gain":0,"max_hp_loss":0,"event_name":"Falling","floor":38,"gold_loss":0},{"damage_healed":0,"gold_gain":0,"player_choice":"Upgraded","damage_taken":0,"max_hp_gain":0,"max_hp_loss":0,"event_name":"Upgrade Shrine","floor":39,"gold_loss":0,"cards_upgraded":["animator:DolaStephanie"]},{"damage_healed":0,"gold_gain":0,"player_choice":"Paid","damage_taken":0,"relics_obtained":["Red Mask"],"max_hp_gain":0,"max_hp_loss":0,"event_name":"Tomb of Lord Red Mask","floor":47,"gold_loss":92}],"is_beta":false,"boss_relics":[{"not_picked":["Runic Dome","Velvet Choker"],"picked":"animator:HolyGrailRelic"},{"not_picked":["animator:CursedBlade","Sozu"],"picked":"Busted Crown"}],"items_purged_floors":[37],"is_endless":false,"potions_floor_spawned":[1,6,8,12,13,16,20,23,28,40,46,48],"killed_by":"The Heart","ascension_level":1}}