{"host":"bx54wbx1b8s5cm4v","time":1614391977,"event":{"mods":["BaseMod","Beaked The Cultist","GifTheSpireLib","Hubris","Minty Spire (QoL Compilation)","StSLib","The Blackbeard","The Forsaken","The Servant 0.9.4"],"gold_per_floor":[15,15,26,46,58,58,75,25,50,75,75,75,75,119,119,239,239,254,353,371,93,93,93,127,139,139,165,233,233,249,266,266,361,361,375,126,0,100,110,143,143,154,204,222,235,254,254,270,270,270],"floor_reached":51,"language":"ENG","playtime":2683,"items_purged":["Strike_S"],"score":979,"play_id":"62e5a4a4-6dba-432c-a071-b977954db031","local_time":"20210226231257","is_ascension_mode":false,"campfire_choices":[{"data":"Exchange","floor":6.0,"key":"SMITH"},{"data":"KidneyShot","floor":15.0,"key":"SMITH"},{"data":"FlawlessForm","floor":23,"key":"SMITH"},{"data":"Comet","floor":29,"key":"SMITH"},{"data":"DoubleEdge","floor":32,"key":"SMITH"},{"data":"TimeWarp","floor":41,"key":"SMITH"},{"data":"MurderousAura","floor":47,"key":"SMITH"},{"data":"Advance","floor":49,"key":"SMITH"}],"circlet_count":0,"master_deck":["Strike_S","Strike_S","Strike_S","Defend_S","Defend_S","Defend_S","KidneyShot+1","Exchange+1","Initiator+1","Potential+1","Unruled+1","BottledTime","Comet+1","BottledTime","GearUp","Injury","InstantArmor","FlawlessForm+1","DoubleEdge+1","Starlight","TimeWarp","Sabotage+1","TimeWarp+1","Hightail+1","Rewind","Spin+1","Dilation","BottledTime","ShatteredReality+1","PendulumOfEternity","BottledTime","Rearm","Collapse","MurderousAura+1","Advance+1"],"relics":["Uniform","Potion Belt","Whetstone","Unceasing Top","Bloody Idol","hubris:Towel","Incense Burner","StoneMask","HandDrill","Strawberry","Mercury Hourglass","hubris:Potato","Letter Opener","Philosopher\u0027s Stone","hubris:CrystalStatue","Red Mask","HornCleat","Vajra"],"acts_visited":["Exordium","TheCity","TheBeyond"],"potions_floor_usage":[18,28,40,40,40,50,50,50,50,50],"damage_taken":[{"damage":2.0,"enemies":"Small Slimes","floor":1.0,"turns":3.0},{"damage":3.0,"enemies":"Jaw Worm","floor":3.0,"turns":3.0},{"damage":0.0,"enemies":"2 Louse","floor":4.0,"turns":2.0},{"damage":0.0,"enemies":"2 Fungi Beasts","floor":5.0,"turns":2.0},{"damage":1.0,"enemies":"3 Louse","floor":7.0,"turns":4.0},{"damage":12.0,"enemies":"Lagavulin","floor":10.0,"turns":3.0},{"damage":7.0,"enemies":"3 Sentries","floor":14.0,"turns":5.0},{"damage":0.0,"enemies":"Slime Boss","floor":16.0,"turns":6.0},{"damage":0,"enemies":"Shell Parasite","floor":18,"turns":1},{"damage":4,"enemies":"3 Byrds","floor":20,"turns":6},{"damage":39,"enemies":"Slavers","floor":24,"turns":7},{"damage":0,"enemies":"Cultist and Chosen","floor":25,"turns":5},{"damage":3,"enemies":"Gremlin Leader","floor":27,"turns":5},{"damage":0,"enemies":"Centurion and Healer","floor":30,"turns":5},{"damage":0,"enemies":"Snake Plant","floor":31,"turns":2},{"damage":18,"enemies":"Collector","floor":33,"turns":8},{"damage":0,"enemies":"3 Darklings","floor":35,"turns":3},{"damage":0,"enemies":"Orb Walker","floor":39,"turns":1},{"damage":10,"enemies":"Nemesis","floor":40,"turns":6},{"damage":0,"enemies":"3 Darklings","floor":42,"turns":3},{"damage":0,"enemies":"Sphere and 2 Shapes","floor":44,"turns":1},{"damage":3,"enemies":"Maw","floor":45,"turns":4},{"damage":0,"enemies":"Jaw Worm Horde","floor":46,"turns":1},{"damage":0,"enemies":"3 Darklings","floor":48,"turns":2},{"damage":0,"enemies":"hubris:GrandSnecko","floor":50,"turns":9}],"seed_played":"2840611738646269483","potions_obtained":[{"floor":4.0,"key":"Energy Potion"},{"floor":5.0,"key":"Energy Potion"},{"floor":14.0,"key":"Strength Potion"},{"floor":16.0,"key":"EntropicBrew"},{"floor":24,"key":"Fruit Juice"},{"floor":25,"key":"BlessingOfTheForge"},{"floor":33,"key":"Swift Potion"},{"floor":40,"key":"LiquidBronze"}],"is_trial":false,"path_per_floor":["M","?","M","M","M","R","M","?","T","E","?","?","?","E","R","B",null,"M","?","M","$","?","R","E","M","T","E","T","R","M","M","R","B",null,"M","$","?","?","M","E","R","M","T","M","M","M","R","M","R","B",null],"character_chosen":"THE_SERVANT","items_purchased":["HandDrill","TimeWarp","hubris:CrystalStatue"],"campfire_rested":0,"item_purchase_floors":[21,21,36],"current_hp_per_floor":[63,63,60,60,60,60,59,59,59,47,40,40,40,33,33,33,65,66,66,69,69,69,69,51,62,62,67,77,77,88,90,90,80,91,92,92,92,92,93,91,91,95,95,98,99,102,102,103,103,104],"gold":270,"neow_bonus":"THREE_RARE_CARDS","is_daily":false,"chose_seed":false,"campfire_upgraded":8,"win_rate":0.0,"timestamp":1614391977,"path_taken":["M","?","M","M","M","R","M","?","T","E","?","?","?","E","R","BOSS","M","?","M","$","?","R","E","M","T","E","?","R","M","M","R","BOSS","M","$","?","?","?","E","R","M","T","M","M","M","R","M","R","BOSS"],"items_purchased_type":["Relic","Card","Relic"],"build_version":"2020-12-22","purchased_purges":1,"victory":true,"max_hp_per_floor":[65,65,65,65,65,65,65,65,65,65,65,65,65,65,65,65,65,66,66,69,69,69,69,79,81,81,82,87,87,89,90,90,91,91,92,92,92,92,93,94,94,95,95,98,99,102,102,103,103,104],"card_choices":[{"not_picked":["LightFlow","TheWorld"],"picked":"Initiator","floor":0.0},{"not_picked":["Revamp","Unruled"],"picked":"Potential","floor":1.0},{"not_picked":["Defy","Solidify"],"picked":"Unruled","floor":3.0},{"not_picked":["FastForward","Desolation"],"picked":"BottledTime","floor":4.0},{"not_picked":["Spin","Snipe"],"picked":"Comet","floor":5.0},{"not_picked":["Alleviate","Snipe"],"picked":"BottledTime","floor":7.0},{"not_picked":["Rewind","TimeWarp"],"picked":"GearUp","floor":10.0},{"not_picked":["Shuttle","Spin"],"picked":"InstantArmor","floor":14.0},{"not_picked":["Sunlight","FloweringNight"],"picked":"FlawlessForm","floor":16.0},{"not_picked":["FanOfKnives","ShiftingGears"],"picked":"DoubleEdge","floor":18},{"not_picked":["Alleviate","Revamp+1"],"picked":"Starlight","floor":20},{"not_picked":["Revamp+1","KillingDoll"],"picked":"Sabotage+1","floor":24},{"not_picked":["BottledTime","Snipe+1"],"picked":"TimeWarp","floor":25},{"not_picked":["Sabotage+1","Moonlight+1"],"picked":"Hightail+1","floor":27},{"not_picked":["Alleviate","ForgedInTime"],"picked":"Rewind","floor":30},{"not_picked":["ReturningBlade","BottledTime"],"picked":"Spin+1","floor":31},{"not_picked":["LightFlow","Solidify"],"picked":"Dilation","floor":33},{"not_picked":["Revamp","Replace"],"picked":"BottledTime","floor":35},{"not_picked":["Barrier+1","Potential+1"],"picked":"ShatteredReality+1","floor":39},{"not_picked":["Desolation","Misdirection"],"picked":"PendulumOfEternity","floor":40},{"not_picked":["Revamp","FastForward+1"],"picked":"BottledTime","floor":42},{"not_picked":["Foresight+1","Rewind"],"picked":"Rearm","floor":44},{"not_picked":["DoubleEdge","Starlight"],"picked":"Collapse","floor":45},{"not_picked":["GearUp+1","Potential+1"],"picked":"MurderousAura","floor":46},{"not_picked":["Defy+1","ShatteredReality"],"picked":"Advance","floor":48}],"player_experience":82584,"relics_obtained":[{"floor":9.0,"key":"Potion Belt"},{"floor":10.0,"key":"Whetstone"},{"floor":14.0,"key":"Incense Burner"},{"floor":24,"key":"Strawberry"},{"floor":26,"key":"Mercury Hourglass"},{"floor":27,"key":"hubris:Potato"},{"floor":28,"key":"Letter Opener"},{"floor":40,"key":"HornCleat"},{"floor":43,"key":"Vajra"}],"event_choices":[{"cards_removed":["Defend_S"],"damage_healed":0.0,"max_hp_gain":0.0,"max_hp_loss":0.0,"gold_gain":0.0,"event_name":"The Cleric","player_choice":"Card Removal","floor":8.0,"gold_loss":50.0,"damage_taken":0.0},{"damage_healed":0.0,"max_hp_gain":0.0,"max_hp_loss":0.0,"gold_gain":0.0,"event_name":"Scrap Ooze","player_choice":"Success","floor":11.0,"gold_loss":0.0,"damage_taken":7.0,"relics_obtained":["Unceasing Top"]},{"damage_healed":0.0,"max_hp_gain":0.0,"max_hp_loss":0.0,"gold_gain":0.0,"event_name":"Golden Idol","player_choice":"Take Wound","floor":12.0,"gold_loss":0.0,"damage_taken":0.0,"relics_obtained":["Golden Idol"],"cards_obtained":["Injury"]},{"damage_healed":0,"gold_gain":99,"player_choice":"Stole From Cult","damage_taken":0,"max_hp_gain":0,"max_hp_loss":0,"event_name":"Nest","floor":19,"gold_loss":0},{"damage_healed":0,"gold_gain":0,"player_choice":"Gave Idol","damage_taken":0,"relics_obtained":["Bloody Idol"],"max_hp_gain":0,"max_hp_loss":0,"event_name":"Forgotten Altar","floor":22,"relics_lost":["Golden Idol"],"gold_loss":0},{"damage_healed":0,"gold_gain":0,"player_choice":"Paid","damage_taken":0,"relics_obtained":["Red Mask"],"max_hp_gain":0,"max_hp_loss":0,"event_name":"Tomb of Lord Red Mask","floor":37,"gold_loss":126},{"damage_healed":0,"gold_gain":100,"player_choice":"Pray","damage_taken":0,"max_hp_gain":0,"max_hp_loss":0,"event_name":"Golden Shrine","floor":38,"gold_loss":0}],"is_beta":false,"boss_relics":[{"not_picked":["Empty Cage","Velvet Choker"],"picked":"StoneMask"},{"not_picked":["Black Star","Sozu"],"picked":"Philosopher\u0027s Stone"}],"items_purged_floors":[21],"is_endless":false,"potions_floor_spawned":[4,5,14,16,24,25,33,40,45,46],"ascension_level":0}}