{"host":"9kesdg97wkrx2bva","time":1614414793,"event":{"mods":["AchievementEnabler","BaseMod","Colored Map","GifTheSpireLib","Infinite Spire","Minty Spire (QoL Compilation)","Replay The Spire","StSLib"],"gold_per_floor":[109,184,202,127,52,52,78,90,90,16,16,16,35,58,58,58,58],"floor_reached":16,"language":"ENG","playtime":254,"items_purged":["Strike_G"],"score":244,"play_id":"ff7bbe85-a25e-4c17-b81d-7eaa156d7068","local_time":"20210227023313","is_ascension_mode":true,"campfire_choices":[{"data":"Deadly Poison","floor":6,"key":"SMITH"},{"data":"Deadly Poison","floor":15,"key":"SMITH"}],"circlet_count":0,"master_deck":["AscendersBane","Strike_G","Strike_G","Strike_G","Defend_G","Defend_G","Defend_G","Defend_G","Defend_G","Survivor","Neutralize","Terror","Deadly Poison+1","Prepared","Deadly Poison+1","Footwork","Dagger Spray"],"relics":["Ring of the Snake","NeowsBlessing","Bottled Lightning","Divine Protection","Golden Idol"],"acts_visited":["Exordium"],"potions_floor_usage":[7,13],"damage_taken":[{"damage":0,"enemies":"Small Slimes","floor":1,"turns":1},{"damage":0,"enemies":"2 Louse","floor":3,"turns":1},{"damage":0,"enemies":"3 Sentries","floor":7,"turns":1},{"damage":4,"enemies":"Jaw Worm","floor":8,"turns":4},{"damage":0,"enemies":"2 Fungi Beasts","floor":13,"turns":5},{"damage":0,"enemies":"Lots of Slimes","floor":14,"turns":3},{"damage":21,"enemies":"The Guardian","floor":16,"turns":6}],"seed_played":"3758304599660210840","potions_obtained":[{"floor":1,"key":"Explosive Potion"},{"floor":7,"key":"Poison Potion"}],"is_trial":false,"path_per_floor":["M","?","M","$","?","R","E","M","T","$","?","?","M","M","R","B"],"character_chosen":"THE_SILENT","items_purchased":["Footwork"],"campfire_rested":0,"item_purchase_floors":[10],"current_hp_per_floor":[59,48,48,48,48,48,48,44,44,44,21,21,21,21,21,0,0],"gold":58,"neow_bonus":"THREE_ENEMY_KILL","is_daily":false,"chose_seed":false,"campfire_upgraded":2,"win_rate":0.0,"timestamp":1614414793,"path_taken":["M","?","M","$","?","R","E","M","T","$","?","?","M","M","R","BOSS"],"items_purchased_type":["Card"],"build_version":"2020-12-22","purchased_purges":1,"victory":false,"max_hp_per_floor":[66,66,66,66,66,66,66,66,66,66,66,66,66,66,66,66,66],"card_choices":[{"not_picked":["Heel Hook","Prepared"],"picked":"Terror","floor":1},{"not_picked":["ReplayTheSpireMod:The Works","Dagger Throw"],"picked":"Deadly Poison","floor":3},{"not_picked":["Sucker Punch","Flying Knee"],"picked":"Prepared","floor":7},{"not_picked":["Backflip","Escape Plan"],"picked":"Deadly Poison","floor":8},{"not_picked":["Toxin Wave","Slice"],"picked":"Dagger Spray","floor":13},{"not_picked":["Dagger Spray","Dodge and Roll","Concentrate"],"picked":"SKIP","floor":14}],"player_experience":1059797,"relics_obtained":[{"floor":7,"key":"Bottled Lightning"},{"floor":9,"key":"Divine Protection"}],"event_choices":[{"damage_healed":0,"gold_gain":75,"player_choice":"Gather Gold","damage_taken":11,"max_hp_gain":0,"max_hp_loss":0,"event_name":"World of Goop","floor":2,"gold_loss":0},{"cards_removed":["Strike_G"],"damage_healed":0,"gold_gain":0,"player_choice":"Card Removal","damage_taken":0,"max_hp_gain":0,"max_hp_loss":0,"event_name":"The Cleric","floor":5,"gold_loss":75},{"damage_healed":0,"gold_gain":0,"player_choice":"Take Damage","damage_taken":23,"relics_obtained":["Golden Idol"],"max_hp_gain":0,"max_hp_loss":0,"event_name":"Golden Idol","floor":11,"gold_loss":0},{"damage_healed":0,"gold_gain":0,"player_choice":"Ignored","damage_taken":0,"max_hp_gain":0,"max_hp_loss":0,"event_name":"Liars Game","floor":12,"gold_loss":0}],"is_beta":false,"boss_relics":[],"items_purged_floors":[4],"is_endless":false,"potions_floor_spawned":[1,7],"killed_by":"The Guardian","ascension_level":19}}