{"host":"jm9833yuloeli2yd","time":1614458548,"event":{"mods":["BaseMod","Better Altar","Better Match","Better Note","Better Sensory Stone","Better Skull","Better Third Choice","Better Vampires","BetterRewards","Colored Map","Colored Powertips","DeckTracker","Minty Spire (QoL Compilation)","Permanent Neow","Quick Restart","StSLib","SuperFastMode"],"gold_per_floor":[16,16,31,31,31,61,61,92,119,119,130,142,142,153,153,226,226,238,1,1,1,18,18,18],"floor_reached":23,"language":"ENG","playtime":562,"items_purged":["Strike_B"],"score":398,"play_id":"c0871bc3-d6f9-48b0-b5bf-d8025126816b","local_time":"20210227154228","is_ascension_mode":true,"campfire_choices":[{"data":"Zap","floor":7.0,"key":"SMITH"},{"floor":10.0,"key":"REST"},{"floor":15.0,"key":"REST"}],"circlet_count":0,"master_deck":["AscendersBane","Defend_B","Defend_B","Defend_B","Defend_B","Zap+1","Dualcast","Buffer","Doom and Gloom","Dash","White Noise","Genetic Algorithm","Go for the Eyes","Double Energy","Defragment","All For One","Conserve Battery","Blizzard","Cold Snap","BootSequence"],"relics":["Cracked Core","Centennial Puzzle","Potion Belt","Shuriken","Happy Flower","Coffee Dripper","Runic Capacitor"],"acts_visited":["Exordium","TheCity"],"potions_floor_usage":[],"damage_taken":[{"damage":7.0,"enemies":"Small Slimes","floor":1.0,"turns":3.0},{"damage":0.0,"enemies":"Jaw Worm","floor":3.0,"turns":3.0},{"damage":14.0,"enemies":"Gremlin Nob","floor":6.0,"turns":4.0},{"damage":19.0,"enemies":"Lagavulin","floor":8.0,"turns":8.0},{"damage":6.0,"enemies":"Cultist","floor":11.0,"turns":3.0},{"damage":15.0,"enemies":"Exordium Wildlife","floor":12.0,"turns":3.0},{"damage":6.0,"enemies":"Looter","floor":14.0,"turns":3.0},{"damage":16.0,"enemies":"Hexaghost","floor":16.0,"turns":7.0},{"damage":22,"enemies":"Shell Parasite","floor":18,"turns":5},{"damage":15,"enemies":"2 Thieves","floor":22,"turns":4},{"damage":22,"enemies":"Slavers","floor":23,"turns":2}],"seed_played":"5280796374841371862","potions_obtained":[{"floor":6.0,"key":"FearPotion"},{"floor":11.0,"key":"FocusPotion"},{"floor":12.0,"key":"LiquidMemories"},{"floor":22,"key":"PotionOfCapacity"}],"is_trial":false,"path_per_floor":["M","?","M","?","$","E","R","E","T","R","M","M","?","M","R","B",null,"M","$","?","?","M","E"],"character_chosen":"DEFECT","items_purchased":["Runic Capacitor"],"campfire_rested":2,"item_purchase_floors":[19],"current_hp_per_floor":[57,62,62,48,48,34,34,15,15,37,31,16,9,3,25,9,59,37,37,37,37,22,0,0],"gold":18,"neow_bonus":"THREE_RARE_CARDS","is_daily":false,"chose_seed":false,"campfire_upgraded":1,"win_rate":0.0,"timestamp":1614458548,"path_taken":["M","?","M","?","?","E","R","E","T","R","M","?","?","M","R","BOSS","M","$","?","?","?","E"],"items_purchased_type":["Relic"],"build_version":"2020-12-22","purchased_purges":1,"victory":false,"max_hp_per_floor":[71,76,76,76,76,76,76,76,76,76,76,76,76,76,76,76,76,76,76,76,76,76,76,76],"card_choices":[{"not_picked":["Machine Learning","Fission"],"picked":"Buffer","floor":0.0},{"not_picked":["Blizzard","Steam Power"],"picked":"Streamline","floor":1.0},{"not_picked":["Reinforced Body","Compile Driver"],"picked":"Doom and Gloom","floor":3.0},{"not_picked":["Stack","Undo"],"picked":"White Noise","floor":6.0},{"not_picked":["Reinforced Body","Rebound"],"picked":"Genetic Algorithm","floor":8.0},{"not_picked":["Rebound","Beam Cell"],"picked":"Go for the Eyes","floor":11.0},{"not_picked":["Compile Driver","Aggregate"],"picked":"Double Energy","floor":12.0},{"not_picked":["Steam Power","Genetic Algorithm"],"picked":"Defragment","floor":14.0},{"not_picked":["Hyperbeam","Thunder Strike"],"picked":"All For One","floor":16.0},{"not_picked":["Sweeping Beam","Aggregate"],"picked":"Conserve Battery","floor":18},{"not_picked":["Doom and Gloom","Reinforced Body"],"picked":"BootSequence","floor":22}],"player_experience":1387419,"relics_obtained":[{"floor":6.0,"key":"Potion Belt"},{"floor":8.0,"key":"Shuriken"},{"floor":9.0,"key":"Happy Flower"}],"event_choices":[{"damage_healed":0.0,"max_hp_gain":5.0,"max_hp_loss":0.0,"gold_gain":0.0,"event_name":"Big Fish","player_choice":"Donut","floor":2.0,"gold_loss":0.0,"damage_taken":0.0},{"cards_removed":["Strike_B"],"damage_healed":0.0,"max_hp_gain":0.0,"max_hp_loss":0.0,"gold_gain":0.0,"event_name":"Golden Wing","player_choice":"Card Removal","floor":13.0,"gold_loss":0.0,"damage_taken":7.0},{"damage_healed":0,"gold_gain":0,"cards_transformed":["Strike_B","Strike_B"],"player_choice":"Became Test Subject","damage_taken":0,"max_hp_gain":0,"max_hp_loss":0,"event_name":"Drug Dealer","floor":20,"gold_loss":0,"cards_obtained":["Blizzard","Cold Snap"]},{"cards_removed":["Streamline"],"damage_healed":0,"gold_gain":0,"player_choice":"Purged","damage_taken":0,"max_hp_gain":0,"max_hp_loss":0,"event_name":"Purifier","floor":21,"gold_loss":0}],"is_beta":false,"boss_relics":[{"not_picked":["Velvet Choker","Snecko Eye"],"picked":"Coffee Dripper"}],"items_purged_floors":[19],"is_endless":false,"potions_floor_spawned":[6,11,12,22],"killed_by":"Slavers","ascension_level":20}}