{"host":"rwiy0nr47d6nmxat","time":1614435774,"event":{"mods":["2.2 Compatiblity","AchievementEnabler","Act Like it!","Aspiration","BaseMod","Better Note","Better Sensory Stone","Block Reminder","Challenge The Spire","Colored Map","Colored Powertips","Conspire","Curses Come First","Elementarium","Highlight Path","Hubris","Infinite Spire","Mad Scientist","Minty Spire (QoL Compilation)","Permanent Neow","Quick Restart","Rare Cards Sparkle","Reliquary","Replay The Spire","Ruina","Spire Arcade","StSLib","SuperFastMode","The Cursed","TheFirefly","slay the spire mod where everything is the same but ironclad has a cowboy hat"],"gold_per_floor":[111,127,4,21,38,38,38,38,38,63,63,77,77,121,121,241,241,266,266,266,266,266],"floor_reached":21,"language":"ENG","playtime":468,"items_purged":[],"score":179,"play_id":"b98ec18a-3857-4d5f-bdeb-9d0d4a142ed7","local_time":"20210227092254","is_ascension_mode":false,"campfire_choices":[{"floor":6,"key":"REST"},{"floor":8,"key":"REST"},{"floor":11,"key":"REST"},{"floor":15,"key":"REST"}],"circlet_count":0,"master_deck":["Strike_B","Strike_B","Strike_B","Strike_B","Defend_B","Defend_B","Defend_B","Defend_B","Zap","Dualcast","Redo","White Noise+1","Static Discharge","Leap","Chaos","Go for the Eyes","Storm","Conserve Battery","Double Energy","Amplify","Ball Lightning"],"relics":["Cracked Core","aspiration:Nostalgia","Ring of the Snake","Golden Idol","infinitespire:Bottled Soul","Pear","aspiration:PoetsPen_weak"],"acts_visited":["Exordium","TheCity"],"potions_floor_usage":[12,12,21],"damage_taken":[{"damage":7,"enemies":"Small Slimes","floor":1,"turns":4},{"damage":3,"enemies":"Jaw Worm","floor":2,"turns":4},{"damage":1,"enemies":"Cultist","floor":4,"turns":3},{"damage":36,"enemies":"Exordium Wildlife","floor":5,"turns":7},{"damage":9,"enemies":"Blue Slaver","floor":10,"turns":3},{"damage":28,"enemies":"Exordium Thugs","floor":12,"turns":4},{"damage":17,"enemies":"Lagavulin","floor":14,"turns":5},{"damage":36,"enemies":"Hexaghost","floor":16,"turns":9},{"damage":30,"enemies":"2 Thieves","floor":18,"turns":5},{"damage":18,"enemies":"Chosen","floor":21,"turns":4}],"seed_played":"-9041222072207893213","potions_obtained":[{"floor":1,"key":"FocusPotion"},{"floor":2,"key":"Venom Potion"},{"floor":16,"key":"FearPotion"}],"is_trial":false,"path_per_floor":["M","M","$","M","M","R","?","R","T","M","R","M","?","E","R","B",null,"M","?","?","M"],"character_chosen":"DEFECT","items_purchased":["Static Discharge","Leap"],"campfire_rested":4,"item_purchase_floors":[3,3],"current_hp_per_floor":[68,65,65,64,28,50,32,54,54,45,67,39,39,32,57,21,85,55,55,14,0,0],"gold":266,"neow_bonus":"NOSTALGIA","is_daily":false,"chose_seed":false,"campfire_upgraded":0,"win_rate":0.0,"timestamp":1614435774,"path_taken":["M","M","$","M","M","R","?","R","T","M","R","M","?","E","R","BOSS","M","?","?","M"],"items_purchased_type":["Card","Card"],"build_version":"2020-12-22","purchased_purges":0,"victory":false,"max_hp_per_floor":[75,75,75,75,75,75,75,75,75,75,75,75,75,85,85,85,85,85,85,85,85,85],"card_choices":[{"not_picked":["Consume","Streamline"],"picked":"Redo","floor":1},{"not_picked":["Time Bomb","Beam Cell"],"picked":"White Noise","floor":2},{"not_picked":["Conserve Battery","Hologram"],"picked":"Chaos","floor":4},{"not_picked":["Rebound","Glacier"],"picked":"Go for the Eyes","floor":5},{"not_picked":["Gash","Conserve Battery"],"picked":"Storm","floor":10},{"not_picked":["Coolheaded","Beam Cell"],"picked":"Conserve Battery","floor":12},{"not_picked":["Turbo","All For One"],"picked":"Double Energy","floor":14},{"not_picked":["Core Surge","Rainbow"],"picked":"Amplify","floor":16},{"not_picked":["Compile Driver","Conserve Battery"],"picked":"Ball Lightning","floor":18}],"player_experience":84005,"relics_obtained":[{"floor":9,"key":"infinitespire:Bottled Soul"},{"floor":14,"key":"Pear"}],"event_choices":[{"damage_healed":0,"gold_gain":0,"player_choice":"Take Damage","damage_taken":18,"relics_obtained":["Golden Idol"],"max_hp_gain":0,"max_hp_loss":0,"event_name":"Golden Idol","floor":7,"gold_loss":0},{"cards_removed":["Amplify"],"damage_healed":0,"gold_gain":0,"player_choice":"Give","damage_taken":0,"max_hp_gain":0,"max_hp_loss":0,"event_name":"betterNote:BetterNote","floor":19,"gold_loss":0,"cards_obtained":["Strike_B"]}],"is_beta":false,"boss_relics":[{"not_picked":["hubris:VirtuousBlindfold","reliquary:WritOfMandamus"],"picked":"aspiration:PoetsPen_weak"}],"items_purged_floors":[],"is_endless":false,"potions_floor_spawned":[1,2,16],"killed_by":"Chosen","ascension_level":0}}