{"host":"dq2d9inx7yjdstkp","time":1614421021,"event":{"mods":["AchievementEnabler","BaseMod","Colored Map","DeckTracker","Minty Spire (QoL Compilation)","Permanent Neow","Quick Restart","StSLib"],"gold_per_floor":[9999,10010,9300,9300,8394,8427,8443,8443,8519,8519,8534,8534,7628,7642,7642,7739,7739,7757,7856,7856,7873,7290,7290,6993,6993,7066,7092,7103,7119,7219,7219,7219,7314,7314,7331,7348,7348,6872,6885,6885,6912,6912,6983,6656,6687,6700,6700,6700,6700,6700],"floor_reached":51,"language":"KOR","playtime":3802,"items_purged":["Strike_R","Strike_R","Clash","Clothesline","Defend_R","Seeing Red"],"score":1118,"play_id":"1f220ef5-6190-4f41-b60c-11363a27b84a","local_time":"20210227191701","is_ascension_mode":true,"campfire_choices":[{"data":"Barricade","floor":8,"key":"SMITH"},{"floor":10,"key":"REST"},{"data":"Body Slam","floor":12,"key":"SMITH"},{"data":"Apotheosis","floor":15,"key":"SMITH"},{"data":"Battle Trance","floor":23,"key":"SMITH"},{"data":"Seeing Red","floor":25,"key":"SMITH"},{"data":"Impervious","floor":32,"key":"SMITH"},{"data":"Shrug It Off","floor":40,"key":"SMITH"},{"data":"Defend_R","floor":47,"key":"PURGE"},{"data":"Defend_R","floor":49,"key":"PURGE"}],"circlet_count":0,"master_deck":["Bash","Iron Wave","Barricade+1","Shrug It Off+1","Pommel Strike","Armaments+1","Shrug It Off+1","Violence","Body Slam+1","Seeing Red+1","Battle Trance+1","Impervious+1","Apotheosis+1","Shrug It Off","Juggernaut+1","Body Slam","Battle Trance+1","Purity","Secret Technique","Body Slam+1","Sentinel+1","Sentinel+1","Offering+1","True Grit+1","Exhume+1","Entrench+1","Barricade+1"],"relics":["Burning Blood","Darkstone Periapt","Lizard Tail","Orrery","Centennial Puzzle","InkBottle","Toolbox","Dream Catcher","Matryoshka","Frozen Egg 2","Bottled Tornado","Membership Card","Velvet Choker","Sundial","WingedGreaves","Lee\u0027s Waffle","Lantern","PreservedInsect","Cauldron","Toy Ornithopter","Toxic Egg 2","HornCleat","Magic Flower","Eternal Feather","Runic Pyramid","Ancient Tea Set","Charon\u0027s Ashes","Frozen Eye","Bottled Lightning","Anchor","Mercury Hourglass","Regal Pillow","Nunchaku","Strange Spoon","Peace Pipe"],"acts_visited":["Exordium","TheCity","TheBeyond"],"potions_floor_usage":[6],"damage_taken":[{"damage":6,"enemies":"Cultist","floor":1,"turns":3},{"damage":9,"enemies":"Jaw Worm","floor":2,"turns":3},{"damage":5,"enemies":"Lagavulin","floor":6,"turns":8},{"damage":5,"enemies":"Small Slimes","floor":7,"turns":4},{"damage":6,"enemies":"Looter","floor":11,"turns":3},{"damage":0,"enemies":"Red Slaver","floor":14,"turns":4},{"damage":0,"enemies":"Slime Boss","floor":16,"turns":4},{"damage":0,"enemies":"Spheric Guardian","floor":18,"turns":7},{"damage":12,"enemies":"3 Byrds","floor":21,"turns":4},{"damage":0,"enemies":"Gremlin Leader","floor":27,"turns":4},{"damage":0,"enemies":"Snecko","floor":28,"turns":2},{"damage":8,"enemies":"Snake Plant","floor":29,"turns":2},{"damage":0,"enemies":"Colosseum Slavers","floor":30,"turns":2},{"damage":0,"enemies":"Colosseum Nobs","floor":30,"turns":3},{"damage":0,"enemies":"Automaton","floor":33,"turns":7},{"damage":18,"enemies":"3 Darklings","floor":35,"turns":3},{"damage":11,"enemies":"3 Shapes","floor":36,"turns":3},{"damage":0,"enemies":"Maw","floor":39,"turns":5},{"damage":0,"enemies":"Nemesis","floor":41,"turns":3},{"damage":0,"enemies":"Reptomancer","floor":45,"turns":3},{"damage":0,"enemies":"4 Shapes","floor":46,"turns":3},{"damage":6,"enemies":"Awakened One","floor":50,"turns":6}],"seed_played":"630536690696756454","potions_obtained":[{"floor":1,"key":"Strength Potion"},{"floor":2,"key":"CultistPotion"},{"floor":21,"key":"EssenceOfSteel"}],"is_trial":false,"path_per_floor":["M","M","$","?","$","E","M","R","T","R","M","R","$","M","R","B",null,"M","?","?","M","$","R","$","R","T","E","M","M","?","?","R","B",null,"M","M","?","$","M","R","E","?","T","$","E","M","R","?","R","B",null],"character_chosen":"IRONCLAD","items_purchased":["Darkstone Periapt","Lizard Tail","Orrery","Centennial Puzzle","InkBottle","Toolbox","Violence","SmokeBomb","Frozen Egg 2","Bottled Tornado","Membership Card","Impervious","Apotheosis","Shrug It Off","DuplicationPotion","Sundial","WingedGreaves","Lee\u0027s Waffle","Battle Trance","Purity","Secret Technique","Lantern","PreservedInsect","Cauldron","Ancient Tea Set","Charon\u0027s Ashes","Frozen Eye","Exhume+1","Regal Pillow","Nunchaku","Strange Spoon"],"campfire_rested":1,"item_purchase_floors":[3,3,3,5,5,5,5,5,13,13,13,13,13,13,13,22,22,22,22,22,22,24,24,24,38,38,38,38,44,44,44],"current_hp_per_floor":[56,53,53,37,37,38,39,39,39,63,63,63,63,69,69,75,80,80,80,80,74,87,87,87,87,87,87,87,85,87,87,87,87,87,78,76,76,76,85,87,87,83,83,83,83,83,83,83,83,83],"gold":6700,"neow_bonus":"REMOVE_TWO","is_daily":false,"chose_seed":false,"campfire_upgraded":7,"win_rate":0.0,"timestamp":1614421021,"path_taken":["M","M","$","?","$","E","M","R","T","R","M","R","$","M","R","BOSS","M","?","?","M","$","R","$","R","T","E","M","M","?","?","R","BOSS","M","M","?","$","M","R","E","?","T","$","E","M","R","?","R","BOSS"],"items_purchased_type":["Relic","Relic","Relic","Relic","Relic","Relic","Card","Potion","Relic","Relic","Relic","Card","Card","Card","Potion","Relic","Relic","Relic","Card","Card","Card","Relic","Relic","Relic","Relic","Relic","Relic","Card","Relic","Relic","Relic"],"build_version":"2020-12-22","purchased_purges":6,"victory":true,"max_hp_per_floor":[80,80,80,80,80,80,80,80,80,80,80,80,80,80,80,80,80,80,80,80,80,87,87,87,87,87,87,87,87,87,87,87,87,87,87,87,87,87,87,87,87,83,83,83,83,83,83,83,83,83],"card_choices":[{"not_picked":["Flex","Clothesline"],"picked":"Iron Wave","floor":1},{"not_picked":["Perfected Strike","True Grit"],"picked":"Clash","floor":2},{"not_picked":["True Grit","Clash"],"picked":"Barricade","floor":3},{"not_picked":["Perfected Strike","Thunderclap"],"picked":"Shrug It Off","floor":3},{"not_picked":["Wild Strike","Iron Wave"],"picked":"Pommel Strike","floor":3},{"not_picked":["Twin Strike","Heavy Blade"],"picked":"Armaments","floor":3},{"not_picked":["Bludgeon","Inflame"],"picked":"Shrug It Off","floor":3},{"not_picked":["Cleave","Dual Wield"],"picked":"Body Slam","floor":6},{"not_picked":["Pommel Strike","Disarm","Sword Boomerang"],"picked":"SKIP","floor":7},{"not_picked":["Evolve","Disarm"],"picked":"Seeing Red","floor":10},{"not_picked":["Warcry","Disarm"],"picked":"Battle Trance","floor":11},{"not_picked":["Anger","Infernal Blade"],"picked":"Seeing Red","floor":14},{"not_picked":["Feed","Fiend Fire"],"picked":"Juggernaut+1","floor":16},{"not_picked":["Cleave","Disarm","Twin Strike"],"picked":"SKIP","floor":18},{"not_picked":["Reckless Charge","Anger","Power Through"],"picked":"SKIP","floor":21},{"not_picked":["Offering+1","Battle Trance+1"],"picked":"Body Slam+1","floor":27},{"not_picked":["Clothesline","Cleave","Combust+1"],"picked":"SKIP","floor":28},{"not_picked":["Dropkick+1","Dark Embrace+1"],"picked":"Sentinel+1","floor":29},{"not_picked":["Heavy Blade","Twin Strike"],"picked":"Sentinel+1","floor":30},{"not_picked":["Fiend Fire","Feed"],"picked":"Offering+1","floor":33},{"not_picked":["Perfected Strike","Blood for Blood"],"picked":"True Grit+1","floor":35},{"not_picked":["Rage+1","Headbutt+1"],"picked":"Flame Barrier+1","floor":36},{"not_picked":["Twin Strike","Uppercut+1","Thunderclap"],"picked":"SKIP","floor":39},{"not_picked":["Burning Pact+1","Havoc+1","Reckless Charge"],"picked":"SKIP","floor":41},{"not_picked":["Thunderclap","Perfected Strike","Heavy Blade+1"],"picked":"SKIP","floor":45},{"not_picked":["Thunderclap","Dark Embrace+1"],"picked":"Entrench+1","floor":46}],"player_experience":11671,"relics_obtained":[{"floor":6,"key":"Dream Catcher"},{"floor":9,"key":"Matryoshka"},{"floor":26,"key":"Toy Ornithopter"},{"floor":26,"key":"Toxic Egg 2"},{"floor":27,"key":"HornCleat"},{"floor":30,"key":"Magic Flower"},{"floor":30,"key":"Eternal Feather"},{"floor":41,"key":"Bottled Lightning"},{"floor":43,"key":"Anchor"},{"floor":43,"key":"Mercury Hourglass"},{"floor":45,"key":"Peace Pipe"}],"event_choices":[{"damage_healed":0,"gold_gain":0,"player_choice":"Entered Light","damage_taken":16,"max_hp_gain":0,"max_hp_loss":0,"event_name":"Shining Light","floor":4,"gold_loss":0,"cards_upgraded":["Shrug It Off","Armaments"]},{"damage_healed":0,"gold_gain":99,"player_choice":"Stole From Cult","damage_taken":0,"max_hp_gain":0,"max_hp_loss":0,"event_name":"Nest","floor":19,"gold_loss":0},{"damage_healed":0,"gold_gain":0,"cards_transformed":["Strike_R","Defend_R"],"player_choice":"Became Test Subject","damage_taken":0,"max_hp_gain":0,"max_hp_loss":0,"event_name":"Drug Dealer","floor":20,"gold_loss":0,"cards_obtained":["Clothesline","Body Slam"]},{"damage_healed":0,"gold_gain":0,"player_choice":"Fight","damage_taken":0,"max_hp_gain":0,"max_hp_loss":0,"event_name":"Colosseum","floor":30,"gold_loss":0},{"damage_healed":0,"gold_gain":0,"player_choice":"Fought Nobs","damage_taken":0,"max_hp_gain":0,"max_hp_loss":0,"event_name":"Colosseum","floor":30,"gold_loss":0},{"damage_healed":0,"gold_gain":0,"player_choice":"Forge","damage_taken":0,"max_hp_gain":0,"max_hp_loss":0,"event_name":"Accursed Blacksmith","floor":31,"gold_loss":0,"cards_upgraded":["Battle Trance"]},{"cards_removed":["Flame Barrier"],"damage_healed":0,"gold_gain":0,"player_choice":"Removed Skill","damage_taken":0,"max_hp_gain":0,"max_hp_loss":0,"event_name":"Falling","floor":37,"gold_loss":0},{"damage_healed":0,"gold_gain":0,"player_choice":"Max HP","damage_taken":0,"max_hp_gain":0,"max_hp_loss":4,"event_name":"Winding Halls","floor":42,"gold_loss":0},{"damage_healed":0,"gold_gain":0,"player_choice":"1 cards matched","damage_taken":0,"max_hp_gain":0,"max_hp_loss":0,"event_name":"Match and Keep!","floor":48,"gold_loss":0,"cards_obtained":["Barricade"]}],"is_beta":false,"boss_relics":[{"not_picked":["Empty Cage","Astrolabe"],"picked":"Velvet Choker"},{"not_picked":["Black Blood","Runic Dome"],"picked":"Runic Pyramid"}],"items_purged_floors":[5,13,22,24,38,44],"is_endless":false,"potions_floor_spawned":[1,2,18,21,29,33,36,39,45,46],"ascension_level":2}}