{"host":"kh6fvhxn285ncg0o","time":1614429907,"event":{"mods":["Act Like it!","BaseMod","Colored Map","Friendly Minions","Keyboard Shortcuts","Minty Spire (QoL Compilation)","Quick Restart","Relic Stats","StSLib","SuperFastMode","UnlockEverythingMod"],"gold_per_floor":[115,115,129,129,204,204,239,251,288,317,340,352,4,18,18,18,18],"floor_reached":16,"language":"KOR","playtime":262,"items_purged":["Strike_R"],"score":200,"play_id":"d637f7c1-7bf2-4089-963f-4ae8a21cc72e","local_time":"20210227214507","is_ascension_mode":true,"campfire_choices":[{"data":"Bash","floor":6,"key":"SMITH"},{"data":"Body Slam","floor":12,"key":"SMITH"},{"data":"Power Through","floor":15,"key":"SMITH"}],"circlet_count":0,"master_deck":["AscendersBane","Strike_R","Strike_R","Defend_R","Defend_R","Defend_R","Defend_R","Bash+1","Feed","Power Through+1","Body Slam+1","Shockwave"],"relics":["Burning Blood","MawBank","Strawberry","Sundial"],"acts_visited":["Exordium"],"potions_floor_usage":[7,16],"damage_taken":[{"damage":3,"enemies":"2 Louse","floor":1,"turns":3},{"damage":1,"enemies":"Cultist","floor":3,"turns":3},{"damage":31,"enemies":"Gremlin Nob","floor":7,"turns":4},{"damage":2,"enemies":"Jaw Worm","floor":10,"turns":4},{"damage":2,"enemies":"Looter","floor":11,"turns":5},{"damage":4,"enemies":"Blue Slaver","floor":14,"turns":3},{"damage":47,"enemies":"Slime Boss","floor":16,"turns":7}],"seed_played":"-2069083618834719768","potions_obtained":[{"floor":3,"key":"Fire Potion"},{"floor":7,"key":"ColorlessPotion"},{"floor":11,"key":"GamblersBrew"},{"floor":14,"key":"SpeedPotion"}],"is_trial":false,"path_per_floor":["M","?","M","?","?","R","E","$","T","M","M","R","$","M","R","B"],"character_chosen":"IRONCLAD","items_purchased":["Sundial"],"campfire_rested":0,"item_purchase_floors":[13],"current_hp_per_floor":[53,53,61,54,43,43,18,18,25,32,36,36,36,41,41,0,0],"gold":18,"neow_bonus":"THREE_RARE_CARDS","is_daily":false,"chose_seed":false,"campfire_upgraded":3,"win_rate":0.0,"timestamp":1614429907,"path_taken":["M","?","?","?","?","R","E","?","T","M","M","R","?","M","R","BOSS"],"items_purchased_type":["Relic"],"build_version":"2020-12-22","purchased_purges":1,"victory":false,"max_hp_per_floor":[75,75,78,78,78,78,78,78,85,88,88,88,88,91,91,91,91],"relic_stats":{"counters":[7,29],"Sundial":[2],"MawBank":72,"obtain_stats":[{"Sundial":13,"Strawberry":9,"MawBank":7,"Burning Blood":0},{"Sundial":5,"Strawberry":3,"MawBank":3,"Burning Blood":0},{"Sundial":19,"Strawberry":10,"MawBank":10,"Burning Blood":0}],"Burning Blood":36},"card_choices":[{"not_picked":["Reaper","Barricade"],"picked":"Feed","floor":0},{"not_picked":["Headbutt","Cleave","Intimidate"],"picked":"SKIP","floor":1},{"not_picked":["Clothesline","Warcry"],"picked":"Power Through","floor":3},{"not_picked":["Headbutt","Spot Weakness"],"picked":"Body Slam","floor":7},{"not_picked":["Blood for Blood","Warcry"],"picked":"Shockwave","floor":11},{"not_picked":["Combust","Searing Blow","Thunderclap"],"picked":"SKIP","floor":14}],"player_experience":1574664,"relics_obtained":[{"floor":7,"key":"MawBank"},{"floor":9,"key":"Strawberry"}],"event_choices":[{"cards_removed":["Strike_R"],"damage_healed":0,"gold_gain":0,"player_choice":"Purged","damage_taken":0,"max_hp_gain":0,"max_hp_loss":0,"event_name":"Purifier","floor":2,"gold_loss":0},{"cards_removed":["Strike_R"],"damage_healed":0,"gold_gain":0,"player_choice":"Card Removal","damage_taken":7,"max_hp_gain":0,"max_hp_loss":0,"event_name":"Golden Wing","floor":4,"gold_loss":0},{"damage_healed":0,"gold_gain":75,"player_choice":"Gather Gold","damage_taken":11,"max_hp_gain":0,"max_hp_loss":0,"event_name":"World of Goop","floor":5,"gold_loss":0}],"is_beta":false,"boss_relics":[],"items_purged_floors":[13],"is_endless":false,"potions_floor_spawned":[3,7,11,14],"killed_by":"Slime Boss","ascension_level":20}}