{"host":"rwiy0nr47d6nmxat","time":1614438140,"event":{"mods":["2.2 Compatiblity","AchievementEnabler","Act Like it!","Aspiration","BaseMod","Better Note","Better Sensory Stone","Block Reminder","Challenge The Spire","Colored Map","Colored Powertips","Conspire","Curses Come First","Elementarium","Highlight Path","Hubris","Infinite Spire","Mad Scientist","Minty Spire (QoL Compilation)","Permanent Neow","Quick Restart","Rare Cards Sparkle","Reliquary","Replay The Spire","Ruina","Spire Arcade","StSLib","SuperFastMode","The Cursed","TheFirefly","slay the spire mod where everything is the same but ironclad has a cowboy hat"],"gold_per_floor":[109,126,146,92,108,108,140,140,167,167,117,130,148,165,165,266,266,276,24,34,34,34,34,50,50,50],"floor_reached":25,"language":"ENG","playtime":731,"items_purged":[],"score":205,"play_id":"4d7b228a-7497-4a09-bce2-ee8039678228","local_time":"20210227100220","is_ascension_mode":false,"campfire_choices":[{"floor":6,"key":"REST"},{"floor":8,"key":"REST"},{"data":"Hologram","floor":10,"key":"SMITH"},{"floor":15,"key":"REST"},{"floor":23,"key":"REST"}],"circlet_count":0,"master_deck":["Strike_B","Strike_B","Strike_B","Defend_B","Defend_B","Defend_B","Defend_B","Zap+1","Dualcast","Hologram+1","Turbo","Ball Lightning+1","Turbo","Coolheaded+1","Sweeping Beam","Conserve Battery","Conserve Battery","Creative AI","Compile Driver+1","BootSequence","Rebound","Doom and Gloom+1","Hologram"],"relics":["Cracked Core","PreservedInsect","reliquary:Buckler","aspiration:RunicSpoon","Raider\u0027s Mask","aspiration:Stabinomicon"],"acts_visited":["Exordium","TheCity"],"potions_floor_usage":[7,7,16,16,25],"damage_taken":[{"damage":5,"enemies":"Small Slimes","floor":1,"turns":4},{"damage":8,"enemies":"2 Louse","floor":2,"turns":3},{"damage":8,"enemies":"Jaw Worm","floor":3,"turns":3},{"damage":5,"enemies":"Looter","floor":5,"turns":3},{"damage":22,"enemies":"Gremlin Nob","floor":7,"turns":4},{"damage":19,"enemies":"3 Louse","floor":12,"turns":3},{"damage":3,"enemies":"Red Slaver","floor":13,"turns":2},{"damage":3,"enemies":"Exordium Thugs","floor":14,"turns":4},{"damage":9,"enemies":"Fading Forest","floor":16,"turns":11},{"damage":9,"enemies":"Spheric Guardian","floor":18,"turns":4},{"damage":25,"enemies":"Shell Parasite","floor":20,"turns":5},{"damage":22,"enemies":"Snake Plant","floor":24,"turns":5},{"damage":25,"enemies":"Centurion and Healer","floor":25,"turns":5}],"seed_played":"-9153040348200673558","potions_obtained":[{"floor":2,"key":"SteroidPotion"},{"floor":3,"key":"Strength Potion"},{"floor":7,"key":"FocusPotion"},{"floor":13,"key":"Toxic Potion"},{"floor":20,"key":"Venom Potion"}],"is_trial":false,"path_per_floor":["M","M","M","$","M","R","E","R","T","R","?","M","M","M","R","B",null,"M","$","M","?","?","R","M","M"],"character_chosen":"DEFECT","items_purchased":["Ball Lightning","Raider\u0027s Mask","BootSequence","Rebound"],"campfire_rested":4,"item_purchase_floors":[4,19,19,19],"current_hp_per_floor":[70,62,54,54,49,71,49,71,71,71,71,52,49,46,68,65,75,66,66,41,41,25,47,25,0,0],"gold":50,"neow_bonus":"RANDOM_EVENT","is_daily":false,"chose_seed":false,"campfire_upgraded":1,"win_rate":0.0,"timestamp":1614438140,"path_taken":["M","M","M","$","M","R","E","R","T","R","?","M","M","M","R","BOSS","M","$","M","?","?","R","M","M"],"items_purchased_type":["Card","Relic","Card","Card"],"build_version":"2020-12-22","purchased_purges":0,"victory":false,"max_hp_per_floor":[75,75,75,75,75,75,75,75,75,75,75,75,75,75,75,75,75,75,75,75,75,75,75,75,75,75],"card_choices":[{"not_picked":["Reinforced Body","Heatsinks"],"picked":"Hologram","floor":1},{"not_picked":["ReplayGash","Redo"],"picked":"Turbo","floor":2},{"not_picked":["Reprogram","ReplayTheSpireMod:Calculation Training","ReplayTheSpireMod:Reroute Power"],"picked":"SKIP","floor":3},{"not_picked":["Rebound","Reprogram"],"picked":"Turbo","floor":5},{"not_picked":["BasicCrystalCard","ReplayTheSpireMod:Reroute Power"],"picked":"Coolheaded","floor":7},{"not_picked":["Redo","Go for the Eyes"],"picked":"Sweeping Beam","floor":12},{"not_picked":["ReplayTheSpireMod:Calculation Training","Barrage"],"picked":"Conserve Battery","floor":13},{"not_picked":["Blizzard","Compile Driver"],"picked":"Conserve Battery","floor":14},{"not_picked":["All For One","ReplayRNGCard"],"picked":"Creative AI","floor":16},{"not_picked":["Rebound","Fusion"],"picked":"Compile Driver+1","floor":18},{"not_picked":["Go for the Eyes","Panic Button+1"],"picked":"Doom and Gloom+1","floor":20},{"not_picked":["aspiration:Polymerization","ReplayTheSpireMod:Reroute Power"],"picked":"Hologram","floor":24}],"player_experience":84005,"relics_obtained":[{"floor":7,"key":"PreservedInsect"},{"floor":9,"key":"reliquary:Buckler"},{"floor":22,"key":"aspiration:Stabinomicon"}],"event_choices":[{"cards_removed":["Strike_B"],"damage_healed":0,"gold_gain":0,"player_choice":"Card Removal","damage_taken":0,"max_hp_gain":0,"max_hp_loss":0,"event_name":"The Cleric","floor":11,"gold_loss":50},{"damage_healed":0,"gold_gain":0,"player_choice":"Ignored","damage_taken":0,"max_hp_gain":0,"max_hp_loss":0,"event_name":"betterNote:BetterNote","floor":21,"gold_loss":0,"cards_obtained":["Amplify"]},{"damage_healed":0,"gold_gain":0,"player_choice":"Obtained Book","damage_taken":16,"max_hp_gain":0,"max_hp_loss":0,"event_name":"Cursed Tome","floor":22,"gold_loss":0}],"is_beta":false,"boss_relics":[{"not_picked":["Honey Jar","Velvet Choker"],"picked":"aspiration:RunicSpoon"}],"items_purged_floors":[],"is_endless":false,"potions_floor_spawned":[2,3,7,13,20],"killed_by":"Centurion and Healer","ascension_level":0}}