{"host":"5dhwd44u3dydylwe","time":1614419278,"event":{"mods":["AchievementEnabler","BaseMod","BetterRewards","Dota2Spire","Duelist Mod","GifTheSpireLib","Hubris","Minty Spire (QoL Compilation)","Shop Mod","StSLib","Wandering Minibosses"],"gold_per_floor":[141,141,99,110,122,148,163,176,256,256,85,160,175,175,187,187,187,264,264,276,296,296,217,237,262,262,287,287,304,327,327,346,346,363,376,401,401,475,475,491,501,501,501,511,537,537,537,564,644,644,644,662,218,234,263,263,263,263,263,263,48,35,35],"floor_reached":64,"language":"ENG","playtime":4944,"items_purged":["theDuelist:Sparks","theDuelist:Sparks","theDuelist:CastleWalls","theDuelist:CastleWalls","theDuelist:YukiOnnaAbsolute+1"],"score":4436,"play_id":"6d7245be-c56e-437e-9f78-14e85dfe5555","local_time":"20210227174758","is_ascension_mode":true,"campfire_choices":[{"data":"Apotheosis","floor":14,"key":"SMITH"},{"data":"theDuelist:RainbowMagician","floor":16,"key":"SMITH"},{"data":"theDuelist:RainbowNeos","floor":17,"key":"SMITH"},{"data":"theDuelist:SpiritualForest","floor":26,"key":"SMITH"},{"data":"theDuelist:CommanderSwords","floor":28,"key":"SMITH"},{"data":"theDuelist:RainbowKuribohBasic","floor":33,"key":"SMITH"},{"floor":37,"key":"REST"},{"floor":47,"key":"RECALL"},{"data":"theDuelist:DunamesDarkWitch","floor":56,"key":"SMITH"},{"data":"theDuelist:Eva","floor":60,"key":"SMITH"}],"circlet_count":0,"master_deck":["theDuelist:RainbowNeos+1","theDuelist:TimeWizard+1","theDuelist:ZefraMetaltron+1","theDuelist:Nameless:Magic:PotDuality+1","theDuelist:CommanderSwords+1","theDuelist:Biofalcon+1","AscendersBane","theDuelist:RainbowKuribohBasic+1","theDuelist:RainbowFlower+1","theDuelist:SpiritualForest+1","theDuelist:Eva+1","theDuelist:RainbowMagician+1","theDuelist:Hayate","theDuelist:AncientGearGolem+1","Apotheosis+1","theDuelist:YukiOnnaAbsolute+1","theDuelist:DunamesDarkWitch+1","theDuelist:RainbowKuriboh+1"],"relics":["theDuelist:MillenniumPuzzle","theDuelist:CardPoolRelic","theDuelist:CardPoolBasicRelic","theDuelist:BoosterPackPoolRelic","theDuelist:CardPoolAddRelic","theDuelist:CardPoolMinusRelic","theDuelist:CardPoolSaveRelic","theDuelist:CardPoolOptionsRelic","Self Forming Clay","Whetstone","Dota2Spire:OrchidMalevolence","Orrery","InkBottle","theDuelist:ZoneToken","Ancient Tea Set","Anchor","hubris:GlazedTorus","Dota2Spire:AssaultCuirass","Membership Card","Mummified Hand","Toxic Egg 2","Snake Skull","Medical Kit","theDuelist:DuelistLetterOpener","Calipers","wanderingMiniBosses:OtherGremlinHorn","Ice Cream","Gremlin Horn","Mango","Philosopher\u0027s Stone","Nunchaku","Question Card","hubris:BallOfYels","Dota2Spire:PowerTreads","White Beast Statue","Dota2Spire:MantaStyle","SlaversCollar","Dota2Spire:CrimsonGuard","hubris:Icosahedron","Centennial Puzzle","Dota2Spire:BlackKingBar","Bottled Lightning","Runic Capacitor","theDuelist:MillenniumRing","theDuelist:YugiMirror","Dota2Spire:MagicBottle","Dota2Spire:MonkeyKingBar","Bronze Scales","hubris:RGBLights"],"acts_visited":["Exordium","TheCity","TheBeyond","TheEnding"],"potions_floor_usage":[63,63],"damage_taken":[{"damage":0,"enemies":"2 Louse","floor":1,"turns":3},{"damage":0,"enemies":"Cultist","floor":4,"turns":6},{"damage":0,"enemies":"Jaw Worm","floor":5,"turns":1},{"damage":0,"enemies":"3 Sentries","floor":6,"turns":5},{"damage":0,"enemies":"Red Slaver","floor":7,"turns":3},{"damage":0,"enemies":"Exordium Wildlife","floor":8,"turns":1},{"damage":0,"enemies":"3 Louse","floor":13,"turns":1},{"damage":0,"enemies":"Blue Slaver","floor":15,"turns":1},{"damage":0,"enemies":"Hexaghost","floor":18,"turns":3},{"damage":0,"enemies":"Shell Parasite","floor":20,"turns":2},{"damage":0,"enemies":"Chosen","floor":21,"turns":5},{"damage":0,"enemies":"Snake Plant","floor":24,"turns":2},{"damage":0,"enemies":"Book of Stabbing","floor":25,"turns":4},{"damage":0,"enemies":"Gremlin Leader","floor":27,"turns":3},{"damage":0,"enemies":"3 Cultists","floor":29,"turns":3},{"damage":0,"enemies":"Cultist and Chosen","floor":32,"turns":4},{"damage":0,"enemies":"Snecko","floor":34,"turns":2},{"damage":0,"enemies":"Snake Plant","floor":35,"turns":3},{"damage":0,"enemies":"Book of Stabbing","floor":36,"turns":4},{"damage":0,"enemies":"Automaton","floor":38,"turns":2},{"damage":0,"enemies":"Orb Walker","floor":40,"turns":2},{"damage":0,"enemies":"3 Darklings","floor":41,"turns":3},{"damage":0,"enemies":"Writhing Mass","floor":44,"turns":4},{"damage":0,"enemies":"Reptomancer","floor":45,"turns":3},{"damage":0,"enemies":"Nemesis","floor":48,"turns":3},{"damage":0,"enemies":"4 Shapes","floor":52,"turns":2},{"damage":0,"enemies":"Maw","floor":54,"turns":5},{"damage":0,"enemies":"Giant Head","floor":55,"turns":5},{"damage":10,"enemies":"Time Eater","floor":57,"turns":4},{"damage":0,"enemies":"Donu and Deca","floor":58,"turns":3},{"damage":0,"enemies":"Shield and Spear","floor":62,"turns":3},{"damage":0,"enemies":"The Heart","floor":63,"turns":7}],"seed_played":"-3577922487604973363","potions_obtained":[{"floor":5,"key":"SkillPotion"},{"floor":7,"key":"Dexterity Potion"},{"floor":40,"key":"DistilledChaos"},{"floor":44,"key":"SpeedPotion"},{"floor":55,"key":"FocusPotion"}],"is_trial":false,"path_per_floor":["M","?","$","M","M","E","M","M","T","T","$","?","M","R","M","R","R","B",null,"M","M","?","$","M","E","R","E","R","M","T","T","M","R","M","M","E","R","B",null,"M","M","?","?","M","E","?","R","E","T","T","?","M","$","M","E","R","B","B",null,"R","$","E","B",null],"character_chosen":"THE_DUELIST","items_purchased":["Self Forming Clay","theDuelist:Biofalcon","Whetstone","Dota2Spire:OrchidMalevolence","Orrery","InkBottle","theDuelist:ZoneToken","Ancient Tea Set","Apotheosis","Anchor","hubris:GlazedTorus","Dota2Spire:AssaultCuirass","Membership Card","Mummified Hand","Toxic Egg 2","Snake Skull","Medical Kit","theDuelist:DuelistLetterOpener","Calipers","theDuelist:ZefraMetaltron+1","theDuelist:AncientGearGolem+1","Mango","Nunchaku","Runic Capacitor","theDuelist:MillenniumRing","theDuelist:YugiMirror","Dota2Spire:MonkeyKingBar","Bronze Scales"],"campfire_rested":1,"item_purchase_floors":[0,0,0,0,0,0,0,0,0,0,0,0,0,0,0,0,0,0,0,0,3,11,23,53,53,53,61,61],"current_hp_per_floor":[21,21,21,21,21,21,21,21,21,21,35,24,24,24,24,24,24,24,69,69,69,64,64,64,64,64,64,64,64,64,64,64,64,64,64,64,84,84,84,84,84,84,84,84,84,84,84,84,84,84,89,89,89,89,89,89,79,79,87,87,87,87,87],"gold":35,"neow_bonus":"","is_daily":false,"chose_seed":false,"campfire_upgraded":8,"win_rate":0.0,"timestamp":1614419278,"path_taken":["M","?","$","M","?","E","M","M","T","T","$","?","M","R","M","R","R","BOSS","M","M","?","$","M","E","R","E","R","M","T","T","?","R","M","M","E","R","BOSS","M","M","?","?","M","E","?","R","E","T","T","?","M","$","M","E","R","BOSS","BOSS","R","$","E","BOSS"],"items_purchased_type":["Relic","Card","Relic","Relic","Relic","Relic","Relic","Relic","Card","Relic","Relic","Relic","Relic","Relic","Relic","Relic","Relic","Relic","Relic","Card","Card","Relic","Relic","Relic","Relic","Relic","Relic","Relic"],"build_version":"2020-12-22","purchased_purges":5,"victory":true,"max_hp_per_floor":[70,70,70,70,70,70,70,70,70,70,84,84,84,84,84,84,84,84,84,84,84,84,84,84,84,84,84,84,84,84,84,84,84,84,84,84,84,84,84,84,84,84,84,84,84,84,84,84,84,84,89,89,89,89,89,89,89,89,89,89,89,89,89],"card_choices":[{"not_picked":["theDuelist:VampireVamp","theDuelist:VampireFraulein","theDuelist:GhostrickJiangshi","theDuelist:GhostrickGhoul"],"picked":"theDuelist:YukiOnnaAbsolute","floor":0},{"not_picked":["theDuelist:GilfordLegend","theDuelist:Grasschopper","theDuelist:SynchroFusionist+1","theDuelist:BasicInsect+1","theDuelist:Mudora"],"picked":"SKIP","floor":1},{"not_picked":["theDuelist:Deskbot001","theDuelist:SilverDragon+1","theDuelist:SnowDragon+1","theDuelist:MeteorDestruction","theDuelist:ArchfiendSoldier"],"picked":"SKIP","floor":4},{"not_picked":["theDuelist:GhostrickYeti","theDuelist:GhostrickStein","theDuelist:GhostrickMummy","theDuelist:GhostrickJackfrost","theDuelist:GhostrickAlucard"],"picked":"SKIP","floor":5},{"not_picked":["theDuelist:RainbowFlower","theDuelist:Eva+1","theDuelist:IrisEarthMother+1","theDuelist:RainbowKuriboh+1"],"picked":"theDuelist:RainbowMagician","floor":6},{"not_picked":["theDuelist:VampireLady","theDuelist:RockMetronome+1","theDuelist:HazyFlameHydra+1","theDuelist:WyrmMetronome+1","theDuelist:LegendaryFisherman+1"],"picked":"SKIP","floor":7},{"not_picked":["theDuelist:DoubleTool","theDuelist:SpellShatteringArrow","theDuelist:TokenMetronome+1","theDuelist:SpiderWeb+1","theDuelist:Wetlands+1"],"picked":"SKIP","floor":8},{"not_picked":["theDuelist:Frostosaurus+1","theDuelist:DarkDriceratops","theDuelist:BlackTyranno","theDuelist:DunamesDarkWitch+1","theDuelist:IrisEarthMother+1"],"picked":"SKIP","floor":13},{"not_picked":["theDuelist:TwinHeadedWolf","theDuelist:MirageDragon","theDuelist:AlphaMagnet","theDuelist:ToonMermaid","theDuelist:JumboDrill"],"picked":"SKIP","floor":15},{"not_picked":["theDuelist:HowlingInsect","theDuelist:ElephantStatueBlessing+1","theDuelist:ForbiddenLance","theDuelist:Scapegoat+1"],"picked":"theDuelist:SpiritualForest","floor":18},{"not_picked":["theDuelist:LegendaryOcean","theDuelist:CommanderSwords","theDuelist:MagiciansRobe","theDuelist:MiraculousDescent"],"picked":"SKIP","floor":20},{"not_picked":["theDuelist:LegendaryOcean","theDuelist:MagiciansRobe","theDuelist:MiraculousDescent"],"picked":"theDuelist:CommanderSwords","floor":20},{"not_picked":["theDuelist:PyramidLight","theDuelist:CatapultZone+1","theDuelist:ReinforceTruth+1","theDuelist:SphereKuriboh"],"picked":"SKIP","floor":21},{"not_picked":["theDuelist:VampireSorcerer+1","theDuelist:VendreadRevenants","theDuelist:RevendreadExecutor","theDuelist:GhostrickSocuteboss+1","theDuelist:GhostrickFairy+1"],"picked":"SKIP","floor":24},{"not_picked":["theDuelist:Skystarray+1","theDuelist:ArchfiendHeiress","theDuelist:LostBlueBreaker","theDuelist:DarklordMarie","theDuelist:MermailAbyssalacia+1"],"picked":"SKIP","floor":25},{"not_picked":["theDuelist:Boneheimer","theDuelist:TriWight+1","theDuelist:YamataDragon","theDuelist:Earthquake","theDuelist:GhostReaper"],"picked":"SKIP","floor":27},{"not_picked":["theDuelist:KingYami","theDuelist:ZefraMetaltron+1","theDuelist:HardSellinZombie+1","theDuelist:Relinkuriboh","theDuelist:CyberDragonSieger"],"picked":"SKIP","floor":29},{"not_picked":["theDuelist:BlackStego","theDuelist:RainbowFlower","theDuelist:DarkTinker","theDuelist:Zombyra","theDuelist:VampireLady"],"picked":"SKIP","floor":32},{"not_picked":["theDuelist:NaturiaGaiastrio","theDuelist:GoyoKing","theDuelist:ZombieMaster"],"picked":"SKIP","floor":34},{"not_picked":["theDuelist:FrontlineObserver","theDuelist:DragonDowser","theDuelist:RainbowFlower","theDuelist:ManEaterBug","theDuelist:BlackRoseDragon"],"picked":"SKIP","floor":35},{"not_picked":["theDuelist:VampireFamiliar","theDuelist:PatricianDarkness","theDuelist:GhostrickNekomusume+1","theDuelist:GhostrickMummy","theDuelist:Hajun+1"],"picked":"SKIP","floor":36},{"not_picked":["theDuelist:VampireDragon+1","theDuelist:RevendreadSlayer","theDuelist:AvendreadSavior+1","theDuelist:GhostrickYeti","theDuelist:GhostrickLantern+1"],"picked":"SKIP","floor":40},{"not_picked":["theDuelist:Taotie","theDuelist:MasterMagmaBlacksmith+1","theDuelist:GoyoKing+1","theDuelist:MagicSparks","theDuelist:OjamaEmperor+1"],"picked":"SKIP","floor":41},{"not_picked":["theDuelist:BlackPtera+1","theDuelist:CurseDragon+1","theDuelist:WhiteRoseDragon+1","theDuelist:Deskbot005+1","theDuelist:NaturiaPumpkin"],"picked":"SKIP","floor":44},{"not_picked":["theDuelist:FuryFire","theDuelist:AncientGearWorkshop+1","theDuelist:ElectromagneticShield+1","theDuelist:VoidExpansion","theDuelist:ToonRollback+1"],"picked":"SKIP","floor":45},{"not_picked":["theDuelist:PyramidLight","theDuelist:ToonCannonSoldier","theDuelist:TimeWizard+1","theDuelist:CastleDarkIllusions"],"picked":"SKIP","floor":48},{"not_picked":["theDuelist:PyramidLight","theDuelist:ToonCannonSoldier","theDuelist:CastleDarkIllusions"],"picked":"theDuelist:TimeWizard+1","floor":48},{"not_picked":["theDuelist:FossilDragon","theDuelist:CyberDragonNachster+1","theDuelist:ArmedDragon3+1","theDuelist:DoomkaiserDragon","theDuelist:IrisEarthMother+1"],"picked":"SKIP","floor":52},{"not_picked":["theDuelist:Skullgios","theDuelist:Miscellaneousaurus","theDuelist:SauropodBrachion+1","theDuelist:Anthrosaurus+1","theDuelist:SuperancientDinobeast+1"],"picked":"SKIP","floor":54},{"not_picked":["theDuelist:RainbowFlower+1","theDuelist:DunamesDarkWitch+1","theDuelist:RainbowDragon","theDuelist:KamionTimelord"],"picked":"theDuelist:RainbowKuriboh+1","floor":55},{"not_picked":["theDuelist:SkullServant+1","theDuelist:BlastingRuins+1","theDuelist:ArmoredStarfish+1","theDuelist:StartingDeckMetronome+1","theDuelist:AegisOceanDragon+1"],"picked":"SKIP","floor":62}],"player_experience":331038,"relics_obtained":[{"floor":4,"key":"wanderingMiniBosses:OtherGremlinHorn"},{"floor":6,"key":"Ice Cream"},{"floor":9,"key":"Gremlin Horn"},{"floor":25,"key":"Question Card"},{"floor":27,"key":"hubris:BallOfYels"},{"floor":30,"key":"Dota2Spire:PowerTreads"},{"floor":31,"key":"White Beast Statue"},{"floor":36,"key":"Dota2Spire:MantaStyle"},{"floor":45,"key":"Dota2Spire:CrimsonGuard"},{"floor":48,"key":"Centennial Puzzle"},{"floor":49,"key":"Dota2Spire:BlackKingBar"},{"floor":50,"key":"Bottled Lightning"},{"floor":55,"key":"Dota2Spire:MagicBottle"},{"floor":62,"key":"hubris:RGBLights"}],"event_choices":[{"damage_healed":0,"gold_gain":0,"player_choice":"Leave","duelist":true,"damage_taken":0,"max_hp_gain":0,"max_hp_loss":0,"event_name":"Visit from Anubis","floor":2,"gold_loss":0},{"damage_healed":0,"gold_gain":75,"player_choice":"Gather Gold","damage_taken":11,"max_hp_gain":0,"max_hp_loss":0,"event_name":"World of Goop","floor":12,"gold_loss":0},{"damage_healed":0,"gold_gain":0,"player_choice":"Bought 0 Potions","damage_taken":0,"max_hp_gain":0,"max_hp_loss":0,"event_name":"The Woman in Blue","floor":22,"gold_loss":0},{"damage_healed":0,"gold_gain":0,"player_choice":"Leave","duelist":true,"damage_taken":0,"max_hp_gain":0,"max_hp_loss":0,"event_name":"Tomb of the Nameless","floor":42,"gold_loss":0},{"total_magic_score":48,"gold_gain":0,"duelist":true,"damage_taken":0,"relics_obtained":[],"points":10,"max_hp_gain":5,"max_hp_loss":0,"spent_points":{"magic":4,"greed":0,"war":2,"power":0,"hunger":4},"event_name":"Nameless Tomb","hunger_reward":4,"floor":51,"gold_loss":0,"magic_reward":4,"cards_obtained":["theDuelist:Nameless:Magic:PotDuality"]}],"is_beta":false,"boss_relics":[{"not_picked":["hubris:CrackedHourglass","Empty Cage"],"picked":"Philosopher\u0027s Stone"},{"not_picked":["Runic Pyramid","SacredBark"],"picked":"SlaversCollar"}],"items_purged_floors":[0,0,0,0,53],"is_endless":false,"potions_floor_spawned":[5,7,8,24,25,29,32,34,35,36,38,40,41,44,45,48,52,54,55,62],"ascension_level":20}}