{"host":"dftd5cr6l8m56acq","time":1614402515,"event":{"mods":["AchievementEnabler","BaseMod","Bestiary","Colored Map","Highlight Path","Minty Spire (QoL Compilation)","Relic Stats","StSLib","everything is the same but u backflip on backflip"],"gold_per_floor":[116,116,128,143,10,40,40,71,98,98,108,108,134,161,161,261,261,275,190,115,128,146,172,182,182,182,208,208,222,222,236,236,332,332,344,344,362,362,380,380,409,1,25,45,62,74,89,122,122,122,122],"floor_reached":50,"language":"ENG","playtime":2261,"items_purged":[],"score":845,"play_id":"8d6791ab-668b-4948-8266-2a15b67bc4a5","local_time":"20210227000835","is_ascension_mode":true,"campfire_choices":[{"data":"Blade Dance","floor":7,"key":"SMITH"},{"data":"Backstab","floor":10,"key":"SMITH"},{"floor":12,"key":"REST"},{"data":"Bane","floor":15,"key":"SMITH"},{"data":"Storm of Steel","floor":25,"key":"SMITH"},{"data":"Flechettes","floor":28,"key":"SMITH"},{"data":"PiercingWail","floor":30,"key":"SMITH"},{"data":"PiercingWail","floor":32,"key":"SMITH"},{"data":"Footwork","floor":40,"key":"SMITH"},{"floor":49,"key":"REST"}],"circlet_count":0,"master_deck":["Strike_G","Strike_G","Strike_G","Defend_G","Defend_G","Defend_G","Defend_G","Survivor","Neutralize","Dash","Backstab+1","Infinite Blades","Blade Dance+1","Noxious Fumes","Slice","PiercingWail+1","PiercingWail+1","Bane+1","Backflip","Storm of Steel+1","Dodge and Roll+1","Dagger Throw+1","Flechettes+1","Acrobatics","Blade Dance+1","Calculated Gamble","Infinite Blades","Bullet Time","Leg Sweep+1","Footwork+1","Master of Strategy","Acrobatics+1","Prepared+1","PiercingWail","PiercingWail"],"relics":["Ring of the Snake","Regal Pillow","Lantern","Blood Vial","Odd Mushroom","Ornamental Fan","Runic Pyramid","Orichalcum","Akabeko","Bronze Scales","Torii","WristBlade","Smiling Mask","Pear","Ancient Tea Set","PreservedInsect","Oddly Smooth Stone"],"acts_visited":["Exordium","TheCity","TheBeyond"],"potions_floor_usage":[6,6,14,14,16,33,33,35,41,48,50,50,50],"damage_taken":[{"damage":1.0,"enemies":"2 Louse","floor":1.0,"turns":3.0},{"damage":0.0,"enemies":"Small Slimes","floor":3.0,"turns":2.0},{"damage":2.0,"enemies":"Jaw Worm","floor":4.0,"turns":4.0},{"damage":15,"enemies":"Lagavulin","floor":6,"turns":6},{"damage":22,"enemies":"Gremlin Nob","floor":8,"turns":4},{"damage":0,"enemies":"3 Louse","floor":11,"turns":2},{"damage":7,"enemies":"The Mushroom Lair","floor":13,"turns":4},{"damage":0,"enemies":"3 Sentries","floor":14,"turns":5},{"damage":23,"enemies":"Hexaghost","floor":16,"turns":9},{"damage":3,"enemies":"2 Thieves","floor":18,"turns":4},{"damage":8,"enemies":"Shell Parasite","floor":21,"turns":7},{"damage":13,"enemies":"Centurion and Healer","floor":22,"turns":6},{"damage":10,"enemies":"Gremlin Leader","floor":23,"turns":6},{"damage":2,"enemies":"Snecko","floor":24,"turns":5},{"damage":1,"enemies":"Slavers","floor":27,"turns":4},{"damage":0,"enemies":"Cultist and Chosen","floor":29,"turns":5},{"damage":9,"enemies":"3 Cultists","floor":31,"turns":6},{"damage":30,"enemies":"Automaton","floor":33,"turns":9},{"damage":3,"enemies":"3 Shapes","floor":35,"turns":3},{"damage":0,"enemies":"Orb Walker","floor":37,"turns":2},{"damage":9,"enemies":"Transient","floor":39,"turns":5},{"damage":30,"enemies":"Giant Head","floor":41,"turns":8},{"damage":10,"enemies":"Sphere and 2 Shapes","floor":44,"turns":10},{"damage":1,"enemies":"Maw","floor":45,"turns":7},{"damage":3,"enemies":"4 Shapes","floor":46,"turns":13},{"damage":11,"enemies":"Jaw Worm Horde","floor":47,"turns":5},{"damage":8,"enemies":"Nemesis","floor":48,"turns":3},{"damage":48,"enemies":"Donu and Deca","floor":50,"turns":5}],"seed_played":"-6498051236399366069","potions_obtained":[{"floor":3.0,"key":"SteroidPotion"},{"floor":4.0,"key":"BlessingOfTheForge"},{"floor":13,"key":"EntropicBrew"},{"floor":16,"key":"Block Potion"},{"floor":23,"key":"GamblersBrew"},{"floor":24,"key":"BlessingOfTheForge"},{"floor":33,"key":"LiquidMemories"},{"floor":37,"key":"SpeedPotion"},{"floor":45,"key":"ColorlessPotion"},{"floor":47,"key":"Dexterity Potion"},{"floor":48,"key":"Fire Potion"}],"is_trial":false,"path_per_floor":["M","?","M","M","$","E","R","E","T","R","M","R","?","E","R","B",null,"M","?","?","M","M","E","M","R","T","E","R","M","R","M","R","B",null,"M","?","M","?","M","R","E","$","T","M","M","M","M","E","R","B"],"character_chosen":"THE_SILENT","items_purchased":["Noxious Fumes","Slice","Pear","Ancient Tea Set"],"campfire_rested":2,"item_purchase_floors":[5,5,42,42],"current_hp_per_floor":[62,62,62,60,60,45,45,23,23,23,25,61,56,58,58,37,62,61,61,61,55,44,36,36,36,36,37,37,39,39,32,32,4,54,53,53,55,55,48,48,20,30,30,22,23,22,13,7,46,0,0],"gold":122,"neow_bonus":"TRANSFORM_CARD","is_daily":false,"chose_seed":false,"campfire_upgraded":8,"win_rate":0.0,"timestamp":1614402515,"path_taken":["M","?","M","M","$","E","R","E","T","R","M","R","?","E","R","BOSS","M","?","?","M","M","E","M","R","T","E","R","M","R","M","R","BOSS","M","?","M","?","M","R","E","$","T","M","M","M","M","E","R","BOSS"],"items_purchased_type":["Card","Card","Relic","Relic"],"build_version":"2020-12-22","purchased_purges":0,"victory":false,"max_hp_per_floor":[70,70,70,70,70,70,70,70,70,70,70,70,70,70,70,70,70,70,70,70,70,70,70,70,70,70,70,70,70,70,70,70,70,70,70,70,70,70,70,70,70,80,80,80,80,80,80,80,80,80,80],"relic_stats":{"Blood Vial":46,"Regal Pillow":30,"Torii":18,"counters":[28,152],"Ornamental Fan":[440],"Bronze Scales":[209],"PreservedInsect":47,"Orichalcum":[66],"Smiling Mask":0,"obtain_stats":[{"Regal Pillow":6,"Lantern":8,"Pear":42,"Torii":27,"Oddly Smooth Stone":48,"PreservedInsect":43,"Odd Mushroom":13,"Orichalcum":19,"Smiling Mask":41,"Ancient Tea Set":42,"Akabeko":23,"Blood Vial":9,"WristBlade":34,"Ornamental Fan":14,"Bronze Scales":26,"Ring of the Snake":0,"Runic Pyramid":17},{"Regal Pillow":4,"Lantern":5,"Pear":22,"Torii":15,"Oddly Smooth Stone":27,"PreservedInsect":22,"Odd Mushroom":7,"Orichalcum":10,"Smiling Mask":22,"Ancient Tea Set":22,"Akabeko":13,"Blood Vial":5,"WristBlade":18,"Ornamental Fan":8,"Bronze Scales":14,"Ring of the Snake":0,"Runic Pyramid":9},{"Regal Pillow":15,"Lantern":19,"Pear":109,"Torii":71,"Oddly Smooth Stone":147,"PreservedInsect":109,"Odd Mushroom":25,"Orichalcum":43,"Smiling Mask":109,"Ancient Tea Set":109,"Akabeko":62,"Blood Vial":19,"WristBlade":91,"Ornamental Fan":30,"Bronze Scales":67,"Ring of the Snake":0,"Runic Pyramid":39}],"Ring of the Snake":[56]},"card_choices":[{"not_picked":["Backflip","Dagger Throw"],"picked":"Backstab","floor":1.0},{"not_picked":["Expertise","Setup","Sucker Punch"],"picked":"SKIP","floor":3.0},{"not_picked":["Dagger Throw","PiercingWail"],"picked":"Blade Dance","floor":4.0},{"not_picked":["Slice","Grand Finale"],"picked":"PiercingWail","floor":6},{"not_picked":["Backflip","Quick Slash"],"picked":"PiercingWail","floor":8},{"not_picked":["Night Terror","Catalyst","Underhanded Strike"],"picked":"SKIP","floor":11},{"not_picked":["Riddle With Holes","Terror"],"picked":"Bane","floor":13},{"not_picked":["Acrobatics","Flying Knee"],"picked":"Backflip","floor":14},{"not_picked":["Tools of the Trade","Die Die Die"],"picked":"Storm of Steel","floor":16},{"not_picked":["Bane","Sucker Punch+1"],"picked":"Dodge and Roll+1","floor":18},{"not_picked":["Caltrops+1","Backflip"],"picked":"Dagger Throw+1","floor":21},{"not_picked":["Bane","Deflect"],"picked":"Flechettes","floor":22},{"not_picked":["Bullet Time","Cloak And Dagger+1"],"picked":"Acrobatics","floor":23},{"not_picked":["Cloak And Dagger","Outmaneuver"],"picked":"Blade Dance+1","floor":24},{"not_picked":["Eviscerate+1","Dagger Throw+1"],"picked":"Calculated Gamble","floor":27},{"not_picked":["Skewer+1","Underhanded Strike"],"picked":"Infinite Blades","floor":29},{"not_picked":["All Out Attack","Choke","Dagger Throw+1"],"picked":"SKIP","floor":31},{"not_picked":["Burst","Wraith Form v2"],"picked":"Bullet Time","floor":33},{"not_picked":["Poisoned Stab+1","Outmaneuver"],"picked":"Leg Sweep+1","floor":35},{"not_picked":["Heel Hook","Poisoned Stab"],"picked":"Footwork","floor":37},{"not_picked":["The Bomb","Discovery"],"picked":"Master of Strategy","floor":38},{"not_picked":["Dagger Spray+1","Calculated Gamble+1","Well Laid Plans"],"picked":"SKIP","floor":39},{"not_picked":["Backflip","Slice+1"],"picked":"Acrobatics+1","floor":41},{"not_picked":["Flying Knee","Poisoned Stab+1","Wraith Form v2"],"picked":"SKIP","floor":44},{"not_picked":["Skewer+1","Acrobatics"],"picked":"Prepared+1","floor":45},{"not_picked":["Bane","Underhanded Strike+1"],"picked":"PiercingWail","floor":46},{"not_picked":["Expertise+1","Sucker Punch"],"picked":"PiercingWail","floor":47},{"not_picked":["Backstab+1","Underhanded Strike+1","Dagger Spray"],"picked":"SKIP","floor":48}],"player_experience":510942,"relics_obtained":[{"floor":6,"key":"Regal Pillow"},{"floor":8,"key":"Lantern"},{"floor":9,"key":"Blood Vial"},{"floor":13,"key":"Odd Mushroom"},{"floor":14,"key":"Ornamental Fan"},{"floor":23,"key":"Akabeko"},{"floor":26,"key":"Bronze Scales"},{"floor":27,"key":"Torii"},{"floor":41,"key":"Smiling Mask"},{"floor":43,"key":"PreservedInsect"},{"floor":48,"key":"Oddly Smooth Stone"}],"event_choices":[{"damage_healed":0.0,"max_hp_gain":0.0,"max_hp_loss":0.0,"gold_gain":0.0,"cards_transformed":["Strike_G"],"event_name":"Living Wall","player_choice":"Change","floor":2.0,"gold_loss":0.0,"damage_taken":0.0,"cards_obtained":["Infinite Blades"]},{"damage_healed":0,"gold_gain":0,"player_choice":"Fought Mushrooms","damage_taken":0,"max_hp_gain":0,"max_hp_loss":0,"event_name":"Mushrooms","floor":13,"gold_loss":0},{"damage_healed":0,"gold_gain":0,"player_choice":"Obtained Relic","damage_taken":0,"relics_obtained":["Orichalcum"],"max_hp_gain":0,"max_hp_loss":0,"event_name":"Addict","floor":19,"gold_loss":85},{"cards_removed":["Strike_G"],"damage_healed":0,"gold_gain":0,"player_choice":"Gave Gold","damage_taken":0,"max_hp_gain":0,"max_hp_loss":0,"event_name":"Beggar","floor":20,"gold_loss":75},{"damage_healed":0,"gold_gain":0,"player_choice":"Ignored","damage_taken":0,"max_hp_gain":0,"max_hp_loss":0,"event_name":"Mysterious Sphere","floor":36,"gold_loss":0},{"damage_healed":0,"gold_gain":0,"player_choice":"Memory 1","damage_taken":0,"max_hp_gain":0,"max_hp_loss":0,"event_name":"SensoryStone","floor":38,"gold_loss":0}],"is_beta":false,"boss_relics":[{"not_picked":["Cursed Key","Fusion Hammer"],"picked":"Runic Pyramid"},{"not_picked":["Black Star","HoveringKite"],"picked":"WristBlade"}],"items_purged_floors":[],"is_endless":false,"potions_floor_spawned":[3,4,13,16,23,24,31,33,37,45,47,48],"killed_by":"Donu and Deca","ascension_level":7}}