{"host":"kvo7eymyd21g9abd","time":1614448310,"event":{"mods":["AchievementEnabler","BaseMod","Bestiary","Colored Map","Minty Spire (QoL Compilation)","StSLib"],"gold_per_floor":[111,111,121,101,120,145,145,159,159,184,203,233,250,263,263,359,359,376,336,355,127,144,144,172,172,198,198,113,113,126,137,137,240,240,255,255,274,300,300,300,300],"floor_reached":40,"language":"ENG","playtime":1549,"items_purged":[],"score":514,"play_id":"ccd3781e-38a2-418a-ac9f-10b3d0b79986","local_time":"20210227125150","is_ascension_mode":true,"campfire_choices":[{"floor":7.0,"key":"REST"},{"floor":15.0,"key":"REST"},{"floor":23,"key":"REST"},{"floor":25,"key":"REST"},{"floor":27,"key":"RECALL"},{"floor":29,"key":"REST"},{"floor":32,"key":"REST"}],"circlet_count":0,"master_deck":["Strike_P","Strike_P","Strike_P","Strike_P","Defend_P","Defend_P","Defend_P","Defend_P","Eruption","Vigilance","Conclude","BowlingBash","Protect","Vengeance","Evaluate","EmptyBody","EmptyFist","FollowUp","DevaForm","Halt+1","SashWhip","ConjureBlade","Evaluate+1","BowlingBash","Bandage Up","Evaluate","Crescendo+1","WreathOfFlame+1","Meditate+1","SpiritShield","Crescendo+1","CrushJoints+1","Meditate+1"],"relics":["PureWater","Yang","Meat on the Bone","Shovel","Ginger","Fusion Hammer","Blood Vial","Kunai","Nunchaku","Incense Burner","SacredBark","Damaru"],"acts_visited":["Exordium","TheCity","TheBeyond"],"potions_floor_usage":[24,31,33,40],"damage_taken":[{"damage":7.0,"enemies":"Cultist","floor":1.0,"turns":3.0},{"damage":8.0,"enemies":"2 Louse","floor":3.0,"turns":2.0},{"damage":4.0,"enemies":"Jaw Worm","floor":5.0,"turns":3.0},{"damage":14.0,"enemies":"3 Sentries","floor":6.0,"turns":4.0},{"damage":11.0,"enemies":"Looter","floor":8.0,"turns":2.0},{"damage":41.0,"enemies":"Gremlin Nob","floor":10.0,"turns":5.0},{"damage":11.0,"enemies":"Exordium Wildlife","floor":11.0,"turns":3.0},{"damage":10.0,"enemies":"3 Sentries","floor":12.0,"turns":4.0},{"damage":12.0,"enemies":"Exordium Thugs","floor":13.0,"turns":3.0},{"damage":0.0,"enemies":"Looter","floor":14.0,"turns":4.0},{"damage":51.0,"enemies":"The Guardian","floor":16.0,"turns":9.0},{"damage":2,"enemies":"Spheric Guardian","floor":18,"turns":3},{"damage":13,"enemies":"Chosen","floor":20,"turns":4},{"damage":26,"enemies":"Snecko","floor":22,"turns":4},{"damage":46,"enemies":"Gremlin Leader","floor":24,"turns":9},{"damage":32,"enemies":"Chosen and Byrds","floor":30,"turns":5},{"damage":34,"enemies":"Centurion and Healer","floor":31,"turns":5},{"damage":51,"enemies":"Collector","floor":33,"turns":10},{"damage":18,"enemies":"3 Darklings","floor":35,"turns":5},{"damage":29,"enemies":"Orb Walker","floor":37,"turns":4},{"damage":93,"enemies":"Reptomancer","floor":40,"turns":4}],"seed_played":"3238064495735050695","potions_obtained":[{"floor":4.0,"key":"AttackPotion"},{"floor":5.0,"key":"FearPotion"},{"floor":10.0,"key":"SneckoOil"},{"floor":11.0,"key":"PowerPotion"},{"floor":12.0,"key":"Weak Potion"},{"floor":24,"key":"LiquidMemories"},{"floor":31,"key":"Regen Potion"},{"floor":33,"key":"AttackPotion"}],"is_trial":false,"path_per_floor":["M","T","M","?","M","E","R","M","T","E","M","E","M","M","R","B",null,"M","?","M","$","M","R","E","R","T","R","?","R","M","M","R","B",null,"M","?","M","T","?","E"],"character_chosen":"WATCHER","items_purchased":["Blood Vial","Bandage Up"],"campfire_rested":6,"item_purchase_floors":[21,21],"current_hp_per_floor":[65,65,57,57,53,39,60,49,49,20,21,23,23,35,56,17,72,70,70,57,57,37,58,30,51,51,51,51,72,44,28,49,16,72,54,54,43,43,43,0,0],"gold":300,"neow_bonus":"THREE_CARDS","is_daily":false,"chose_seed":false,"campfire_upgraded":0,"win_rate":0.0,"timestamp":1614448310,"path_taken":["M","?","M","?","M","E","R","?","T","E","M","E","M","M","R","BOSS","M","?","M","?","?","R","E","R","T","R","?","R","M","M","R","BOSS","M","?","M","?","?","E"],"items_purchased_type":["Relic","Card"],"build_version":"2020-12-22","purchased_purges":0,"victory":false,"max_hp_per_floor":[72,72,72,72,72,72,72,72,72,72,72,72,72,72,72,72,72,72,72,72,72,72,72,72,72,72,72,72,72,72,72,72,72,72,72,72,72,72,72,72,72],"card_choices":[{"not_picked":["FlurryOfBlows","FlyingSleeves"],"picked":"Conclude","floor":0.0},{"not_picked":["ThirdEye","WheelKick"],"picked":"BowlingBash","floor":1.0},{"not_picked":["FlyingSleeves","CutThroughFate"],"picked":"Protect","floor":3.0},{"not_picked":["DeceiveReality","ReachHeaven"],"picked":"Vengeance","floor":5.0},{"not_picked":["Vengeance","CrushJoints"],"picked":"Evaluate","floor":6.0},{"not_picked":["SignatureMove","CrushJoints"],"picked":"EmptyBody","floor":8.0},{"not_picked":["Collect","MentalFortress"],"picked":"EmptyFist","floor":10.0},{"not_picked":["ClearTheMind","WaveOfTheHand"],"picked":"FollowUp","floor":11.0},{"not_picked":["CrushJoints","ReachHeaven"],"picked":"DevaForm","floor":12.0},{"not_picked":["Prostrate","ThirdEye"],"picked":"Halt","floor":13.0},{"not_picked":["Fasting2","Nirvana"],"picked":"SashWhip","floor":14.0},{"not_picked":["Ragnarok","Establishment"],"picked":"ConjureBlade","floor":16.0},{"not_picked":["LikeWater","Halt+1"],"picked":"Evaluate","floor":18},{"not_picked":["FollowUp","CutThroughFate+1"],"picked":"BowlingBash","floor":20},{"not_picked":["Fasting2","Halt"],"picked":"Evaluate","floor":22},{"not_picked":["Sanctity","ThirdEye"],"picked":"Crescendo+1","floor":24},{"not_picked":["BowlingBash","EmptyFist"],"picked":"WreathOfFlame+1","floor":30},{"not_picked":["SashWhip","SignatureMove"],"picked":"Meditate+1","floor":31},{"not_picked":["Establishment","Alpha"],"picked":"SpiritShield","floor":33},{"not_picked":["CutThroughFate+1","SignatureMove+1"],"picked":"Crescendo+1","floor":35},{"not_picked":["WheelKick","Wireheading"],"picked":"CrushJoints+1","floor":37}],"player_experience":479769,"relics_obtained":[{"floor":2.0,"key":"Yang"},{"floor":6.0,"key":"Meat on the Bone"},{"floor":10.0,"key":"Shovel"},{"floor":12.0,"key":"Ginger"},{"floor":24,"key":"Kunai"},{"floor":26,"key":"Nunchaku"},{"floor":38,"key":"Damaru"}],"event_choices":[{"damage_healed":0.0,"max_hp_gain":0.0,"max_hp_loss":0.0,"gold_gain":0.0,"event_name":"The Woman in Blue","player_choice":"Bought 1 Potion","floor":4.0,"gold_loss":0.0,"damage_taken":0.0},{"damage_healed":0,"gold_gain":0,"player_choice":"Upgraded Two","damage_taken":0,"max_hp_gain":0,"max_hp_loss":0,"event_name":"Designer","floor":19,"gold_loss":40,"cards_upgraded":["Evaluate","Halt"]},{"damage_healed":0,"gold_gain":0,"player_choice":"Obtained Relic","damage_taken":0,"relics_obtained":["Incense Burner"],"max_hp_gain":0,"max_hp_loss":0,"event_name":"Addict","floor":28,"gold_loss":85},{"damage_healed":0,"gold_gain":0,"player_choice":"Ignored","damage_taken":0,"max_hp_gain":0,"max_hp_loss":0,"event_name":"Tomb of Lord Red Mask","floor":36,"gold_loss":0},{"damage_healed":0,"gold_gain":0,"player_choice":"Copied","damage_taken":0,"max_hp_gain":0,"max_hp_loss":0,"event_name":"Duplicator","floor":39,"gold_loss":0,"cards_obtained":["Meditate"]}],"is_beta":false,"boss_relics":[{"not_picked":["Runic Pyramid","Busted Crown"],"picked":"Fusion Hammer"},{"not_picked":["VioletLotus","Velvet Choker"],"picked":"SacredBark"}],"items_purged_floors":[],"is_endless":false,"potions_floor_spawned":[5,10,11,12,13,16,22,24,31,33],"killed_by":"Reptomancer","ascension_level":4}}