{"host":"4amcrcg6ktw8dbzk","time":1614390775,"event":{"mods":["BaseMod","Challenge The Spire","Dota2Spire","Minty Spire (QoL Compilation)","MostiFishMod","Shop Mod","Spicy Shops","StSLib","The Alterego","É³µñ²ÄÖÊ°ümod"],"gold_per_floor":[113,133,133,58,38,38,69,69,144,160,178,178,56,67,67,165,165,176,192,208,208,218,218,253,253,299,330,330,344,372,372,372],"floor_reached":31,"language":"ZHS","playtime":1786,"items_purged":["alterego_mod:Defend"],"score":370,"play_id":"21fa9038-a826-4c55-83f4-cb0b8427ea59","local_time":"20210227095255","is_ascension_mode":false,"campfire_choices":[{"data":"alterego_mod:Impale","floor":6.0,"key":"SMITH"},{"floor":8.0,"key":"REST"},{"data":"alterego_mod:BigMeatyClaws","floor":15,"key":"SMITH"},{"data":"alterego_mod:Cushion","floor":23,"key":"SMITH"},{"data":"alterego_mod:BrynhildrsRune","floor":25,"key":"SMITH"}],"circlet_count":0,"master_deck":["alterego_mod:Strike","alterego_mod:Strike","alterego_mod:Strike","alterego_mod:Defend","alterego_mod:Defend","alterego_mod:Defend","alterego_mod:Impale+1","alterego_mod:BigMeatyClaws+1","alterego_mod:BrynhildrsRune+1","alterego_mod:Crossover","alterego_mod:Mirror","alterego_mod:Swimsuit","alterego_mod:DeftHands","alterego_mod:BeGentle","alterego_mod:SakuraFive","alterego_mod:Tantrum+1","alterego_mod:Birthday+1","alterego_mod:MagicResistance+1","alterego_mod:Cushion+1","alterego_mod:STier+1","alterego_mod:Bloomers","alterego_mod:TrashNCrash+1"],"relics":["alterego_mod:MasochisticConstitution","DaveBox","xbg","SynthV:TestCard","The Courier","BrkXgEgg","Busted Crown","Darkstone Periapt","Akabeko","Dream Catcher","Dota2Spire:ShadowBlade"],"acts_visited":["Exordium","TheCity"],"potions_floor_usage":[],"damage_taken":[{"damage":9.0,"enemies":"2 Louse","floor":1.0,"turns":3.0},{"damage":0.0,"enemies":"Small Slimes","floor":2.0,"turns":3.0},{"damage":32.0,"enemies":"3 Sentries","floor":7.0,"turns":7.0},{"damage":1.0,"enemies":"Cultist","floor":10.0,"turns":3.0},{"damage":2,"enemies":"3 Louse","floor":11,"turns":3},{"damage":16,"enemies":"Lots of Slimes","floor":14,"turns":5},{"damage":0,"enemies":"Slime Boss","floor":16,"turns":6},{"damage":5,"enemies":"Spheric Guardian","floor":18,"turns":3},{"damage":11,"enemies":"3 Byrds","floor":19,"turns":3},{"damage":0,"enemies":"Snecko","floor":20,"turns":3},{"damage":12,"enemies":"3 Cultists","floor":22,"turns":4},{"damage":20,"enemies":"Slavers","floor":24,"turns":4},{"damage":27,"enemies":"Gremlin Leader","floor":27,"turns":4},{"damage":0,"enemies":"Centurion and Healer","floor":29,"turns":4},{"damage":31,"enemies":"Book of Stabbing","floor":30,"turns":5},{"damage":10,"enemies":"Cultist and Chosen","floor":31,"turns":1}],"seed_played":"1783318363309984439","potions_obtained":[{"floor":1.0,"key":"Strength Potion"},{"floor":5.0,"key":"SmokeBomb"},{"floor":11,"key":"LiquidMemories"},{"floor":14,"key":"Block Potion"}],"is_trial":false,"path_per_floor":["M","M","?","$","?","R","E","R","T","M","M","?","$","M","R","B",null,"M","M","M","?","M","R","E","R","T","E","?","M","E","M"],"character_chosen":"The_Alterego","items_purchased":["BrkXgEgg"],"campfire_rested":1,"item_purchase_floors":[13],"current_hp_per_floor":[69,69,62,62,62,62,31,54,54,54,53,81,81,66,66,66,82,78,71,74,74,76,76,60,60,60,37,37,37,10,0,0],"gold":372,"neow_bonus":"TEN_PERCENT_HP_BONUS","is_daily":false,"chose_seed":false,"campfire_upgraded":4,"win_rate":0.0,"timestamp":1614390775,"path_taken":["M","M","?","$","?","R","E","R","T","?","M","?","$","?","R","BOSS","M","M","M","?","M","R","E","R","T","E","?","M","E","M"],"items_purchased_type":["Relic"],"build_version":"2020-12-22","purchased_purges":1,"victory":false,"max_hp_per_floor":[78,78,78,78,78,78,79,79,79,80,81,81,81,82,82,82,82,83,84,84,84,88,88,89,89,89,90,90,90,91,91,91],"card_choices":[{"not_picked":["alterego_mod:Rip","alterego_mod:Cooking"],"picked":"alterego_mod:Crossover","floor":1.0},{"not_picked":["alterego_mod:Support","alterego_mod:BusterCard","alterego_mod:Smother","alterego_mod:Punishment"],"picked":"alterego_mod:Mirror","floor":2.0},{"not_picked":["alterego_mod:BoobPocket","alterego_mod:Undulate","alterego_mod:Bounce","alterego_mod:Cooking"],"picked":"alterego_mod:Swimsuit","floor":7.0},{"not_picked":["alterego_mod:PerceptionDisorder","alterego_mod:HighServant","alterego_mod:GoddessCore","alterego_mod:DiscoLights"],"picked":"alterego_mod:DeftHands","floor":10.0},{"not_picked":["alterego_mod:Valentines","alterego_mod:HighServant","alterego_mod:MagicResistance","alterego_mod:Complex"],"picked":"alterego_mod:BeGentle","floor":11},{"not_picked":["alterego_mod:BiFurious","alterego_mod:DiscoLights","alterego_mod:BustOut","alterego_mod:GoddessCore"],"picked":"alterego_mod:SakuraFive","floor":14},{"not_picked":["alterego_mod:Antipathy+1","alterego_mod:Vow+1","alterego_mod:TrickOrTreatment+1","alterego_mod:Alter+1"],"picked":"alterego_mod:Tantrum+1","floor":16},{"not_picked":["alterego_mod:RidiculouslyBig","alterego_mod:Punishment"],"picked":"alterego_mod:Birthday+1","floor":18},{"not_picked":["alterego_mod:Rip","alterego_mod:Punishment"],"picked":"alterego_mod:MagicResistance+1","floor":19},{"not_picked":["alterego_mod:DeftHands+1","alterego_mod:RocketPunch"],"picked":"alterego_mod:Cushion","floor":20},{"not_picked":["alterego_mod:MagicResistance","alterego_mod:Bounce+1","alterego_mod:GoddessCore"],"picked":"SKIP","floor":22},{"not_picked":["alterego_mod:Collar","alterego_mod:Santa+1","alterego_mod:Mirror"],"picked":"SKIP","floor":24},{"not_picked":["alterego_mod:Cooking","alterego_mod:1TonWallop"],"picked":"alterego_mod:Bloomers","floor":27},{"not_picked":["alterego_mod:Undulate","alterego_mod:HighServant","alterego_mod:Complex"],"picked":"SKIP","floor":29},{"not_picked":["alterego_mod:Maid","alterego_mod:Skirt"],"picked":"alterego_mod:TrashNCrash+1","floor":30}],"player_experience":424817,"relics_obtained":[{"floor":1.0,"key":"SynthV:TestCard"},{"floor":7.0,"key":"The Courier"},{"floor":24,"key":"Darkstone Periapt"},{"floor":26,"key":"Akabeko"},{"floor":27,"key":"Dream Catcher"},{"floor":30,"key":"Dota2Spire:ShadowBlade"}],"event_choices":[{"cards_removed":["alterego_mod:Strike"],"damage_healed":0.0,"max_hp_gain":0.0,"max_hp_loss":0.0,"gold_gain":0.0,"event_name":"Golden Wing","player_choice":"Card Removal","floor":3.0,"gold_loss":0.0,"damage_taken":7.0},{"damage_healed":0.0,"max_hp_gain":0.0,"max_hp_loss":0.0,"gold_gain":0.0,"event_name":"The Woman in Blue","player_choice":"Bought 1 Potion","floor":5.0,"gold_loss":0.0,"damage_taken":0.0},{"damage_healed":28,"gold_gain":0,"player_choice":"Full Heal","damage_taken":0,"max_hp_gain":0,"max_hp_loss":0,"event_name":"Wheel of Change","floor":12,"gold_loss":0},{"damage_healed":0,"gold_gain":0,"player_choice":"Read","damage_taken":0,"max_hp_gain":0,"max_hp_loss":0,"event_name":"The Library","floor":21,"gold_loss":0,"cards_obtained":["alterego_mod:STier"]},{"damage_healed":0,"gold_gain":0,"player_choice":"Ignored","damage_taken":0,"max_hp_gain":0,"max_hp_loss":0,"event_name":"Vampires","floor":28,"gold_loss":0}],"is_beta":false,"boss_relics":[{"not_picked":["TimeKeys","Snecko Eye"],"picked":"Busted Crown"}],"items_purged_floors":[4],"is_endless":false,"potions_floor_spawned":[1,11,14,16,19,24,30],"killed_by":"Cultist and Chosen","ascension_level":0}}