{"host":"mpmrkodj3c25wi13","time":1614447410,"event":{"mods":["Act Like it!","AlwaysNeverKeys","Aspiration","BaseMod","Beaked The Cultist","Better Altar","Better Match","Better Note","Better Sensory Stone","Better Skull","Better Third Choice","Clockwork Mod","Colored Map","Conspire","Custom Start","Downfall","Energized Spire","Friendly Minions","GifTheSpireLib","Googly Eyes","Halation","Hubris","Infinite Spire","Minty Spire (QoL Compilation)","Relic Sorter","Reliquary","Replay The Spire","Robot Space Explorer","StSLib","Stuff the Spire","The Blackbeard","The Bladedancer","The IronCluck","The Runesmith","The Servant 0.9.4","slay the spire mod where everything is the same but ironclad has a cowboy hat"],"gold_per_floor":[116,116,116,80,99,99,128,146,146,163,179,179,197,211,211,312,312,323,323,333,350,361,391,391,391,473,501,534,549,336,356,356,461,461,472,488,488,499,499,529,529,561,561,561,580,615,641,660,660,761,761,761],"floor_reached":51,"language":"ENG","playtime":5789,"items_purged":["blademaster:Strike"],"score":1026,"play_id":"73b6b7b7-c77f-4eb6-ae6e-c23361df54de","local_time":"20210227123650","is_ascension_mode":false,"campfire_choices":[{"data":"Finesse","floor":6,"key":"SMITH"},{"data":"blademaster:Empower","floor":12,"key":"SMITH"},{"floor":15,"key":"REST"},{"data":"blademaster:Bloodbath","floor":24,"key":"SMITH"},{"data":"blademaster:SharpBlades","floor":25,"key":"SMITH"},{"data":"StuffTheSpire:Vigor","floor":41,"key":"SMITH"},{"data":"blademaster:EyeOfTheTornado","floor":49,"key":"SMITH"}],"circlet_count":0,"master_deck":["blademaster:Strike","blademaster:Strike","blademaster:Strike","blademaster:Defend","blademaster:Defend","blademaster:Defend","blademaster:Defend","blademaster:RagingBlow","blademaster:HighVoltage","blademaster:Flurry","Finesse+1","blademaster:DaggerAndCloak+1","blademaster:FuriousStrike","blademaster:LeechingStrike","blademaster:Empower+1","blademaster:Quickstep+1","blademaster:SharpBlades+1","blademaster:EnchantedCuirass","blademaster:Vortex","infinitespire:NeuralNetwork","blademaster:Vortex+1","blademaster:AwakeningDefend+1","blademaster:Bloodbath+1","blademaster:Sharpen","blademaster:EyeOfTheTornado+1","blademaster:Blockade","blademaster:Vortex","blademaster:ColdBlood","StuffTheSpire:Vigor+1","infinitespire:UltimateForm","infinitespire:Gouge","hubris:Fate","blademaster:EyeOfTheTornado+1","blademaster:ColdBlood"],"relics":["blademaster:DancersAmulet","NeowsBlessing","halation:LettersToHer","Torii","Runic Pyramid","StuffTheSpire:Wildfire","Sozu","WingedGreaves","hubris:BottledRain","infinitespire:FocusingShard","reliquary:Buckler","Coffee Dripper","Mercury Hourglass","aspiration:StickyExplosives","Dream Catcher","StuffTheSpire:BottledEssence","aspiration:RitualDagger","Potion Belt","Durian","hubris:ScarierMask"],"acts_visited":["Exordium","TheCity","TheBeyond","Exordium"],"potions_floor_usage":[50,50,50],"damage_taken":[{"damage":0,"enemies":"2 Louse","floor":1,"turns":1},{"damage":0,"enemies":"conspire:RoseBush","floor":5,"turns":1},{"damage":0,"enemies":"Gremlin Nob","floor":7,"turns":1},{"damage":2,"enemies":"Jaw Worm","floor":8,"turns":3},{"damage":0,"enemies":"Exordium Wildlife","floor":10,"turns":1},{"damage":2,"enemies":"Exordium Thugs","floor":11,"turns":4},{"damage":0,"enemies":"Gremlin Gang","floor":13,"turns":3},{"damage":7,"enemies":"3 Louse","floor":14,"turns":2},{"damage":0,"enemies":"Fading Forest","floor":16,"turns":11},{"damage":1,"enemies":"Shell Parasite","floor":18,"turns":3},{"damage":0,"enemies":"conspire:FuzzyDice","floor":20,"turns":3},{"damage":8,"enemies":"Centurion and Healer","floor":21,"turns":3},{"damage":18,"enemies":"Shelled Parasite and Fungi","floor":22,"turns":3},{"damage":0,"enemies":"conspire:Head Lice","floor":23,"turns":6},{"damage":6,"enemies":"Slavers","floor":27,"turns":4},{"damage":1,"enemies":"Book of Stabbing","floor":28,"turns":4},{"damage":7,"enemies":"Snake Plant","floor":29,"turns":3},{"damage":1,"enemies":"Cultist and Chosen","floor":31,"turns":4},{"damage":9,"enemies":"Automaton","floor":33,"turns":6},{"damage":0,"enemies":"3 Darklings","floor":35,"turns":3},{"damage":18,"enemies":"3 Shapes","floor":36,"turns":2},{"damage":7,"enemies":"Sphere and 2 Shapes","floor":38,"turns":3},{"damage":0,"enemies":"Nemesis","floor":40,"turns":5},{"damage":0,"enemies":"Giant Head","floor":42,"turns":5},{"damage":5,"enemies":"Transient","floor":45,"turns":5},{"damage":3,"enemies":"Nightmare","floor":46,"turns":5},{"damage":3,"enemies":"conspire:MimicChest","floor":47,"turns":1},{"damage":6,"enemies":"4 Shapes","floor":48,"turns":2},{"damage":3,"enemies":"Donu and Deca","floor":50,"turns":5}],"seed_played":"7558279236199622793","potions_obtained":[{"floor":5,"key":"Regen Potion"},{"floor":7,"key":"LifebloodPotion"},{"floor":8,"key":"Dexterity Potion"},{"floor":16,"key":"Strength Potion"}],"is_trial":false,"path_per_floor":["M","?","?","$","M","R","E","M","T","M","M","R","M","M","R_BF","B",null,"M","AVR","M","M","M","E","R","R","T","E","E","M","$","M","R","B",null,"M","M","?","M","?","E","R","E","T","AVR","M","NM","?","M","R","B",null],"character_chosen":"THE_BLADEMASTER","items_purchased":["blademaster:DaggerAndCloak+1","reliquary:Buckler","blademaster:Blockade"],"campfire_rested":1,"item_purchase_floors":[4,30,30],"current_hp_per_floor":[75,75,75,75,75,75,75,73,73,73,74,74,75,68,75,75,75,74,74,74,69,59,65,65,65,65,65,70,75,75,75,75,75,75,75,66,66,68,68,75,75,75,75,75,75,75,80,80,80,80,80,80],"gold":761,"neow_bonus":"THREE_ENEMY_KILL","is_daily":false,"chose_seed":false,"campfire_upgraded":6,"win_rate":0.0,"timestamp":1614447410,"path_taken":["M","?","?","?","?","R","E","M","T","M","?","R","M","M","R_BF","BOSS","M","AVR","M","M","M","E","R","R","T","E","E","M","$","M","R","BOSS","M","M","?","M","?","E","R","E","T","AVR","M","NM","?","M","R","BOSS"],"items_purchased_type":["Card","Relic","Card"],"build_version":"2020-12-13","purchased_purges":1,"victory":false,"max_hp_per_floor":[75,75,75,75,75,75,75,75,75,75,75,75,75,75,75,75,75,75,75,75,75,75,75,75,75,75,75,75,75,75,75,75,75,75,75,75,75,75,75,75,75,75,75,75,75,75,80,80,80,80,80,80],"card_choices":[{"not_picked":["blademaster:Hailwind","blademaster:Overcharge"],"picked":"blademaster:Flurry","floor":1},{"not_picked":["hubris:Ssssneak","Enlightenment"],"picked":"Finesse","floor":3},{"not_picked":["blademaster:AirSlash","blademaster:Momentum","blademaster:TraverseCut"],"picked":"SKIP","floor":5},{"not_picked":["blademaster:ChargingUp","blademaster:AspectOfWind"],"picked":"blademaster:FuriousStrike","floor":7},{"not_picked":["blademaster:ThunderSlash","blademaster:Reversal","blademaster:Sharpen"],"picked":"SKIP","floor":8},{"not_picked":["blademaster:Gust","blademaster:Rupture"],"picked":"blademaster:LeechingStrike","floor":10},{"not_picked":["blademaster:Thrust","blademaster:DragonStrike"],"picked":"blademaster:Empower","floor":11},{"not_picked":["blademaster:AspectOfWind","blademaster:Slice"],"picked":"blademaster:Quickstep","floor":13},{"not_picked":["blademaster:CombatPrep","blademaster:SlyStabs"],"picked":"blademaster:SharpBlades","floor":14},{"not_picked":["blademaster:Empower","blademaster:RollingTyphoon"],"picked":"blademaster:EnchantedCuirass","floor":16},{"not_picked":["blademaster:AspectOfWind+1","blademaster:Cut+1"],"picked":"blademaster:Vortex","floor":18},{"not_picked":["blademaster:ParryingStrike","blademaster:Thrust"],"picked":"blademaster:Vortex+1","floor":20},{"not_picked":["blademaster:BladeCross","blademaster:Slice+1"],"picked":"blademaster:AwakeningDefend","floor":21},{"not_picked":["blademaster:Sharpen+1","blademaster:BrainBloom+1"],"picked":"blademaster:Bloodbath","floor":22},{"not_picked":["blademaster:AspectOfLightning","blademaster:AncestralHealing","blademaster:AspectOfWind"],"picked":"SKIP","floor":23},{"not_picked":["blademaster:Reversal","blademaster:AwakeningStrike+1"],"picked":"blademaster:Sharpen","floor":27},{"not_picked":["blademaster:DaggerAndCloak","blademaster:Discharge"],"picked":"blademaster:EyeOfTheTornado+1","floor":28},{"not_picked":["blademaster:BladeMastery+1","blademaster:AspectOfLightning","blademaster:Gust"],"picked":"SKIP","floor":29},{"not_picked":["blademaster:Hailwind+1","blademaster:KiBarrier"],"picked":"blademaster:Vortex","floor":31},{"not_picked":["blademaster:UnrelentingWind","blademaster:RollingTyphoon"],"picked":"blademaster:ColdBlood","floor":33},{"not_picked":["blademaster:BloodyBlow+1","blademaster:Quickness+1","blademaster:AwakeningStrike"],"picked":"SKIP","floor":35},{"not_picked":["blademaster:AspectOfLightning","blademaster:FuriousStrike","blademaster:BloodyBlow+1"],"picked":"SKIP","floor":36},{"not_picked":["blademaster:Thrust","blademaster:AirSlash","blademaster:CullingStrike+1"],"picked":"SKIP","floor":38},{"not_picked":["StuffTheSpire:Brawn","StuffTheSpire:Ambrosia"],"picked":"StuffTheSpire:Vigor","floor":39},{"not_picked":["blademaster:BrainBloom","blademaster:ThreePointStrike","blademaster:AwakeningDefend+1"],"picked":"SKIP","floor":40},{"not_picked":["blademaster:Slice+1","blademaster:Quickness","blademaster:ThunderingOpener+1"],"picked":"SKIP","floor":42},{"not_picked":["blademaster:WindSlash+1","blademaster:Vortex","blademaster:Quickstep+1"],"picked":"SKIP","floor":45},{"not_picked":["infinitespire:SealOfDarkness+","infinitespire:Collect"],"picked":"hubris:Fate","floor":46},{"not_picked":["blademaster:Thrust","blademaster:Quickstep","blademaster:AirSlash+1"],"picked":"SKIP","floor":46},{"not_picked":["blademaster:Stormstrike+1","blademaster:BloodyBlow"],"picked":"blademaster:EyeOfTheTornado","floor":48},{"not_picked":["blademaster:RagingBlow","blademaster:Blindside"],"picked":"blademaster:ColdBlood","floor":50}],"player_experience":49946,"relics_obtained":[{"floor":7,"key":"halation:LettersToHer"},{"floor":7,"key":"blademaster:BleedingLaceratePerk"},{"floor":9,"key":"halation:LettersToHer"},{"floor":9,"key":"Torii"},{"floor":23,"key":"WingedGreaves"},{"floor":23,"key":"blademaster:StanceHealPerk"},{"floor":26,"key":"halation:LettersToHer"},{"floor":26,"key":"hubris:BottledRain"},{"floor":27,"key":"infinitespire:FocusingShard"},{"floor":27,"key":"blademaster:RandomBladePerk"},{"floor":28,"key":"Regal Pillow"},{"floor":28,"key":"blademaster:LightningChargePerk"},{"floor":40,"key":"Mercury Hourglass"},{"floor":40,"key":"blademaster:StrongPerk"},{"floor":42,"key":"aspiration:StickyExplosives"},{"floor":42,"key":"blademaster:ComboEveryTurnPerk"},{"floor":43,"key":"halation:LettersToHer"},{"floor":43,"key":"Dream Catcher"},{"floor":46,"key":"Potion Belt"},{"floor":46,"key":"blademaster:DextrousPerk"},{"floor":47,"key":"Durian"},{"floor":47,"key":"blademaster:FinisherDrawCardPerk"}],"event_choices":[{"damage_healed":0,"gold_gain":1,"player_choice":"1","damage_taken":0,"max_hp_gain":0,"max_hp_loss":0,"event_name":"betterStone:BetterStone","floor":3,"gold_loss":0}],"is_beta":false,"boss_relics":[{"not_picked":["energizedSpire:SpiderWeb","halation:CatFaceCupcake"],"picked":"Runic Pyramid"},{"not_picked":["StuffTheSpire:ModemDavis","aspiration:WatcherSkillbook"],"picked":"Coffee Dripper"},{"not_picked":["halation:ForbiddenBikini","bronze:MakeshiftBattery"],"picked":"hubris:ScarierMask"}],"items_purged_floors":[19],"is_endless":true,"potions_floor_spawned":[5,7,8,11,16,20,22,23,28,33,35,40,45,46,50],"ascension_level":0}}