{"host":"5hj512uv6i1x1iks","time":1614384761,"event":{"mods":["BaseMod","Block Reminder","Colored Powertips","Minty Spire (QoL Compilation)","Random Character Button","Relic Stats","Slay the Relics Exporter","ojb\u0027s Info Mod: The sequel"],"gold_per_floor":[117,117,135,27,40,40,65,77,77,27,43,8,18,82,82,82,82],"floor_reached":16,"language":"ENG","playtime":502,"items_purged":["Strike_R"],"score":189,"play_id":"f72be6aa-6ca6-41b0-acf5-f16777202fcb","local_time":"20210226181241","is_ascension_mode":true,"campfire_choices":[{"data":"Bash","floor":6,"key":"SMITH"},{"data":"Cleave","floor":15,"key":"SMITH"}],"circlet_count":0,"master_deck":["AscendersBane","Strike_R","Strike_R","Strike_R","Strike_R","Defend_R","Defend_R","Defend_R","Defend_R","Bash+1","Cleave+1","Shrug It Off","Headbutt","Pommel Strike","Shrug It Off","Carnage","Thunderclap"],"relics":["Burning Blood","Smiling Mask","Paper Frog","Prayer Wheel","Shovel","PreservedInsect"],"acts_visited":["Exordium"],"potions_floor_usage":[16,16],"damage_taken":[{"damage":21,"enemies":"Small Slimes","floor":1,"turns":5},{"damage":9,"enemies":"Jaw Worm","floor":3,"turns":4},{"damage":0,"enemies":"2 Louse","floor":5,"turns":4},{"damage":32,"enemies":"Lagavulin","floor":7,"turns":6},{"damage":12,"enemies":"2 Fungi Beasts","floor":8,"turns":4},{"damage":4,"enemies":"3 Louse","floor":11,"turns":5},{"damage":11,"enemies":"Exordium Wildlife","floor":13,"turns":5},{"damage":32,"enemies":"3 Sentries","floor":14,"turns":5},{"damage":29,"enemies":"Slime Boss","floor":16,"turns":7}],"seed_played":"5475996178982622136","potions_obtained":[{"floor":3,"key":"BloodPotion"},{"floor":5,"key":"FearPotion"},{"floor":13,"key":"Fruit Juice"}],"is_trial":false,"path_per_floor":["M","?","M","$","M","R","E","M","T","$","M","?","M","?","R","B"],"character_chosen":"IRONCLAD","items_purchased":["Headbutt","Shrug It Off"],"campfire_rested":0,"item_purchase_floors":[4,10],"current_hp_per_floor":[53,48,45,45,51,51,25,19,19,19,21,39,34,8,8,0,0],"gold":82,"neow_bonus":"RANDOM_COMMON_RELIC","is_daily":false,"chose_seed":false,"campfire_upgraded":2,"win_rate":0.0,"timestamp":1614384761,"path_taken":["M","?","M","$","M","R","E","M","T","$","M","?","M","?","R","BOSS"],"items_purchased_type":["Card","Card"],"build_version":"2020-12-22","purchased_purges":1,"victory":false,"max_hp_per_floor":[75,75,75,75,75,75,75,75,75,75,75,75,75,75,75,80,80],"relic_stats":{"Shovel":0,"counters":[9,45],"Prayer Wheel":3,"PreservedInsect":0,"Smiling Mask":25,"obtain_stats":[{"Shovel":9,"Prayer Wheel":7,"PreservedInsect":14,"Smiling Mask":0,"Burning Blood":0,"Paper Frog":2},{"Shovel":5,"Prayer Wheel":4,"PreservedInsect":8,"Smiling Mask":0,"Burning Blood":0,"Paper Frog":1},{"Shovel":23,"Prayer Wheel":19,"PreservedInsect":38,"Smiling Mask":0,"Burning Blood":0,"Paper Frog":5}],"Burning Blood":48},"card_choices":[{"not_picked":["Havoc","Perfected Strike"],"picked":"Cleave","floor":1},{"not_picked":["Armaments","Sword Boomerang"],"picked":"Shrug It Off","floor":3},{"not_picked":["Rage","Exhume","Havoc"],"picked":"SKIP","floor":5},{"not_picked":["Evolve","Dropkick","Wild Strike"],"picked":"SKIP","floor":7},{"not_picked":["Blood for Blood","Combust"],"picked":"Pommel Strike","floor":8},{"not_picked":["Wild Strike","Flex","Iron Wave"],"picked":"SKIP","floor":8},{"not_picked":["Flex","Hemokinesis"],"picked":"Carnage","floor":11},{"not_picked":["Clash","Metallicize","True Grit"],"picked":"SKIP","floor":11},{"not_picked":["Wild Strike","Thunderclap","Headbutt"],"picked":"SKIP","floor":13},{"not_picked":["Dropkick","Hemokinesis","Perfected Strike"],"picked":"SKIP","floor":13},{"not_picked":["Ghostly Armor","Flex"],"picked":"Thunderclap","floor":14}],"player_experience":663696,"relics_obtained":[{"floor":7,"key":"Prayer Wheel"},{"floor":9,"key":"Shovel"},{"floor":14,"key":"PreservedInsect"}],"event_choices":[{"damage_healed":0,"gold_gain":0,"player_choice":"Success","damage_taken":5,"relics_obtained":["Paper Frog"],"max_hp_gain":0,"max_hp_loss":0,"event_name":"Scrap Ooze","floor":2,"gold_loss":0},{"damage_healed":18,"gold_gain":0,"player_choice":"Healed","damage_taken":0,"max_hp_gain":0,"max_hp_loss":0,"event_name":"The Cleric","floor":12,"gold_loss":35},{"damage_healed":0,"gold_gain":30,"player_choice":"Searched \u00272\u0027 times","damage_taken":0,"max_hp_gain":0,"max_hp_loss":0,"event_name":"Dead Adventurer","floor":14,"gold_loss":0}],"is_beta":false,"boss_relics":[],"items_purged_floors":[4],"is_endless":false,"potions_floor_spawned":[3,5,11,13],"killed_by":"Slime Boss","ascension_level":17}}