{"host":"jegpcy6vs2hqx3jd","time":1614410888,"event":{"mods":["BaseMod","Minty Spire (QoL Compilation)"],"gold_per_floor":[117,42,42,61,61,61,93,120,159,198,210,45,56,68,68,165,165,182,192,67,84,9,9,9,9,9,26,125,157,157,176,176,272,272,290,306,266,280,7,7,18,33,33,33,33,33,33,59,59,59,59],"floor_reached":50,"language":"ENG","playtime":3585,"items_purged":["Strike_B","Strike_B","Defend_B","Strike_B"],"score":604,"play_id":"a65f4318-64ab-4818-8ff8-f8944c534013","local_time":"20210226232808","is_ascension_mode":true,"campfire_choices":[{"data":"Zap","floor":6,"key":"SMITH"},{"floor":15,"key":"REST"},{"data":"Creative AI","floor":23,"key":"SMITH"},{"floor":30,"key":"REST"},{"floor":32,"key":"REST"},{"floor":40,"key":"REST"},{"floor":45,"key":"REST"},{"data":"Tempest","floor":47,"key":"SMITH"},{"floor":49,"key":"REST"}],"circlet_count":0,"master_deck":["Strike_B","Defend_B","Defend_B","Zap+1","Dualcast","Leap","Ball Lightning","Redo","Storm+1","Creative AI+1","Ball Lightning","Defragment","Redo","Force Field","BootSequence","Auto Shields+1","Tempest+1","White Noise","Thunder Strike","Leap+1","Defragment","Self Repair","Thunder Strike","Capacitor+1","Heatsinks","Writhe","Steam+1"],"relics":["Cracked Core","NeowsBlessing","Centennial Puzzle","MawBank","Lantern","Pen Nib","Runic Pyramid","Enchiridion","Smiling Mask","Mercury Hourglass","Inserter","Letter Opener","Du-Vu Doll"],"acts_visited":["Exordium","TheCity","TheBeyond"],"potions_floor_usage":[21,48,50,50,50,50,50],"damage_taken":[{"damage":0,"enemies":"Cultist","floor":1,"turns":1},{"damage":0,"enemies":"2 Louse","floor":4,"turns":1},{"damage":0,"enemies":"Lagavulin","floor":7,"turns":1},{"damage":1,"enemies":"Jaw Worm","floor":8,"turns":3},{"damage":21,"enemies":"Gremlin Nob","floor":10,"turns":4},{"damage":0,"enemies":"Large Slime","floor":13,"turns":3},{"damage":16,"enemies":"Gremlin Gang","floor":14,"turns":3},{"damage":0,"enemies":"Slime Boss","floor":16,"turns":6},{"damage":0,"enemies":"Chosen","floor":18,"turns":3},{"damage":21,"enemies":"Spheric Guardian","floor":19,"turns":4},{"damage":16,"enemies":"Centurion and Healer","floor":21,"turns":7},{"damage":0,"enemies":"Snecko","floor":27,"turns":4},{"damage":14,"enemies":"Book of Stabbing","floor":29,"turns":4},{"damage":7,"enemies":"Snake Plant","floor":31,"turns":3},{"damage":43,"enemies":"Collector","floor":33,"turns":7},{"damage":0,"enemies":"3 Shapes","floor":35,"turns":2},{"damage":49,"enemies":"3 Darklings","floor":36,"turns":6},{"damage":0,"enemies":"4 Shapes","floor":38,"turns":3},{"damage":27,"enemies":"Jaw Worm Horde","floor":41,"turns":4},{"damage":0,"enemies":"3 Darklings","floor":42,"turns":4},{"damage":47,"enemies":"Nemesis","floor":48,"turns":5},{"damage":78,"enemies":"Awakened One","floor":50,"turns":6}],"seed_played":"726101014216388743","potions_obtained":[{"floor":1,"key":"CultistPotion"},{"floor":10,"key":"Dexterity Potion"},{"floor":13,"key":"Strength Potion"},{"floor":14,"key":"PotionOfCapacity"},{"floor":21,"key":"SteroidPotion"},{"floor":29,"key":"ColorlessPotion"},{"floor":36,"key":"EntropicBrew"},{"floor":38,"key":"FocusPotion"},{"floor":41,"key":"LiquidMemories"},{"floor":48,"key":"ColorlessPotion"}],"is_trial":false,"path_per_floor":["M","$","?","M","?","R","E","M","T","E","?","$","M","M","R","B",null,"M","M","$","M","?","R","$","?","T","M","?","E","R","M","R","B",null,"M","M","?","M","$","R","M","M","T","?","R","?","R","E","R","B"],"character_chosen":"DEFECT","items_purchased":["Defragment","Self Repair","Thunder Strike"],"campfire_rested":6,"item_purchase_floors":[12,39,39],"current_hp_per_floor":[75,75,75,75,75,75,75,74,74,53,53,53,53,37,59,59,75,75,54,54,38,38,38,38,22,22,22,22,8,30,23,45,2,75,75,26,26,26,26,48,21,21,21,21,43,62,62,22,44,0,0],"gold":59,"neow_bonus":"THREE_ENEMY_KILL","is_daily":false,"chose_seed":false,"campfire_upgraded":3,"win_rate":0.0,"timestamp":1614410888,"path_taken":["M","?","?","?","?","R","E","M","T","E","?","$","M","M","R","BOSS","M","M","$","?","?","R","$","?","T","M","?","E","R","M","R","BOSS","M","M","?","?","$","R","?","M","T","?","R","?","R","E","R","BOSS"],"items_purchased_type":["Card","Card","Card"],"build_version":"2020-12-22","purchased_purges":4,"victory":false,"max_hp_per_floor":[75,75,75,75,75,75,75,75,75,75,75,75,75,75,75,75,75,75,75,75,75,75,75,75,75,75,75,75,75,75,75,75,75,75,75,75,75,75,75,75,75,75,75,75,75,75,75,75,75,75,75],"card_choices":[{"not_picked":["Steam","Heatsinks"],"picked":"Leap","floor":1},{"not_picked":["Steam Power","Sweeping Beam"],"picked":"Ball Lightning","floor":4},{"not_picked":["Sunder","Ball Lightning"],"picked":"Redo","floor":7},{"not_picked":["Coolheaded","Stack"],"picked":"Storm","floor":8},{"not_picked":["Stack","Skim"],"picked":"Creative AI","floor":10},{"not_picked":["Lockon","Compile Driver","Turbo"],"picked":"SKIP","floor":13},{"not_picked":["Coolheaded","Fusion"],"picked":"Redo","floor":14},{"not_picked":["Cold Snap+1","Hello World+1"],"picked":"Force Field","floor":18},{"not_picked":["Rebound","Cold Snap"],"picked":"BootSequence","floor":19},{"not_picked":["Coolheaded+1","Blizzard","Sweeping Beam"],"picked":"SKIP","floor":21},{"not_picked":["Coolheaded","Stack+1"],"picked":"Auto Shields+1","floor":27},{"not_picked":["Recycle+1","Capacitor+1"],"picked":"Tempest","floor":29},{"not_picked":["Beam Cell","Rip and Tear"],"picked":"White Noise","floor":31},{"not_picked":["Fission","Machine Learning"],"picked":"Thunder Strike","floor":33},{"not_picked":["Turbo","Cold Snap+1","Gash+1"],"picked":"SKIP","floor":35},{"not_picked":["Rip and Tear+1","Streamline+1"],"picked":"Leap+1","floor":36},{"not_picked":["Leap","Coolheaded+1"],"picked":"Defragment","floor":38},{"not_picked":["Ball Lightning+1","Hello World"],"picked":"Capacitor+1","floor":41},{"not_picked":["Barrage+1","Sweeping Beam"],"picked":"Heatsinks","floor":42},{"not_picked":["Stack","Scrape"],"picked":"Steam+1","floor":48}],"player_experience":240920,"relics_obtained":[{"floor":3,"key":"Centennial Puzzle"},{"floor":7,"key":"MawBank"},{"floor":9,"key":"Lantern"},{"floor":10,"key":"Pen Nib"},{"floor":25,"key":"Enchiridion"},{"floor":26,"key":"Smiling Mask"},{"floor":29,"key":"Mercury Hourglass"},{"floor":43,"key":"Letter Opener"},{"floor":48,"key":"Du-Vu Doll"}],"event_choices":[{"damage_healed":0,"gold_gain":0,"player_choice":"Relic","damage_taken":0,"max_hp_gain":0,"max_hp_loss":0,"event_name":"Wheel of Change","floor":3,"gold_loss":0},{"damage_healed":0,"gold_gain":0,"player_choice":"Ignored","damage_taken":0,"max_hp_gain":0,"max_hp_loss":0,"event_name":"Shining Light","floor":5,"gold_loss":0},{"damage_healed":0,"gold_gain":0,"player_choice":"1 cards matched","damage_taken":0,"max_hp_gain":0,"max_hp_loss":0,"event_name":"Match and Keep!","floor":11,"gold_loss":0,"cards_obtained":["Ball Lightning"]},{"cards_removed":["Defend_B"],"damage_healed":0,"gold_gain":0,"player_choice":"Gave Gold","damage_taken":0,"max_hp_gain":0,"max_hp_loss":0,"event_name":"Beggar","floor":22,"gold_loss":75},{"damage_healed":0,"gold_gain":0,"player_choice":"Obtained Book","damage_taken":16,"max_hp_gain":0,"max_hp_loss":0,"event_name":"Cursed Tome","floor":25,"gold_loss":0},{"damage_healed":0,"gold_gain":99,"player_choice":"Stole From Cult","damage_taken":0,"max_hp_gain":0,"max_hp_loss":0,"event_name":"Nest","floor":28,"gold_loss":0},{"damage_healed":0,"gold_gain":0,"player_choice":"Upgrade","damage_taken":0,"max_hp_gain":0,"max_hp_loss":0,"event_name":"Designer","floor":37,"gold_loss":40,"cards_upgraded":["Storm"]},{"damage_healed":0,"gold_gain":0,"player_choice":"Ignored","damage_taken":0,"max_hp_gain":0,"max_hp_loss":0,"event_name":"Mysterious Sphere","floor":44,"gold_loss":0},{"damage_healed":19,"gold_gain":0,"player_choice":"Writhe","damage_taken":0,"max_hp_gain":0,"max_hp_loss":0,"event_name":"Winding Halls","floor":46,"gold_loss":0,"cards_obtained":["Writhe"]}],"is_beta":false,"boss_relics":[{"not_picked":["Busted Crown","Cursed Key"],"picked":"Runic Pyramid"},{"not_picked":["Fusion Hammer","Snecko Eye"],"picked":"Inserter"}],"items_purged_floors":[2,12,20,39],"is_endless":false,"potions_floor_spawned":[1,10,13,14,21,29,36,38,41,48],"killed_by":"Awakened One","ascension_level":1}}