{"host":"¿à÷økuyou","time":1614446009,"event":{"mods":["ATMod(°¢èªMod)","Act Like it!","BaseMod","BetterRewards","Minty Spire (QoL Compilation)","Quick Restart","StSLib"],"gold_per_floor":[113,113,113,123,48,76,102,102,125,125,125,156,186,206,206,310,310,328,31,31,70,70,97,97,97,97,149,149,204,79,111,111,210,210,225,225,165,15,83,173,229,240,240,299,344,371,405,469,469,469],"floor_reached":51,"language":"ZHS","playtime":2237,"items_purged":["Regret","Cold Snap","Ball Lightning","Streamline"],"score":1851,"play_id":"21eff438-d808-487b-bf26-41ca91f9cca1","local_time":"20210228011329","daily_mods":["Draft","Vintage","Flight"],"is_ascension_mode":true,"campfire_choices":[{"data":"Defragment","floor":8.0,"key":"SMITH"},{"data":"Coolheaded","floor":10.0,"key":"SMITH"},{"data":"Coolheaded","floor":11.0,"key":"SMITH"},{"data":"Turbo","floor":15.0,"key":"SMITH"},{"data":"HandOfGreed","floor":24,"key":"SMITH"},{"data":"AT_EMC2","floor":25,"key":"SMITH"},{"data":"Coolheaded","floor":28,"key":"SMITH"},{"floor":32,"key":"REST"},{"floor":49,"key":"REST"}],"circlet_count":0,"master_deck":["AscendersBane","AT_EssenceShift","Coolheaded+1","AT_WarpDrive+1","Coolheaded+1","Loop","Sweeping Beam","Defragment+1","Leap+1","Ball Lightning","Turbo+1","Creative AI+1","AT_RightCognition+1","HandOfGreed+1","Hello World+1","Loop+1","AT_EMC2+1","Coolheaded+1","Undo","Fission","AT_RightCognition+1","Defragment+1","Coolheaded+1","Reboot"],"relics":["FrozenCore","AT_ATBox","Vajra","AT_ForceNature","Pantograph","Frozen Egg 2","Bag of Preparation","Eternal Feather","Ancient Tea Set","Boot","Pen Nib","Blood Vial","Matryoshka","Art of War","AT_Manta","AT_RedTearstoneRing","AT_ChloranthyRing","War Paint","Cables","Akabeko","AT_TrinityForce","Bag of Marbles","MealTicket","DataDisk","AT_GoldPhoenixTree","Happy Flower","Letter Opener","AT_RedNoBalance","Strawberry","Singing Bowl","Turnip","AT_SpeedBoots","TungstenRod"],"acts_visited":["Exordium","TheCity","TheBeyond"],"potions_floor_usage":[23,29,35,45,50,50],"damage_taken":[{"damage":0.0,"enemies":"2 Louse","floor":1.0,"turns":3.0},{"damage":10.0,"enemies":"Jaw Worm","floor":4.0,"turns":2.0},{"damage":2.0,"enemies":"Lagavulin","floor":6.0,"turns":6.0},{"damage":10.0,"enemies":"3 Sentries","floor":7.0,"turns":4.0},{"damage":12.0,"enemies":"Gremlin Nob","floor":12.0,"turns":3.0},{"damage":25.0,"enemies":"3 Sentries","floor":13.0,"turns":5.0},{"damage":0.0,"enemies":"Cultist","floor":14.0,"turns":3.0},{"damage":0.0,"enemies":"Slime Boss","floor":16.0,"turns":6.0},{"damage":12,"enemies":"Shell Parasite","floor":18,"turns":4},{"damage":12,"enemies":"2 Thieves","floor":21,"turns":4},{"damage":29,"enemies":"Gremlin Leader","floor":23,"turns":5},{"damage":30,"enemies":"Slavers","floor":27,"turns":6},{"damage":2,"enemies":"Book of Stabbing","floor":29,"turns":6},{"damage":17,"enemies":"Gremlin Leader","floor":31,"turns":5},{"damage":0,"enemies":"Automaton","floor":33,"turns":6},{"damage":2,"enemies":"Orb Walker","floor":35,"turns":3},{"damage":0,"enemies":"3 Shapes","floor":39,"turns":7},{"damage":0,"enemies":"Jaw Worm Horde","floor":40,"turns":4},{"damage":0,"enemies":"Giant Head","floor":41,"turns":6},{"damage":0,"enemies":"Transient","floor":42,"turns":5},{"damage":0,"enemies":"Nemesis","floor":44,"turns":5},{"damage":0,"enemies":"4 Shapes","floor":45,"turns":4},{"damage":11,"enemies":"Reptomancer","floor":46,"turns":4},{"damage":0,"enemies":"Nemesis","floor":47,"turns":5},{"damage":4,"enemies":"Sphere and 2 Shapes","floor":48,"turns":3},{"damage":0,"enemies":"Donu and Deca","floor":50,"turns":6}],"seed_played":"6570532937257268746","potions_obtained":[{"floor":7.0,"key":"Energy Potion"},{"floor":13.0,"key":"PotionOfCapacity"},{"floor":14.0,"key":"EssenceOfDarkness"},{"floor":27,"key":"GamblersBrew"},{"floor":33,"key":"Swift Potion"},{"floor":35,"key":"Fruit Juice"},{"floor":39,"key":"Weak Potion"},{"floor":46,"key":"FocusPotion"},{"floor":47,"key":"DuplicationPotion"}],"is_trial":true,"path_per_floor":["M","?","?","M","$","E","E","R","T","R","R","E","E","M","R","B",null,"M","$","?","M","?","E","R","R","T","E","R","E","$","E","R","B",null,"M","?","?","$","M","M","E","M","T","E","M","E","E","M","R","B",null],"character_chosen":"DEFECT","items_purchased":["HandOfGreed"],"campfire_rested":2,"item_purchase_floors":[19],"current_hp_per_floor":[68,68,65,55,55,53,43,52,52,61,70,58,33,33,42,69,74,63,63,49,39,39,12,24,36,36,8,20,20,20,5,41,68,77,82,82,82,82,84,85,85,85,85,51,48,37,41,39,79,94],"gold":469,"neow_bonus":"","is_daily":false,"chose_seed":false,"campfire_upgraded":7,"win_rate":0.0,"timestamp":1614446009,"path_taken":["M","?","?","M","$","E","E","R","T","R","R","E","E","M","R","BOSS","M","$","?","M","?","E","R","R","T","E","R","E","$","E","R","BOSS","M","?","?","$","M","M","E","M","T","E","M","E","E","M","R","BOSS"],"items_purchased_type":["Card"],"build_version":"2020-12-18","purchased_purges":4,"victory":true,"max_hp_per_floor":[75,75,75,75,75,75,75,75,75,75,75,75,75,75,75,75,75,75,75,80,80,80,80,80,80,80,80,80,80,80,80,80,80,80,85,85,85,85,85,85,85,85,85,92,92,92,94,94,94,94],"card_choices":[{"not_picked":["Compile Driver","Steam"],"picked":"Streamline","floor":0.0},{"not_picked":["Doom and Gloom","White Noise"],"picked":"Coolheaded","floor":0.0},{"not_picked":["AT_HeatAcrobatics","Beam Cell"],"picked":"Cold Snap","floor":0.0},{"not_picked":["Conserve Battery","Reprogram"],"picked":"Cold Snap","floor":0.0},{"not_picked":["Steam","Genetic Algorithm"],"picked":"AT_WarpDrive","floor":0.0},{"not_picked":["Compile Driver","Stack"],"picked":"Static Discharge","floor":0.0},{"not_picked":["Steam","Doom and Gloom"],"picked":"Coolheaded","floor":0.0},{"not_picked":["Tempest","Gash"],"picked":"Streamline","floor":0.0},{"not_picked":["AT_WarpDrive","Compile Driver"],"picked":"Loop","floor":0.0},{"not_picked":["Streamline","Static Discharge"],"picked":"Ball Lightning","floor":0.0},{"not_picked":["AT_HeatAcrobatics","Reinforced Body"],"picked":"Sweeping Beam","floor":0.0},{"not_picked":["AT_HeatAcrobatics","Ball Lightning"],"picked":"Defragment","floor":0.0},{"not_picked":["Beam Cell","Go for the Eyes"],"picked":"Sweeping Beam","floor":0.0},{"not_picked":["Lockon","Stack"],"picked":"Leap","floor":0.0},{"not_picked":["Gash","Coolheaded"],"picked":"Ball Lightning","floor":0.0},{"not_picked":["Darkness","Gash"],"picked":"Turbo","floor":6.0},{"not_picked":["Barrage","Stack","Streamline"],"picked":"SKIP","floor":7.0},{"not_picked":["Turbo","Rebound","Compile Driver"],"picked":"SKIP","floor":12.0},{"not_picked":["AT_HeatAcrobatics","Biased Cognition+1"],"picked":"Creative AI+1","floor":13.0},{"not_picked":["Rainbow","Meteor Strike"],"picked":"AT_RightCognition+1","floor":16.0},{"not_picked":["Conserve Battery","All For One"],"picked":"AT_EMC2","floor":23},{"not_picked":["Barrage","Conserve Battery"],"picked":"Coolheaded","floor":27},{"not_picked":["Rebound","Darkness"],"picked":"Undo","floor":29},{"not_picked":["Ball Lightning","Streamline","Force Field+1"],"picked":"SKIP","floor":31},{"not_picked":["Buffer+1","Core Surge"],"picked":"Fission","floor":33},{"not_picked":["AT_StudyProgram+1","Sweeping Beam"],"picked":"Coolheaded+1","floor":41},{"not_picked":["Compile Driver+1","AT_HeatAcrobatics","Doom and Gloom+1"],"picked":"SKIP","floor":44},{"not_picked":["AT_HeatAcrobatics+1","Cold Snap"],"picked":"Reboot","floor":46},{"not_picked":["Melter","Conserve Battery","Gash+1"],"picked":"Singing Bowl","floor":47}],"player_experience":233076,"relics_obtained":[{"floor":1.0,"key":"Vajra"},{"floor":4.0,"key":"Frozen Egg 2"},{"floor":6.0,"key":"Bag of Preparation"},{"floor":7.0,"key":"Eternal Feather"},{"floor":9.0,"key":"Ancient Tea Set"},{"floor":12.0,"key":"Boot"},{"floor":13.0,"key":"Pen Nib"},{"floor":14.0,"key":"Blood Vial"},{"floor":18,"key":"Matryoshka"},{"floor":21,"key":"Art of War"},{"floor":23,"key":"AT_Manta"},{"floor":26,"key":"AT_RedTearstoneRing"},{"floor":26,"key":"AT_ChloranthyRing"},{"floor":27,"key":"War Paint"},{"floor":29,"key":"Cables"},{"floor":31,"key":"Akabeko"},{"floor":35,"key":"Bag of Marbles"},{"floor":39,"key":"MealTicket"},{"floor":40,"key":"DataDisk"},{"floor":41,"key":"AT_GoldPhoenixTree"},{"floor":42,"key":"Happy Flower"},{"floor":43,"key":"Letter Opener"},{"floor":43,"key":"AT_SilverBalance"},{"floor":44,"key":"Strawberry"},{"floor":45,"key":"Singing Bowl"},{"floor":46,"key":"Turnip"},{"floor":47,"key":"AT_SpeedBoots"},{"floor":48,"key":"TungstenRod"}],"event_choices":[{"damage_healed":0.0,"max_hp_gain":0.0,"max_hp_loss":0.0,"gold_gain":0.0,"event_name":"Big Fish","player_choice":"Box","floor":2.0,"gold_loss":0.0,"damage_taken":0.0,"relics_obtained":["AT_ForceNature"],"cards_obtained":["Regret"]},{"damage_healed":0.0,"max_hp_gain":0.0,"max_hp_loss":0.0,"gold_gain":0.0,"event_name":"Scrap Ooze","player_choice":"Success","floor":3.0,"gold_loss":0.0,"damage_taken":3.0,"relics_obtained":["Pantograph"]},{"damage_healed":0,"gold_gain":0,"player_choice":"Shed Blood","damage_taken":19,"max_hp_gain":5,"max_hp_loss":0,"event_name":"Forgotten Altar","floor":20,"gold_loss":0},{"damage_healed":0,"gold_gain":0,"cards_transformed":["Streamline","Static Discharge"],"player_choice":"Became Test Subject","damage_taken":0,"max_hp_gain":0,"max_hp_loss":0,"event_name":"Drug Dealer","floor":22,"gold_loss":0,"cards_obtained":["Hello World","Loop"]},{"damage_healed":0,"gold_gain":0,"player_choice":"Ignored","damage_taken":0,"max_hp_gain":0,"max_hp_loss":0,"event_name":"Tomb of Lord Red Mask","floor":36,"gold_loss":0},{"damage_healed":0,"gold_gain":0,"cards_transformed":["Cold Snap","Sweeping Beam"],"player_choice":"Transformed Cards","damage_taken":0,"max_hp_gain":0,"max_hp_loss":0,"event_name":"Designer","floor":37,"gold_loss":60,"cards_obtained":["AT_RightCognition","Defragment"]}],"is_beta":true,"boss_relics":[{"not_picked":["Ectoplasm","Astrolabe"],"picked":"FrozenCore"},{"not_picked":["Sozu","Coffee Dripper"],"picked":"AT_TrinityForce"}],"items_purged_floors":[5,19,30,38],"is_endless":false,"potions_floor_spawned":[7,13,14,21,27,33,35,39,40,46,47,48],"ascension_level":10}}