{"host":"r7hmxrtwvofdnlkf","time":1614455092,"event":{"mods":["AchievementEnabler","BaseMod","Colored Powertips","Minty Spire (QoL Compilation)","Relic Stats","StSLib"],"gold_per_floor":[110,121,139,154,154,184,184,206,288,288,299,147,165,190,190,285,285,301,311,32,52,71,71,106,106,106,106,138,155,155,167,167,268,268,281,292,292,107,107,142,192,192,242,254,281,301,316,330,330,330],"floor_reached":51,"language":"ENG","playtime":3425,"items_purged":["Strike_P","Strike_P"],"score":786,"play_id":"1d6fc604-307d-4d9a-9516-89f3eade5409","local_time":"20210227204452","is_ascension_mode":false,"campfire_choices":[{"floor":10,"key":"REST"},{"data":"CutThroughFate","floor":15,"key":"SMITH"},{"floor":23,"key":"REST"},{"floor":27,"key":"REST"},{"floor":32,"key":"REST"},{"floor":42,"key":"REST"},{"floor":49,"key":"REST"}],"circlet_count":0,"master_deck":["Strike_P","Strike_P+1","Defend_P+1","Defend_P+1","Defend_P+1","Eruption+1","Vigilance+1","EmptyFist+1","ClearTheMind+1","Evaluate","CutThroughFate+1","EmptyBody+1","Vengeance","FearNoEvil","Tantrum","Consecrate+1","LikeWater","LessonLearned+1","Conclude","ThirdEye","CutThroughFate+1","TalkToTheHand+1","MentalFortress","ConjureBlade","FlurryOfBlows+1","Flash of Steel+1","Dark Shackles+1","LikeWater+1","CrushJoints","FlurryOfBlows+1","Halt","Wallop+1"],"relics":["Black Star","TungstenRod","MealTicket","Odd Mushroom","White Beast Statue","Ornamental Fan","Question Card","Runic Pyramid","Singing Bowl","Meat on the Bone","Ancient Tea Set","Bottled Lightning","Potion Belt","Strawberry","VioletLotus","Bronze Scales","Lantern","Incense Burner","Damaru","Nunchaku","Blood Vial"],"acts_visited":["Exordium","TheCity","TheBeyond"],"potions_floor_usage":[6,16,21,28,29],"damage_taken":[{"damage":15,"enemies":"Cultist","floor":1,"turns":5},{"damage":0,"enemies":"2 Louse","floor":2,"turns":2},{"damage":2,"enemies":"Jaw Worm","floor":3,"turns":3},{"damage":8,"enemies":"Blue Slaver","floor":4,"turns":4},{"damage":15,"enemies":"Lagavulin","floor":6,"turns":6},{"damage":17,"enemies":"The Mushroom Lair","floor":8,"turns":4},{"damage":4,"enemies":"Looter","floor":11,"turns":3},{"damage":5,"enemies":"Large Slime","floor":13,"turns":4},{"damage":10,"enemies":"3 Sentries","floor":14,"turns":5},{"damage":16,"enemies":"Slime Boss","floor":16,"turns":8},{"damage":9,"enemies":"Shell Parasite","floor":18,"turns":5},{"damage":30,"enemies":"2 Thieves","floor":19,"turns":4},{"damage":0,"enemies":"3 Cultists","floor":21,"turns":4},{"damage":23,"enemies":"Snake Plant","floor":22,"turns":6},{"damage":16,"enemies":"Gremlin Leader","floor":24,"turns":6},{"damage":31,"enemies":"Slavers","floor":28,"turns":5},{"damage":1,"enemies":"Cultist and Chosen","floor":29,"turns":4},{"damage":24,"enemies":"Sentry and Sphere","floor":31,"turns":4},{"damage":39,"enemies":"Automaton","floor":33,"turns":10},{"damage":21,"enemies":"3 Darklings","floor":35,"turns":4},{"damage":12,"enemies":"3 Shapes","floor":36,"turns":5},{"damage":11,"enemies":"Reptomancer","floor":40,"turns":6},{"damage":0,"enemies":"Mind Bloom Boss Battle","floor":41,"turns":4},{"damage":15,"enemies":"Sphere and 2 Shapes","floor":44,"turns":3},{"damage":24,"enemies":"Nemesis","floor":45,"turns":5},{"damage":5,"enemies":"3 Darklings","floor":46,"turns":4},{"damage":20,"enemies":"Jaw Worm Horde","floor":47,"turns":4},{"damage":0,"enemies":"Spire Growth","floor":48,"turns":3},{"damage":62,"enemies":"Awakened One","floor":50,"turns":12}],"seed_played":"375881898384981534","potions_obtained":[{"floor":3,"key":"AttackPotion"},{"floor":4,"key":"StancePotion"},{"floor":8,"key":"BottledMiracle"},{"floor":11,"key":"Weak Potion"},{"floor":13,"key":"SkillPotion"},{"floor":16,"key":"AttackPotion"},{"floor":18,"key":"DuplicationPotion"},{"floor":19,"key":"FairyPotion"},{"floor":21,"key":"Swift Potion"},{"floor":28,"key":"LiquidMemories"},{"floor":29,"key":"LiquidBronze"},{"floor":31,"key":"BlessingOfTheForge"},{"floor":33,"key":"FairyPotion"},{"floor":41,"key":"Fire Potion"},{"floor":44,"key":"GamblersBrew"},{"floor":47,"key":"FearPotion"},{"floor":48,"key":"DistilledChaos"}],"is_trial":false,"path_per_floor":["M","M","M","M","?","E","?","?","T","R","M","$","M","E","R","B",null,"M","M","$","M","M","R","E","?","T","R","E","M","?","M","R","B",null,"M","M","?","$","?","E","?","R","T","M","E","M","M","M","R","B",null],"character_chosen":"WATCHER","items_purchased":["Tantrum","Singing Bowl","CutThroughFate","LikeWater","CrushJoints"],"campfire_rested":6,"item_purchase_floors":[12,20,20,38,38],"current_hp_per_floor":[57,57,55,47,52,37,37,20,20,43,39,54,49,39,39,23,77,68,38,53,55,32,55,39,25,25,50,38,51,51,41,69,42,95,74,64,57,72,72,63,63,93,93,80,58,57,51,65,97,49],"gold":330,"neow_bonus":"BOSS_RELIC","is_daily":false,"chose_seed":false,"campfire_upgraded":1,"win_rate":0.0,"timestamp":1614455092,"path_taken":["M","M","M","M","?","E","?","?","T","R","M","?","?","E","R","BOSS","M","M","$","M","M","R","E","?","T","R","E","M","?","M","R","BOSS","M","M","?","$","?","E","?","R","T","M","E","M","M","M","R","BOSS"],"items_purchased_type":["Card","Relic","Card","Card","Card"],"build_version":"2020-12-22","purchased_purges":2,"victory":true,"max_hp_per_floor":[72,72,72,72,77,77,77,77,77,77,77,77,77,77,77,77,77,77,77,77,79,79,79,79,84,84,84,91,93,93,95,95,95,95,95,97,99,99,99,101,101,101,101,103,105,107,107,107,107,107],"relic_stats":{"Singing Bowl":18,"counters":[29,142],"Question Card":22,"Blood Vial":8,"Nunchaku":[9],"Ornamental Fan":[260],"Bronze Scales":[85],"MealTicket":45,"VioletLotus":[16],"Black Star":6,"obtain_stats":[{"Potion Belt":28,"Lantern":40,"Singing Bowl":20,"Damaru":43,"Incense Burner":41,"Odd Mushroom":8,"Question Card":14,"Ancient Tea Set":24,"White Beast Statue":9,"Blood Vial":45,"Nunchaku":45,"Ornamental Fan":14,"Strawberry":28,"Bronze Scales":40,"MealTicket":6,"VioletLotus":34,"Black Star":0,"Bottled Lightning":26,"PureWater":0,"TungstenRod":6,"Runic Pyramid":17,"Meat on the Bone":24},{"Potion Belt":16,"Lantern":22,"Singing Bowl":12,"Damaru":23,"Incense Burner":23,"Odd Mushroom":6,"Question Card":9,"Ancient Tea Set":15,"White Beast Statue":6,"Blood Vial":25,"Nunchaku":25,"Ornamental Fan":9,"Strawberry":16,"Bronze Scales":22,"MealTicket":5,"VioletLotus":19,"Black Star":0,"Bottled Lightning":15,"PureWater":0,"TungstenRod":5,"Runic Pyramid":10,"Meat on the Bone":15},{"Potion Belt":74,"Lantern":107,"Singing Bowl":53,"Damaru":111,"Incense Burner":111,"Odd Mushroom":24,"Question Card":36,"Ancient Tea Set":69,"White Beast Statue":24,"Blood Vial":119,"Nunchaku":119,"Ornamental Fan":36,"Strawberry":74,"Bronze Scales":107,"MealTicket":20,"VioletLotus":92,"Black Star":0,"Bottled Lightning":69,"PureWater":0,"TungstenRod":20,"Runic Pyramid":44,"Meat on the Bone":69}],"TungstenRod":59,"Meat on the Bone":84},"card_choices":[{"not_picked":["WindmillStrike","Meditate"],"picked":"EmptyFist","floor":1},{"not_picked":["Nirvana","Collect"],"picked":"ClearTheMind","floor":2},{"not_picked":["Halt","ForeignInfluence"],"picked":"Evaluate","floor":3},{"not_picked":["Conclude","Crescendo"],"picked":"CutThroughFate","floor":4},{"not_picked":["Devotion","Crescendo"],"picked":"EmptyBody","floor":6},{"not_picked":["EmptyBody","SignatureMove"],"picked":"Vengeance","floor":8},{"not_picked":["FollowUp","Crescendo"],"picked":"FearNoEvil","floor":11},{"not_picked":["Tantrum","Prostrate"],"picked":"Consecrate","floor":13},{"not_picked":["PathToVictory","EmptyBody"],"picked":"LikeWater","floor":14},{"not_picked":["Alpha","Scrawl","Judgement"],"picked":"LessonLearned","floor":16},{"not_picked":["Crescendo","Collect+1","Evaluate+1"],"picked":"Conclude","floor":18},{"not_picked":["Pray+1","FlyingSleeves","WreathOfFlame"],"picked":"ThirdEye","floor":19},{"not_picked":["Crescendo","Consecrate","Wallop","CrushJoints"],"picked":"Singing Bowl","floor":21},{"not_picked":["FearNoEvil","CrushJoints","Scrawl"],"picked":"SashWhip","floor":22},{"not_picked":["Consecrate","Halt+1","Prostrate"],"picked":"TalkToTheHand+1","floor":24},{"not_picked":["Protect+1","Meditate","CutThroughFate"],"picked":"MentalFortress","floor":28},{"not_picked":["EmptyMind","PathToVictory","WaveOfTheHand","Protect+1"],"picked":"Singing Bowl","floor":29},{"not_picked":["PathToVictory+1","BowlingBash","Vengeance","EmptyBody+1"],"picked":"Singing Bowl","floor":31},{"not_picked":["LessonLearned","Omniscience","Blasphemy"],"picked":"ConjureBlade","floor":33},{"not_picked":["FlyingSleeves+1","ThirdEye+1","EmptyFist+1"],"picked":"FlurryOfBlows+1","floor":35},{"not_picked":["SashWhip","ForeignInfluence","Consecrate","Scrawl"],"picked":"Singing Bowl","floor":36},{"not_picked":["Discovery","Panacea","Impatience"],"picked":"Flash of Steel","floor":37},{"not_picked":["Sadistic Nature","Panache","HandOfGreed"],"picked":"Dark Shackles","floor":37},{"not_picked":["Enlightenment","Good Instincts","Deep Breath","Bandage Up"],"picked":"Singing Bowl","floor":37},{"not_picked":["CutThroughFate","Collect","Omniscience","Consecrate"],"picked":"Singing Bowl","floor":40},{"not_picked":["FollowUp","MentalFortress","PathToVictory"],"picked":"FlurryOfBlows+1","floor":41},{"not_picked":["Vengeance","Conclude+1","Crescendo","ClearTheMind"],"picked":"Singing Bowl","floor":44},{"not_picked":["Vault","FlyingSleeves","Crescendo","Meditate"],"picked":"Singing Bowl","floor":45},{"not_picked":["Perseverance","WindmillStrike","CarveReality","JustLucky+1"],"picked":"Singing Bowl","floor":46},{"not_picked":["JustLucky","CrushJoints","Tantrum"],"picked":"Halt","floor":47},{"not_picked":["SignatureMove+1","EmptyBody+1","Swivel+1"],"picked":"Wallop+1","floor":48}],"player_experience":187782,"relics_obtained":[{"floor":6,"key":"TungstenRod"},{"floor":6,"key":"MealTicket"},{"floor":8,"key":"Odd Mushroom"},{"floor":9,"key":"White Beast Statue"},{"floor":14,"key":"Ornamental Fan"},{"floor":14,"key":"Question Card"},{"floor":24,"key":"Meat on the Bone"},{"floor":24,"key":"Ancient Tea Set"},{"floor":26,"key":"Bottled Lightning"},{"floor":28,"key":"Potion Belt"},{"floor":28,"key":"Strawberry"},{"floor":40,"key":"Bronze Scales"},{"floor":40,"key":"Lantern"},{"floor":41,"key":"Incense Burner"},{"floor":43,"key":"Damaru"},{"floor":45,"key":"Nunchaku"},{"floor":45,"key":"Blood Vial"}],"event_choices":[{"damage_healed":0,"gold_gain":0,"player_choice":"Donut","damage_taken":0,"max_hp_gain":5,"max_hp_loss":0,"event_name":"Big Fish","floor":5,"gold_loss":0},{"damage_healed":0,"gold_gain":0,"player_choice":"Grow","damage_taken":0,"max_hp_gain":0,"max_hp_loss":0,"event_name":"Living Wall","floor":7,"gold_loss":0,"cards_upgraded":["Eruption"]},{"damage_healed":0,"gold_gain":0,"player_choice":"Fought Mushrooms","damage_taken":0,"max_hp_gain":0,"max_hp_loss":0,"event_name":"Mushrooms","floor":8,"gold_loss":0},{"damage_healed":0,"gold_gain":0,"player_choice":"Shed Blood","damage_taken":20,"max_hp_gain":5,"max_hp_loss":0,"event_name":"Forgotten Altar","floor":25,"gold_loss":0},{"cards_removed":["Defend_P"],"damage_healed":0,"gold_gain":0,"player_choice":"Elegance","damage_taken":0,"max_hp_gain":0,"max_hp_loss":0,"event_name":"Back to Basics","floor":30,"gold_loss":0},{"damage_healed":0,"gold_gain":0,"player_choice":"Memory 3","damage_taken":10,"max_hp_gain":0,"max_hp_loss":0,"event_name":"SensoryStone","floor":37,"gold_loss":0},{"cards_removed":["SashWhip"],"damage_healed":0,"gold_gain":0,"player_choice":"Removed Attack","damage_taken":0,"max_hp_gain":0,"max_hp_loss":0,"event_name":"Falling","floor":39,"gold_loss":0},{"damage_healed":0,"gold_gain":0,"player_choice":"Fight","damage_taken":0,"max_hp_gain":0,"max_hp_loss":0,"event_name":"MindBloom","floor":41,"gold_loss":0}],"is_beta":false,"boss_relics":[{"not_picked":["SlaversCollar","Snecko Eye"],"picked":"Runic Pyramid"},{"not_picked":["Empty Cage","Astrolabe"],"picked":"VioletLotus"}],"items_purged_floors":[12,38],"is_endless":false,"potions_floor_spawned":[3,4,8,11,13,14,16,18,19,21,22,24,28,29,31,33,35,36,40,41,44,45,46,47,48],"ascension_level":0}}