{"host":"tj45uo9npo129mc6","time":1614430606,"event":{"mods":["AchievementEnabler","BaseMod","Colored Powertips","Downfall","Friendly Minions","Hubris","Infinite Spire","Kiyohime????","LagranYue(???·?)","Minty Spire (QoL Compilation)","Quick Restart","Remilia??????","StSLib","The Animator","The Bladedancer","The Cursed","The Servant 0.9.4"],"gold_per_floor":[113,127,127,127,202,202,29,29,29,29,40,58,71,81,81,181,181,195,209,209,221,221,221,221,255,255,255,255],"floor_reached":27,"language":"FRA","playtime":1694,"items_purged":[],"score":223,"play_id":"8784d18e-191a-4797-95fb-37e413c56a1f","local_time":"20210227135646","is_ascension_mode":false,"campfire_choices":[{"floor":8,"key":"REST"},{"data":"EmptyBody","floor":10,"key":"SMITH"},{"data":"BattleHymn","floor":15,"key":"SMITH"},{"data":"Establishment","floor":23,"key":"SMITH"}],"circlet_count":0,"master_deck":["Strike_P","Strike_P","Strike_P","Defend_P","Defend_P+1","Defend_P+1","Defend_P","Eruption+1","Vigilance","EmptyBody+1","FearNoEvil","Protect","EmptyFist","ReachHeaven","Meditate","BattleHymn+1","Establishment+1","FlyingSleeves","SignatureMove+1","SignatureMove+1","Lust_TH","Bandage Up","BowlingBash","Consecrate"],"relics":["PureWater","LagranYue:RandomDrawCardRelic","NeowsBlessing","Lantern","infinitespire:ShieldingShard","hubris:GrandSneckoEye","hubris:TenFootPole","ScarletDevilRocket"],"acts_visited":["Exordium","TheCity"],"potions_floor_usage":[16,18],"damage_taken":[{"damage":0,"enemies":"Jaw Worm","floor":1,"turns":1},{"damage":0,"enemies":"2 Louse","floor":2,"turns":1},{"damage":0,"enemies":"Cultist","floor":11,"turns":1},{"damage":0,"enemies":"Gremlin Gang","floor":12,"turns":4},{"damage":0,"enemies":"Large Slime","floor":13,"turns":3},{"damage":0,"enemies":"3 Louse","floor":14,"turns":2},{"damage":22,"enemies":"Hexaghost","floor":16,"turns":7},{"damage":5,"enemies":"2 Thieves","floor":18,"turns":3},{"damage":6,"enemies":"Shell Parasite","floor":19,"turns":4},{"damage":0,"enemies":"Cultist and Chosen","floor":21,"turns":4},{"damage":57,"enemies":"Slavers","floor":25,"turns":7},{"damage":14,"enemies":"Snake Plant","floor":27,"turns":4}],"seed_played":"-380067563514403459","potions_obtained":[{"floor":11,"key":"infinitespire:BlackPotion"},{"floor":13,"key":"FearPotion"},{"floor":14,"key":"ColorlessPotion"}],"is_trial":false,"path_per_floor":["M","M","?","?","?","?","$","R","T","R","M","M","M","M","R","B",null,"M","M","?","M","?","R","?","E","T","M"],"character_chosen":"WATCHER","items_purchased":["Lantern","Protect"],"campfire_rested":1,"item_purchase_floors":[7,7],"current_hp_per_floor":[72,72,58,58,47,47,47,68,68,68,68,68,68,68,68,46,72,67,61,61,61,61,61,61,8,8,0,0],"gold":255,"neow_bonus":"THREE_ENEMY_KILL","is_daily":false,"chose_seed":false,"campfire_upgraded":3,"win_rate":0.0,"timestamp":1614430606,"path_taken":["M","M","?","?","?","?","?","R","T","R","M","?","M","M","R","BOSS","M","M","?","?","?","R","?","E","T","?"],"items_purchased_type":["Relic","Card"],"build_version":"2020-12-22","purchased_purges":0,"victory":false,"max_hp_per_floor":[72,72,72,72,72,72,72,72,72,72,72,72,72,72,72,72,72,72,72,72,72,72,72,72,72,72,72,72],"card_choices":[{"not_picked":["Evaluate","Consecrate"],"picked":"EmptyBody","floor":1},{"not_picked":["Evaluate","CutThroughFate"],"picked":"FearNoEvil","floor":2},{"not_picked":["CarveReality","JustLucky"],"picked":"EmptyFist","floor":11},{"not_picked":["Evaluate","BowlingBash"],"picked":"ReachHeaven","floor":12},{"not_picked":["CrushJoints","BowlingBash"],"picked":"Meditate","floor":13},{"not_picked":["ClearTheMind","SandsOfTime"],"picked":"BattleHymn","floor":14},{"not_picked":["LessonLearned","DeusExMachina"],"picked":"Establishment","floor":16},{"not_picked":["Perseverance","CrushJoints"],"picked":"FlyingSleeves","floor":18},{"not_picked":["Meditate+1","CutThroughFate"],"picked":"SignatureMove","floor":19},{"not_picked":["EmptyMind","Nirvana"],"picked":"SignatureMove","floor":21},{"not_picked":["Omniscience","Vengeance+1"],"picked":"Consecrate","floor":25}],"player_experience":274139,"relics_obtained":[{"floor":9,"key":"infinitespire:ShieldingShard"},{"floor":25,"key":"hubris:TenFootPole"},{"floor":26,"key":"ScarletDevilRocket"}],"event_choices":[{"damage_healed":0,"gold_gain":0,"player_choice":"Entered Light","damage_taken":14,"max_hp_gain":0,"max_hp_loss":0,"event_name":"Shining Light","floor":3,"gold_loss":0,"cards_upgraded":["Defend_P","Defend_P"]},{"damage_healed":0,"gold_gain":75,"player_choice":"Gather Gold","damage_taken":11,"max_hp_gain":0,"max_hp_loss":0,"event_name":"World of Goop","floor":5,"gold_loss":0},{"cards_removed":["Strike_P"],"damage_healed":0,"gold_gain":0,"player_choice":"Offered Basic","damage_taken":0,"max_hp_gain":0,"max_hp_loss":0,"event_name":"Bonfire Elementals","floor":20,"gold_loss":0},{"damage_healed":0,"gold_gain":0,"player_choice":"2 cards matched","damage_taken":0,"max_hp_gain":0,"max_hp_loss":0,"event_name":"Match and Keep!","floor":24,"gold_loss":0,"cards_obtained":["Bandage Up","BowlingBash"]}],"is_beta":false,"boss_relics":[{"not_picked":["Pandora\u0027s Box","Astrolabe"],"picked":"hubris:GrandSneckoEye"}],"items_purged_floors":[],"is_endless":false,"potions_floor_spawned":[11,13,14],"killed_by":"Snake Plant","ascension_level":0}}