{"host":"roto7j7840a50pxh","time":1614416831,"event":{"mods":["Act Like it!","BaseMod","Better Altar","Better Note","Better Sensory Stone","Better Skull","Better Third Choice","BetterRewards","Colored Map","Colored Powertips","Downfall","Hermit","Highlight Path","Hubris","Infinite Spire","Minty Spire (QoL Compilation)","Replay The Spire","Robot Space Explorer","Shade Mod","Spicy Shops","StSLib","The Construct","The Cursed","The Dragon Tamer","The Hierophant","The Necromancer","The Runesmith","The Servant 0.9.4","TheVacant"],"gold_per_floor":[122,140,166,185,185,185,210,243,243,243,263,263,263,263,263,406,406,436,472,522,597,678,785,785,785,808,846,846,846,911,957,957,1059,1159,1212,1298,1337,1337,1337,1337,1337,1409,1433,973,973,1035,1076,1235,1235,1255],"floor_reached":51,"language":"ENG","playtime":4420,"items_purged":[],"score":1841,"play_id":"f1b18fe8-0b8a-4d8f-a5e8-022539aae280","local_time":"20210227040711","is_ascension_mode":true,"campfire_choices":[{"floor":6.0,"key":"REST"},{"floor":10.0,"key":"REST"},{"floor":13.0,"key":"REST"},{"data":"TheCursedMod:RavingStaff","floor":15.0,"key":"SMITH"},{"floor":25.0,"key":"REST"},{"floor":29.0,"key":"REST"},{"data":"TheCursedMod:DarkBarrier","floor":32.0,"key":"SMITH"},{"data":"TheCursedMod:CircleOfWindfury","floor":40.0,"key":"SMITH"},{"data":"ReplayUltimateDefense","floor":45.0,"key":"SMITH"},{"data":"TheCursedMod:DarkBarrier","floor":49.0,"key":"SMITH"}],"circlet_count":0,"master_deck":["TheCursedMod:CursedWand","TheCursedMod:CleanUpWorkshop","TheCursedMod:Wield","Finesse","TheCursedMod:Stretching","TheCursedMod:Stretching","TheCursedMod:CircleOfCorruption","TheCursedMod:CircleOfCorruption","TheCursedMod:CircleOfWindfury+1","TheCursedMod:CircleOfAbyss","ReplayTheSpireMod:Brewmster+1","TheCursedMod:CircleOfFlame","TheCursedMod:CircleOfFlame","TheCursedMod:RapidMovement","TheCursedMod:SmokeScreen","TheCursedMod:RavingStaff+1","TheCursedMod:CursedStaff","TheCursedMod:SurpriseAttack","TheCursedMod:CircleOfCorruption","TheCursedMod:AbyssShockwave+1","TheCursedMod:CursedShiv+1","TheCursedMod:CursedBlade","TheCursedMod:CursedShiv","TheCursedMod:DemonSword","TheCursedMod:CircleOfAbyss","TheCursedMod:LuckyCharm","TheCursedMod:CursedBlade+1","TheCursedMod:RapidMovement","TheCursedMod:SpitefulStrike","TheCursedMod:TroublousMinions","TheCursedMod:Neurasthenia","TheCursedMod:DarkBarrier+1","TheCursedMod:Dregs","Pain","Voices","TheCursedMod:RavingStaff+1","TheCursedMod:ManaBullet+1","infinitespire:Collect","infinitespire:TheBestDefense+1","TheCursedMod:OutForBlood","TheCursedMod:Stretching","TheCursedMod:SmokeScreen+1","TheCursedMod:RavingStaff","TheCursedMod:DoubleShield","TheCursedMod:DarkBarrier+1","TheCursedMod:Obscuration","TheCursedMod:Stretching","Discovery","TheCursedMod:VoidForm","TheCursedMod:CursedWand+1","TheCursedMod:CursedMace","TheCursedMod:Stigma","ReplayUltimateDefense+1","TheCursedMod:LuckyCharm","TheCursedMod:Evocation","TheCursedMod:Wield+1","TheCursedMod:Stretching+1"],"relics":["TheCursedMod:PinkPellets","Orrery","MealTicket","Chemical X","Replay:Bandana","Oddly Smooth Stone","hubris:MobiusCoin","Replay:Ancient Bell","Happy Flower","infinitespire:Bottled Soul","infinitespire:Joker Card","Omamori","hubris:Backtick","hubris:Potato","CeramicFish","Pet Ghost","Onion Ring","Replay:Wanted Poster","hubris:Icosahedron","Whetstone","Strawberry","PreservedInsect","Chameleon Ring","hubris:SlimyHat"],"acts_visited":["Exordium","TheCity","TheBeyond"],"potions_floor_usage":[50,50,50,50,50,50,50],"damage_taken":[{"damage":12.0,"enemies":"infinitespire:Voidling","floor":1.0,"turns":3.0},{"damage":6.0,"enemies":"Jaw Worm","floor":2.0,"turns":2.0},{"damage":0.0,"enemies":"Cultist","floor":3.0,"turns":2.0},{"damage":0.0,"enemies":"Blue Slaver","floor":4.0,"turns":1.0},{"damage":2.0,"enemies":"Looter","floor":7.0,"turns":2.0},{"damage":18.0,"enemies":"Large Slime","floor":8.0,"turns":4.0},{"damage":2.0,"enemies":"Red Slaver","floor":11.0,"turns":2.0},{"damage":7.0,"enemies":"Slime Boss","floor":16.0,"turns":8.0},{"damage":30.0,"enemies":"3 Byrds","floor":18.0,"turns":4.0},{"damage":0.0,"enemies":"Shell Parasite","floor":19.0,"turns":3.0},{"damage":0.0,"enemies":"3 Cultists","floor":22.0,"turns":3.0},{"damage":14.0,"enemies":"Book of Stabbing","floor":23.0,"turns":4.0},{"damage":2.0,"enemies":"Chosen and Byrds","floor":27.0,"turns":4.0},{"damage":8.0,"enemies":"Replay:Snechameleon","floor":30.0,"turns":3.0},{"damage":0.0,"enemies":"Centurion and Healer","floor":31.0,"turns":3.0},{"damage":20.0,"enemies":"hubris:MusketHawk","floor":33.0,"turns":8.0},{"damage":0.0,"enemies":"3 Darklings","floor":35.0,"turns":4.0},{"damage":1.0,"enemies":"Orb Walker","floor":37.0,"turns":2.0},{"damage":0.0,"enemies":"Giant Head","floor":42.0,"turns":9.0},{"damage":0.0,"enemies":"Reptomancer","floor":46.0,"turns":5.0},{"damage":0.0,"enemies":"Transient","floor":47.0,"turns":5.0},{"damage":0.0,"enemies":"Giant Head","floor":48.0,"turns":6.0},{"damage":17,"enemies":"Donu and Deca","floor":50,"turns":7}],"seed_played":"-6555374483747866269","potions_obtained":[{"floor":4.0,"key":"ColorlessPotion"},{"floor":11.0,"key":"Guardian:BlockOnCardUsePotion"},{"floor":16.0,"key":"SpeedPotion"},{"floor":19.0,"key":"BlessingOfTheForge"},{"floor":35.0,"key":"Flashbang"},{"floor":47.0,"key":"Reflective Coating"}],"is_trial":false,"path_per_floor":["M","M","M","M","?","R","M","M","T","R","M","?","R","?","R","B",null,"M","M","AVR","?","M","E","?","R","T","M","?","R","E","M","R","B",null,"M","?","M","$","?","R","?","E","T","$","R","E","M","E","R","B",null],"character_chosen":"THE_CURSED","items_purchased":["ReplayTheSpireMod:Brewmster","TheCursedMod:CircleOfFlame","Orrery","TheCursedMod:CircleOfCorruption","TheCursedMod:AbyssShockwave+1","MealTicket","TheCursedMod:CursedShiv+1","TheCursedMod:CursedBlade","Chemical X","TheCursedMod:CursedShiv","Replay:Bandana","TheCursedMod:DemonSword","ReplayUltimateDefense","PreservedInsect","TheCursedMod:LuckyCharm"],"campfire_rested":5,"item_purchase_floors":[0,0,0,0,0,0,0,0,0,0,0,0,44,44,44],"current_hp_per_floor":[13,7,7,7,7,29,27,9,9,31,29,29,51,51,51,44,67,37,37,37,30,30,16,16,38,38,36,36,58,50,50,50,30,64,64,64,63,63,63,63,75,75,82,82,82,82,82,82,82,65],"gold":1255,"neow_bonus":"","is_daily":false,"chose_seed":false,"campfire_upgraded":5,"win_rate":0.0,"timestamp":1614416831,"path_taken":["M","M","M","?","?","R","?","M","T","R","M","?","R","?","R","BOSS","M","M","AVR","?","M","E","?","R","T","?","?","R","E","M","R","BOSS","M","?","?","?","?","R","?","E","T","$","R","E","?","E","R","BOSS"],"items_purchased_type":["Card","Card","Relic","Card","Card","Relic","Card","Card","Relic","Card","Relic","Card","Card","Relic","Card"],"build_version":"2020-12-22","purchased_purges":0,"victory":true,"max_hp_per_floor":[75,75,75,75,75,75,75,75,75,75,75,75,75,75,75,75,75,75,75,75,75,75,75,75,75,75,75,75,75,75,75,75,75,75,75,75,75,75,75,75,75,75,82,82,82,82,82,82,82,82],"card_choices":[{"not_picked":["TheCursedMod:SpitefulStrike","TheCursedMod:VitalStrike"],"picked":"TheCursedMod:RapidMovement","floor":0.0},{"not_picked":["TheCursedMod:CursedAmulet","TheCursedMod:ReleasedKnowledge"],"picked":"TheCursedMod:SmokeScreen","floor":0.0},{"not_picked":["TheCursedMod:SmokeScreen","TheCursedMod:ReleasedKnowledge"],"picked":"TheCursedMod:RavingStaff","floor":0.0},{"not_picked":["TheCursedMod:WearCloak","TheCursedMod:Evocation"],"picked":"TheCursedMod:CursedStaff","floor":0.0},{"not_picked":["TheCursedMod:RapidMovement","TheCursedMod:AshesToAshes"],"picked":"TheCursedMod:SurpriseAttack","floor":0.0},{"not_picked":["TheCursedMod:RavingStaff","TheCursedMod:CursedAmulet"],"picked":"TheCursedMod:CircleOfAbyss","floor":1.0},{"not_picked":["TheCursedMod:StingEye","TheCursedMod:Stigma"],"picked":"TheCursedMod:LuckyCharm","floor":2.0},{"not_picked":["TheCursedMod:CircleOfFlame","TheCursedMod:PrepareRite"],"picked":"TheCursedMod:CursedBlade","floor":3.0},{"not_picked":["TheCursedMod:CursedBlade","TheCursedMod:BloodBarrier"],"picked":"TheCursedMod:RapidMovement","floor":4.0},{"not_picked":["TheCursedMod:Stretching","TheCursedMod:Stigma"],"picked":"TheCursedMod:SpitefulStrike","floor":7.0},{"not_picked":["TheCursedMod:CircleOfCorruption","TheCursedMod:SoulCrush"],"picked":"TheCursedMod:TroublousMinions","floor":8.0},{"not_picked":["TheCursedMod:TacticalStrike","TheCursedMod:PrepareRite"],"picked":"TheCursedMod:Neurasthenia","floor":11.0},{"not_picked":["TheCursedMod:UltimatePain","TheCursedMod:Neurasthenia"],"picked":"TheCursedMod:DarkBarrier","floor":16.0},{"not_picked":["Injury","downfall:Bewildered"],"picked":"TheCursedMod:Dregs","floor":17.0},{"not_picked":["ReplayTheSpireMod:IOU","Amnesia"],"picked":"Pain","floor":17.0},{"not_picked":["downfall:Icky","Regret"],"picked":"Voices","floor":17.0},{"not_picked":["TheCursedMod:RapidMovement","TheCursedMod:CircleOfBlood"],"picked":"TheCursedMod:RavingStaff","floor":18.0},{"not_picked":["TheCursedMod:CursedShiv","TheCursedMod:SpitefulStrike"],"picked":"TheCursedMod:ManaBullet+1","floor":19.0},{"not_picked":["TheCursedMod:HellsGateOpen","TheCursedMod:PrepareRite"],"picked":"TheCursedMod:OutForBlood","floor":22.0},{"not_picked":["TheCursedMod:SpitefulPlan","TheCursedMod:SoulReap"],"picked":"TheCursedMod:Stretching","floor":23.0},{"not_picked":["TheCursedMod:CursedShiv","TheCursedMod:CursedMace"],"picked":"TheCursedMod:SmokeScreen+1","floor":27.0},{"not_picked":["TheCursedMod:WearCloak","TheCursedMod:CursedAmulet"],"picked":"TheCursedMod:RavingStaff","floor":30.0},{"not_picked":["TheCursedMod:SoulCrush","TheCursedMod:Torture"],"picked":"TheCursedMod:DoubleShield","floor":31.0},{"not_picked":["TheCursedMod:ManaCirculation","TheCursedMod:ForbiddenAlchemy"],"picked":"TheCursedMod:DarkBarrier","floor":33.0},{"not_picked":["TheCursedMod:CursedAmulet","TheCursedMod:SpitefulStrike"],"picked":"TheCursedMod:Obscuration","floor":35.0},{"not_picked":["TheCursedMod:CursedBlade","TheCursedMod:Stigma"],"picked":"TheCursedMod:CursedMace","floor":37.0},{"not_picked":["TheCursedMod:CursedShiv","TheCursedMod:SpitefulPlan"],"picked":"TheCursedMod:Stigma","floor":42.0},{"not_picked":["TheCursedMod:CursedBlade+1","TheCursedMod:Wield"],"picked":"TheCursedMod:Evocation","floor":46.0},{"not_picked":["TheCursedMod:SpitefulStrike+1","TheCursedMod:CursedAmulet"],"picked":"TheCursedMod:Wield+1","floor":47.0},{"not_picked":["TheCursedMod:CursedSpellbook","TheCursedMod:Grudge"],"picked":"TheCursedMod:Stretching+1","floor":48.0}],"player_experience":2031422,"relics_obtained":[{"floor":9.0,"key":"hubris:MobiusCoin"},{"floor":23.0,"key":"CeramicFish"},{"floor":26.0,"key":"Pet Ghost"},{"floor":30.0,"key":"Onion Ring"},{"floor":42.0,"key":"Whetstone"},{"floor":43.0,"key":"Strawberry"},{"floor":46.0,"key":"Chameleon Ring"},{"floor":48.0,"key":"hubris:SlimyHat"}],"event_choices":[{"damage_healed":0.0,"max_hp_gain":0.0,"max_hp_loss":0.0,"gold_gain":0.0,"event_name":"Transmorgrifier","player_choice":"Ignored","floor":5.0,"gold_loss":0.0,"damage_taken":0.0},{"damage_healed":0.0,"max_hp_gain":0.0,"max_hp_loss":0.0,"gold_gain":0.0,"event_name":"Upgrade Shrine","player_choice":"Upgraded","floor":14.0,"gold_loss":0.0,"damage_taken":0.0,"cards_upgraded":["ReplayTheSpireMod:Brewmster"]},{"damage_healed":0.0,"max_hp_gain":0.0,"max_hp_loss":0.0,"gold_gain":75.0,"event_name":"FaceTrader","player_choice":"Touch","floor":21.0,"gold_loss":0.0,"damage_taken":7.0},{"damage_healed":0.0,"max_hp_gain":0.0,"max_hp_loss":0.0,"gold_gain":0.0,"event_name":"Fountain of Cleansing","player_choice":"Ignored","floor":24.0,"gold_loss":0.0,"damage_taken":0.0},{"damage_healed":0.0,"max_hp_gain":0.0,"max_hp_loss":0.0,"gold_gain":0.0,"event_name":"Upgrade Shrine","player_choice":"Upgraded","floor":28.0,"gold_loss":0.0,"damage_taken":0.0,"cards_upgraded":["infinitespire:TheBestDefense"]},{"damage_healed":0.0,"max_hp_gain":0.0,"max_hp_loss":0.0,"gold_gain":0.0,"event_name":"Match and Keep!","player_choice":"4 cards matched","floor":36.0,"gold_loss":0.0,"damage_taken":0.0,"cards_obtained":["TheCursedMod:Stretching","Discovery","TheCursedMod:VoidForm","TheCursedMod:CursedWand"]},{"damage_healed":19.0,"max_hp_gain":0.0,"max_hp_loss":0.0,"gold_gain":0.0,"event_name":"Winding Halls","player_choice":"Writhe","floor":41.0,"gold_loss":0.0,"damage_taken":0.0,"cards_obtained":["Writhe"]}],"is_beta":false,"boss_relics":[{"not_picked":["Calling Bell","hubris:BlackHole"],"picked":"Replay:Ancient Bell"},{"not_picked":["bronze:BronzeIdol","Ancient Tea Set"],"picked":"Happy Flower"},{"not_picked":["Question Card","Mercury Hourglass"],"picked":"infinitespire:Bottled Soul"},{"not_picked":["Guardian:GemstoneGun","construct:RocketBooster"],"picked":"infinitespire:Joker Card"},{"not_picked":["Tiny House","infinitespire:Cupcake"],"picked":"Replay:Wanted Poster"}],"items_purged_floors":[],"is_endless":false,"potions_floor_spawned":[4,11,16,18,19,35,37,47],"ascension_level":13}}