{"host":"uyfpom4rlahfoee4","time":1614408996,"event":{"mods":["BaseMod","Downfall","Minty Spire (QoL Compilation)","StSLib"],"gold_per_floor":[99,117,117,117,134,44,44,44,60,60,80,92,92,104,118,215,215,215,226,244,244,244,259,259,159,170,170,170,170],"floor_reached":27,"language":"ENG","playtime":1166,"items_purged":["Pain"],"score":282,"play_id":"4433d888-e3cb-4109-88d1-c85481387b2e","local_time":"20210226225636","is_ascension_mode":false,"campfire_choices":[{"data":"sneckomod:TailWhip","floor":1,"key":"SMITH"},{"data":"sneckomod:RainOfDice","floor":8,"key":"SMITH"},{"data":"sneckomod:QuickBite","floor":10,"key":"SMITH"},{"data":"sneckomod:DiceBoulder","floor":13,"key":"SMITH"},{"data":"sneckomod:DiceBoulder+1","floor":18,"key":"SMITH"},{"data":"Bite","floor":25,"key":"SMITH"}],"circlet_count":0,"master_deck":["sneckomod:Defend","sneckomod:Defend","sneckomod:Defend","sneckomod:TailWhip+1","sneckomod:SnekBite","sneckomod:Unknown","sneckomod:Unknown","sneckomod:SerpentMind","sneckomod:RainOfDice+1","sneckomod:QuickBite+1","sneckomod:ImprovisedGuard","sneckomod:UnknownStrike","sneckomod:DiceBoulder+2","sneckomod:SnakeSap","sneckomod:UnknownBlock","sneckomod:SlitherStrike","sneckomod:Cheat","sneckomod:UnknownClassTHE_CHAMP_GRAY","sneckomod:UnknownClassTHE_CHAMP_GRAY","sneckomod:UnknownClassTHE_CHAMP_GRAY","sneckomod:UnknownClassTHE_CHAMP_GRAY","sneckomod:UnknownClassTHE_CHAMP_GRAY","champ:EnchantSword","sneckomod:SnekBeam","champ:DefensiveStyle","sneckomod:SnakeSap+1","Bite+1","Bite","Bite","Bite","Bite","sneckomod:UnknownStrength","champ:BerserkerStyle","sneckomod:UnknownClassGREEN","champ:BerserkersShout","sneckomod:SoulCleanse+1"],"relics":["sneckomod:SneckoSoul","WarpedTongs","Eternal Feather","sneckomod:SneckoBoss","downfall:HeartBlessingBlue"],"acts_visited":["Exordium","TheCity"],"potions_floor_usage":[16,20,20],"damage_taken":[{"damage":2,"enemies":"Small Slimes","floor":2,"turns":3},{"damage":7,"enemies":"Jaw Worm","floor":5,"turns":5},{"damage":8,"enemies":"downfall:FleeingMerchant","floor":6,"turns":4},{"damage":0,"enemies":"Cultist","floor":9,"turns":3},{"damage":0,"enemies":"2 Fungi Beasts","floor":11,"turns":2},{"damage":11,"enemies":"Exordium Wildlife","floor":12,"turns":4},{"damage":14,"enemies":"3 Louse","floor":14,"turns":2},{"damage":0,"enemies":"downfall:LooterAlt","floor":15,"turns":3},{"damage":13,"enemies":"WA_ARCHETYPE_RETAIN","floor":16,"turns":6},{"damage":10,"enemies":"Chosen","floor":19,"turns":4},{"damage":0,"enemies":"Spheric Guardian","floor":20,"turns":3},{"damage":36,"enemies":"Snake Plant","floor":23,"turns":5},{"damage":12,"enemies":"Centurion and Healer","floor":26,"turns":5},{"damage":12,"enemies":"Sentry and Sphere","floor":27,"turns":3}],"seed_played":"17646578000044334","potions_obtained":[{"floor":11,"key":"sneckomod:CheatPotion"},{"floor":12,"key":"ColorlessPotion"},{"floor":14,"key":"Block Potion"},{"floor":16,"key":"AttackPotion"},{"floor":23,"key":"Dexterity Potion"}],"is_trial":false,"path_per_floor":["R","M","?","?","M","$","T","R","M","R","M","M","R","M","M","B",null,"R","M","M","?","?","M","T","R","M","M"],"character_chosen":"THE_SNECKO","items_purchased":[],"campfire_rested":0,"item_purchase_floors":[],"current_hp_per_floor":[90,88,88,88,81,73,73,79,79,85,85,74,83,69,69,56,90,90,80,80,62,62,30,30,58,53,49,49,49],"gold":170,"neow_bonus":"ONE_RANDOM_RARE_CARD","is_daily":false,"chose_seed":false,"campfire_upgraded":6,"win_rate":0.0,"timestamp":1614408996,"path_taken":["R","M","?","?","?","$","T","R","M","R","M","M","R","M","M","BOSS","R","M","M","?","?","M","T","R","M","M"],"items_purchased_type":[],"build_version":"2020-12-22","purchased_purges":1,"victory":false,"max_hp_per_floor":[90,90,90,90,90,90,90,90,90,90,90,90,90,90,90,90,90,90,90,90,62,62,62,62,72,72,72,72,72],"card_choices":[{"not_picked":["sneckomod:DiceCrush","sneckomod:UnknownClassPURPLE"],"picked":"sneckomod:RainOfDice","floor":2},{"not_picked":["sneckomod:SoulDraw","sneckomod:Unknown1Cost"],"picked":"sneckomod:QuickBite","floor":5},{"not_picked":["sneckomod:UnknownX","sneckomod:DiceCrush"],"picked":"sneckomod:ImprovisedGuard","floor":6},{"not_picked":["sneckomod:MasterEye","sneckomod:UnknownClassRED"],"picked":"sneckomod:UnknownStrike","floor":9},{"not_picked":["sneckomod:UnknownCommonAttack","sneckomod:UnknownClassGUARDIAN"],"picked":"sneckomod:DiceBoulder","floor":11},{"not_picked":["sneckomod:Unknown0Cost","sneckomod:SerpentIdol"],"picked":"sneckomod:SnakeSap","floor":12},{"not_picked":["sneckomod:UnknownClassPURPLE","sneckomod:UnknownX"],"picked":"sneckomod:UnknownBlock","floor":14},{"not_picked":["sneckomod:ImprovisedAttack","sneckomod:UnknownDexterity"],"picked":"sneckomod:SlitherStrike","floor":15},{"not_picked":["sneckomod:SoulExchange","sneckomod:SerpentMind"],"picked":"sneckomod:Cheat","floor":16},{"not_picked":["champ:SkillfulDodge","champ:EnchantCrown"],"picked":"champ:EnchantSword","floor":19},{"not_picked":["sneckomod:UnknownUncommonSkill","sneckomod:UnknownColorless"],"picked":"sneckomod:SnekBeam","floor":19},{"not_picked":["champ:Lariat","champ:RecklessLeap"],"picked":"champ:DefensiveStyle","floor":20},{"not_picked":["sneckomod:UnknownClassGREEN+1","sneckomod:UnknownVulnerable"],"picked":"sneckomod:SnakeSap+1","floor":20},{"not_picked":["champ:EnragedBash","champ:StrikeOfGenius"],"picked":"champ:BerserkerStyle","floor":23},{"not_picked":["sneckomod:SnekBeam","sneckomod:RainOfDice"],"picked":"sneckomod:UnknownClassGREEN","floor":23},{"not_picked":["champ:ShieldSigil","champ:SteelEdge"],"picked":"champ:BerserkersShout","floor":26},{"not_picked":["sneckomod:DefensiveFlair","sneckomod:SoulExchange"],"picked":"sneckomod:SoulCleanse+1","floor":26}],"player_experience":248993,"relics_obtained":[{"floor":7,"key":"Eternal Feather"}],"event_choices":[{"damage_healed":0,"gold_gain":0,"player_choice":"Rummage","damage_taken":0,"relics_obtained":["WarpedTongs"],"max_hp_gain":0,"max_hp_loss":0,"event_name":"Accursed Blacksmith","floor":4,"gold_loss":0,"cards_obtained":["Pain"]},{"damage_healed":0,"gold_gain":0,"player_choice":"Became a vampire","damage_taken":0,"max_hp_gain":0,"max_hp_loss":28,"event_name":"Vampires","floor":21,"gold_loss":0,"cards_obtained":["Bite","Bite","Bite","Bite","Bite"]},{"damage_healed":0,"gold_gain":0,"player_choice":"Read","damage_taken":0,"max_hp_gain":0,"max_hp_loss":0,"event_name":"The Library","floor":22,"gold_loss":0,"cards_obtained":["sneckomod:UnknownStrength"]}],"is_beta":false,"boss_relics":[{"not_picked":["Philosopher\u0027s Stone","sneckomod:SuperSneckoSoul"],"picked":"sneckomod:SneckoBoss"}],"items_purged_floors":[6],"is_endless":false,"potions_floor_spawned":[11,12,14,16,23],"killed_by":"Sentry and Sphere","ascension_level":0}}