{"host":"6p0attdrtjqaih7v","time":1614414430,"event":{"mods":["2.2 Compatiblity","AchievementEnabler","BaseMod","Better Skull","Better Third Choice","Better Vampires","Card Filter","Colored Powertips","Hermit","Highlight Path","Hubris","Key Reminder","Minty Spire (QoL Compilation)","Permanent Neow","Quick Restart","Random Character Button","Relic Filter","Relic Stats","Reliquary","Replay The Spire","Robot Space Explorer","StSLib","The Construct","The Hayseed","The Runesmith","The Witch"],"gold_per_floor":[118,171,181,181,195,230,230,280,280,31,60,60,76,111,111,61,61],"floor_reached":16,"language":"ENG","playtime":474,"items_purged":[],"score":270,"play_id":"5eb52418-686b-4183-beec-f95a8ed03734","local_time":"20210227032710","is_ascension_mode":true,"campfire_choices":[{"data":"RobotSpaceExplorer:ShovelStrike","floor":7,"key":"SMITH"},{"data":"RobotSpaceExplorer:PowerGlove","floor":12,"key":"SMITH"},{"data":"RobotSpaceExplorer:ShovelStrike","floor":15,"key":"SMITH"}],"circlet_count":0,"master_deck":["AscendersBane","RobotSpaceExplorer:Strike","RobotSpaceExplorer:Strike","RobotSpaceExplorer:Strike","RobotSpaceExplorer:Strike","RobotSpaceExplorer:Defend","RobotSpaceExplorer:Defend","RobotSpaceExplorer:Defend","RobotSpaceExplorer:Defend","RobotSpaceExplorer:Scan","RobotSpaceExplorer:MiniLasers","RobotSpaceExplorer:Fix","RobotSpaceExplorer:MetalStrike","RobotSpaceExplorer:Smokescreen","RobotSpaceExplorer:HighVoltage","RobotSpaceExplorer:ShovelStrike+1","RobotSpaceExplorer:PowerGlove+1","RobotSpaceExplorer:Discharger","RobotSpaceExplorer:Pulsar","RobotSpaceExplorer:ShovelStrike+1"],"relics":["RobotSpaceExplorer:RoboCore","Toy Ornithopter","reliquary:NewFriend","hubris:Icosahedron","Onion Ring","reliquary:TridentHead","Toolbox","Anchor"],"acts_visited":["Exordium"],"potions_floor_usage":[6,6,16],"damage_taken":[{"damage":4,"enemies":"2 Louse","floor":1,"turns":3},{"damage":11,"enemies":"Small Slimes","floor":3,"turns":4},{"damage":0,"enemies":"Cultist","floor":5,"turns":4},{"damage":11,"enemies":"3 Sentries","floor":6,"turns":5},{"damage":0,"enemies":"Gremlin Nob","floor":11,"turns":3},{"damage":0,"enemies":"Gremlin Gang","floor":13,"turns":1},{"damage":0,"enemies":"Looter","floor":14,"turns":3},{"damage":46,"enemies":"Hexaghost","floor":16,"turns":9}],"seed_played":"5050307300550357502","potions_obtained":[{"floor":5,"key":"Block Potion"},{"floor":6,"key":"Venom Potion"}],"is_trial":false,"path_per_floor":["M","?","M","?","M","E","R","?","T","$","E","R","M","M","R","B"],"character_chosen":"RobotSpaceExplorer","items_purchased":["RobotSpaceExplorer:PowerGlove","Toolbox"],"campfire_rested":0,"item_purchase_floors":[10,10],"current_hp_per_floor":[60,37,26,26,30,33,33,33,33,33,33,33,37,37,37,0,0],"gold":61,"neow_bonus":"RANDOM_COMMON_RELIC","is_daily":false,"chose_seed":false,"campfire_upgraded":3,"win_rate":0.0,"timestamp":1614414430,"path_taken":["M","?","M","?","M","E","R","?","T","$","E","R","M","M","R","BOSS"],"items_purchased_type":["Card","Relic"],"build_version":"2020-12-22","purchased_purges":0,"victory":false,"max_hp_per_floor":[71,71,71,71,71,71,71,71,71,71,71,71,71,71,71,71,71],"relic_stats":{"counters":[8,32],"obtain_stats":[{"reliquary:TridentHead":9,"Anchor":11,"hubris:Icosahedron":4,"Toolbox":10,"RobotSpaceExplorer:RoboCore":0,"reliquary:NewFriend":2,"Onion Ring":6,"Toy Ornithopter":0},{"reliquary:TridentHead":4,"Anchor":5,"hubris:Icosahedron":2,"Toolbox":4,"RobotSpaceExplorer:RoboCore":0,"reliquary:NewFriend":1,"Onion Ring":4,"Toy Ornithopter":0},{"reliquary:TridentHead":16,"Anchor":19,"hubris:Icosahedron":7,"Toolbox":16,"RobotSpaceExplorer:RoboCore":0,"reliquary:NewFriend":3,"Onion Ring":16,"Toy Ornithopter":0}],"Toy Ornithopter":15},"card_choices":[{"not_picked":["RobotSpaceExplorer:StunGrenade","RobotSpaceExplorer:Pulsar"],"picked":"RobotSpaceExplorer:Fix","floor":1},{"not_picked":["RobotSpaceExplorer:Probe","RobotSpaceExplorer:ShockKick"],"picked":"RobotSpaceExplorer:MetalStrike","floor":2},{"not_picked":["RobotSpaceExplorer:MetalStrike","RobotSpaceExplorer:ShockKick"],"picked":"RobotSpaceExplorer:Smokescreen","floor":3},{"not_picked":["RobotSpaceExplorer:MakeshiftVolley","RobotSpaceExplorer:LuckyStrike"],"picked":"RobotSpaceExplorer:HighVoltage","floor":5},{"not_picked":["RobotSpaceExplorer:Electroshield","RobotSpaceExplorer:JunkDive"],"picked":"RobotSpaceExplorer:ShovelStrike","floor":6},{"not_picked":["RobotSpaceExplorer:MakeshiftVolley","RobotSpaceExplorer:FranticSearch"],"picked":"RobotSpaceExplorer:Discharger","floor":11},{"not_picked":["RobotSpaceExplorer:StunGrenade","RobotSpaceExplorer:Probe"],"picked":"RobotSpaceExplorer:Pulsar","floor":13},{"not_picked":["RobotSpaceExplorer:SlimeMissile","RobotSpaceExplorer:ImprovisedAttack"],"picked":"RobotSpaceExplorer:ShovelStrike","floor":14}],"player_experience":1241357,"relics_obtained":[{"floor":2,"key":"reliquary:NewFriend"},{"floor":6,"key":"Onion Ring"},{"floor":9,"key":"reliquary:TridentHead"},{"floor":11,"key":"Anchor"}],"event_choices":[{"damage_healed":0,"gold_gain":50,"player_choice":"Pray","damage_taken":0,"max_hp_gain":0,"max_hp_loss":0,"event_name":"Golden Shrine","floor":8,"gold_loss":0}],"is_beta":false,"boss_relics":[],"items_purged_floors":[],"is_endless":false,"potions_floor_spawned":[5,6],"killed_by":"Hexaghost","ascension_level":20}}