{"host":"nptej036rrbiurf5","time":1614402875,"event":{"mods":["BaseMod","Colored Map","Colored Powertips","DeckTracker","Minty Spire (QoL Compilation)","StSLib","SuperFastMode"],"gold_per_floor":[112,131,131,149,165,165,185,215,215,243,243,268,36,56,56,134,134,153,153,168,168,185,185,210,221,221,221,233,233,333,344,344,416,416,434,448,18,30,44,44,79,96,96,96,54,379,379,391,391,391,391,391,391,72,106,106,106],"floor_reached":56,"language":"KOR","playtime":1958,"items_purged":["Strike_B","Defend_B","Defend_B"],"score":1902,"play_id":"aaac943c-42fb-4eaf-a802-a9c7155a5c19","local_time":"20210227141434","is_ascension_mode":true,"campfire_choices":[{"data":"Lockon","floor":6.0,"key":"SMITH"},{"floor":11.0,"key":"REST"},{"floor":15.0,"key":"REST"},{"data":"Defragment","floor":23.0,"key":"SMITH"},{"floor":27.0,"key":"REST"},{"floor":32.0,"key":"REST"},{"floor":40.0,"key":"REST"},{"floor":44.0,"key":"REST"},{"floor":49,"key":"RECALL"},{"floor":53,"key":"REST"}],"circlet_count":0,"master_deck":["AscendersBane","Defend_B","Defend_B","Zap","Dualcast","Barrage","Lockon+1","Chill","Ball Lightning","Compile Driver","Echo Form","Reboot","Genetic Algorithm","Defragment+1","Core Surge","Aggregate","Undo","Self Repair","Turbo+1","Glacier","Blizzard","Biased Cognition","Rebound","Ball Lightning","Capacitor+1","Force Field+1","Creative AI+1","Double Energy+1","Secret Technique+1","Electrodynamics+1","Coolheaded+1","Skim+1","Coolheaded+1","Stack+1","Consume+1","Steam Power+1","Coolheaded+1","Finesse+1","Static Discharge+1"],"relics":["Cracked Core","Shuriken","Pear","Centennial Puzzle","Prayer Wheel","Membership Card","Sozu","CaptainsWheel","Matryoshka","DataDisk","Toxic Egg 2","Du-Vu Doll","Frozen Egg 2","Fusion Hammer","Bottled Lightning","Pantograph","Nunchaku","Blue Candle","Old Coin","Bottled Tornado","Cables"],"acts_visited":["Exordium","TheCity","TheBeyond","TheEnding"],"potions_floor_usage":[],"damage_taken":[{"damage":9.0,"enemies":"Jaw Worm","floor":1.0,"turns":4.0},{"damage":7.0,"enemies":"Cultist","floor":2.0,"turns":4.0},{"damage":7.0,"enemies":"Small Slimes","floor":4.0,"turns":3.0},{"damage":0.0,"enemies":"2 Fungi Beasts","floor":5.0,"turns":3.0},{"damage":10.0,"enemies":"Gremlin Gang","floor":7.0,"turns":4.0},{"damage":10.0,"enemies":"3 Sentries","floor":8.0,"turns":6.0},{"damage":23.0,"enemies":"Lagavulin","floor":10.0,"turns":5.0},{"damage":6.0,"enemies":"Gremlin Nob","floor":12.0,"turns":3.0},{"damage":28.0,"enemies":"Large Slime","floor":14.0,"turns":4.0},{"damage":23.0,"enemies":"Slime Boss","floor":16.0,"turns":8.0},{"damage":13.0,"enemies":"2 Thieves","floor":18.0,"turns":4.0},{"damage":2.0,"enemies":"3 Byrds","floor":20.0,"turns":5.0},{"damage":10.0,"enemies":"Centurion and Healer","floor":22.0,"turns":5.0},{"damage":12.0,"enemies":"Book of Stabbing","floor":24.0,"turns":7.0},{"damage":21.0,"enemies":"Snake Plant","floor":25.0,"turns":5.0},{"damage":13.0,"enemies":"Cultist and Chosen","floor":28.0,"turns":6.0},{"damage":10.0,"enemies":"Colosseum Slavers","floor":30.0,"turns":3.0},{"damage":11.0,"enemies":"Colosseum Nobs","floor":30.0,"turns":4.0},{"damage":5.0,"enemies":"Centurion and Healer","floor":31.0,"turns":5.0},{"damage":42.0,"enemies":"Collector","floor":33.0,"turns":9.0},{"damage":19.0,"enemies":"3 Shapes","floor":35.0,"turns":4.0},{"damage":29.0,"enemies":"3 Darklings","floor":36.0,"turns":7.0},{"damage":13.0,"enemies":"Spire Growth","floor":38.0,"turns":5.0},{"damage":0.0,"enemies":"Maw","floor":39.0,"turns":7.0},{"damage":18.0,"enemies":"Nemesis","floor":41.0,"turns":9.0},{"damage":10.0,"enemies":"Transient","floor":42.0,"turns":6.0},{"damage":1.0,"enemies":"Giant Head","floor":46.0,"turns":6.0},{"damage":47.0,"enemies":"4 Shapes","floor":48.0,"turns":4.0},{"damage":33,"enemies":"Donu and Deca","floor":50,"turns":6},{"damage":35,"enemies":"Time Eater","floor":51,"turns":8},{"damage":75,"enemies":"Shield and Spear","floor":55,"turns":8},{"damage":51,"enemies":"The Heart","floor":56,"turns":2}],"seed_played":"-8422703552142531970","potions_obtained":[{"floor":4.0,"key":"SteroidPotion"},{"floor":8.0,"key":"Ancient Potion"},{"floor":10.0,"key":"GamblersBrew"},{"floor":16.0,"key":"DistilledChaos"}],"is_trial":false,"path_per_floor":["M","M","?","M","M","R","M","E","T","E","R","E","$","M","R","B",null,"M","?","M","?","M","R","E","M","T","R","M","?","?","M","R","B",null,"M","M","$","M","M","R","E","M","T","R","$","E","?","M","R","B","B",null,"R","$","E","B"],"character_chosen":"DEFECT","items_purchased":["Membership Card","Genetic Algorithm","Bottled Lightning","Pantograph","Secret Technique+1","Consume+1","Bottled Tornado","Coolheaded+1","Finesse+1","Static Discharge+1"],"campfire_rested":7,"item_purchase_floors":[13,13,37,37,37,45,54,54,54,54],"current_hp_per_floor":[62,55,55,48,48,48,38,28,38,15,41,35,35,7,33,10,69,56,56,54,54,51,51,46,32,32,58,52,52,45,47,73,38,76,57,35,35,22,29,55,44,41,41,67,67,73,73,33,33,39,36,75,88,88,20,0,0],"gold":106,"neow_bonus":"TEN_PERCENT_HP_BONUS","is_daily":false,"chose_seed":false,"campfire_upgraded":2,"win_rate":0.0,"timestamp":1614402874,"path_taken":["M","M","?","M","M","R","M","E","T","E","R","E","?","M","R","BOSS","M","?","M","?","M","R","E","?","T","R","M","?","?","M","R","BOSS","M","M","$","M","M","R","E","M","T","R","$","E","?","?","R","BOSS","BOSS","R","$","E","BOSS"],"items_purchased_type":["Relic","Card","Relic","Relic","Card","Card","Relic","Card","Card","Card"],"build_version":"2020-12-22","purchased_purges":3,"victory":false,"max_hp_per_floor":[78,78,78,78,78,78,78,78,88,88,88,88,88,88,88,88,88,88,88,88,88,88,88,88,88,88,88,88,88,88,88,88,88,88,88,88,88,88,88,88,88,88,88,88,88,88,88,88,88,88,88,88,88,88,88,88,88],"card_choices":[{"not_picked":["Rip and Tear","Stack"],"picked":"Barrage","floor":1.0},{"not_picked":["Hologram","Compile Driver"],"picked":"Lockon","floor":2.0},{"not_picked":["Barrage","Compile Driver"],"picked":"Chill","floor":4.0},{"not_picked":["Stack","Consume"],"picked":"Ball Lightning","floor":5.0},{"not_picked":["Rebound","Go for the Eyes"],"picked":"Compile Driver","floor":7.0},{"not_picked":["Recycle","Barrage","Reprogram"],"picked":"SKIP","floor":8.0},{"not_picked":["Coolheaded","Ball Lightning"],"picked":"Echo Form","floor":10.0},{"not_picked":["Doom and Gloom","Coolheaded"],"picked":"Reboot","floor":12.0},{"not_picked":["Glacier","Coolheaded"],"picked":"Defragment","floor":14.0},{"not_picked":["Steam Power","Beam Cell","Skim"],"picked":"SKIP","floor":14.0},{"not_picked":["Machine Learning","Seek"],"picked":"Core Surge","floor":16.0},{"not_picked":["Beam Cell","FTL"],"picked":"Aggregate","floor":18.0},{"not_picked":["Reprogram","Scrape"],"picked":"Undo","floor":18.0},{"not_picked":["Ball Lightning","Hologram"],"picked":"Self Repair","floor":20.0},{"not_picked":["Auto Shields","Ball Lightning"],"picked":"Turbo+1","floor":20.0},{"not_picked":["Hologram","Redo"],"picked":"Glacier","floor":22.0},{"not_picked":["Rebound","Aggregate","Leap"],"picked":"SKIP","floor":22.0},{"not_picked":["FTL","Leap","Stack+1"],"picked":"SKIP","floor":24.0},{"not_picked":["Leap","Redo"],"picked":"Blizzard","floor":25.0},{"not_picked":["Loop","Rip and Tear","Leap"],"picked":"SKIP","floor":25.0},{"not_picked":["Darkness+1","Storm"],"picked":"Biased Cognition","floor":28.0},{"not_picked":["Rebound","Beam Cell","Chaos+1"],"picked":"SKIP","floor":28.0},{"not_picked":["Hologram+1","Rebound"],"picked":"Capacitor+1","floor":30.0},{"not_picked":["Steam+1","Lockon"],"picked":"Force Field+1","floor":31.0},{"not_picked":["Redo+1","Steam+1","Compile Driver"],"picked":"SKIP","floor":31.0},{"not_picked":["Biased Cognition+1","Amplify+1"],"picked":"Creative AI+1","floor":33.0},{"not_picked":["Lockon","Rebound"],"picked":"Double Energy+1","floor":35.0},{"not_picked":["Redo+1","Conserve Battery+1","Gash"],"picked":"SKIP","floor":35.0},{"not_picked":["Sweeping Beam","Steam+1","Redo+1"],"picked":"SKIP","floor":36.0},{"not_picked":["Rebound","Ball Lightning","Hologram+1"],"picked":"SKIP","floor":36.0},{"not_picked":["Auto Shields+1","Reprogram+1"],"picked":"Electrodynamics+1","floor":38.0},{"not_picked":["Conserve Battery+1","Stack+1"],"picked":"Coolheaded+1","floor":38.0},{"not_picked":["Hologram+1","Force Field+1"],"picked":"Skim+1","floor":39.0},{"not_picked":["Static Discharge+1","Sunder","Cold Snap"],"picked":"SKIP","floor":39.0},{"not_picked":["Aggregate+1","Sunder","Sweeping Beam+1"],"picked":"SKIP","floor":41.0},{"not_picked":["Gash","Reboot+1"],"picked":"Coolheaded+1","floor":42.0},{"not_picked":["Darkness+1","Sunder"],"picked":"Stack+1","floor":42.0},{"not_picked":["Machine Learning+1","BootSequence+1","Barrage"],"picked":"SKIP","floor":46.0},{"not_picked":["Rebound","Darkness+1"],"picked":"Steam Power+1","floor":48.0},{"not_picked":["Scrape","Genetic Algorithm+1","Turbo+1"],"picked":"SKIP","floor":48.0},{"not_picked":["Chaos+1","BootSequence+1","Capacitor+1"],"picked":"SKIP","floor":55}],"player_experience":1043941,"relics_obtained":[{"floor":8.0,"key":"Shuriken"},{"floor":9.0,"key":"Pear"},{"floor":10.0,"key":"Centennial Puzzle"},{"floor":12.0,"key":"Prayer Wheel"},{"floor":24.0,"key":"Matryoshka"},{"floor":26.0,"key":"DataDisk"},{"floor":26.0,"key":"Toxic Egg 2"},{"floor":30.0,"key":"Du-Vu Doll"},{"floor":30.0,"key":"Frozen Egg 2"},{"floor":41.0,"key":"Nunchaku"},{"floor":43.0,"key":"Blue Candle"},{"floor":46.0,"key":"Old Coin"},{"floor":55,"key":"Cables"}],"event_choices":[{"cards_removed":["Strike_B"],"damage_healed":0.0,"max_hp_gain":0.0,"max_hp_loss":0.0,"gold_gain":0.0,"event_name":"Purifier","player_choice":"Purged","floor":3.0,"gold_loss":0.0,"damage_taken":0.0},{"damage_healed":0.0,"max_hp_gain":0.0,"max_hp_loss":0.0,"gold_gain":0.0,"event_name":"Ghosts","player_choice":"Ignored","floor":19.0,"gold_loss":0.0,"damage_taken":0.0},{"damage_healed":0.0,"max_hp_gain":0.0,"max_hp_loss":0.0,"gold_gain":0.0,"event_name":"WeMeetAgain","player_choice":"Gave Potion","floor":21.0,"gold_loss":0.0,"damage_taken":0.0,"relics_obtained":["CaptainsWheel"]},{"damage_healed":0.0,"max_hp_gain":0.0,"max_hp_loss":0.0,"gold_gain":0.0,"cards_transformed":["Strike_B","Strike_B"],"event_name":"Drug Dealer","player_choice":"Became Test Subject","floor":29.0,"gold_loss":0.0,"damage_taken":0.0,"cards_obtained":["Rebound","Ball Lightning"]},{"damage_healed":0.0,"max_hp_gain":0.0,"max_hp_loss":0.0,"gold_gain":0.0,"event_name":"Colosseum","player_choice":"Fight","floor":30.0,"gold_loss":0.0,"damage_taken":0.0},{"damage_healed":0.0,"max_hp_gain":0.0,"max_hp_loss":0.0,"gold_gain":0.0,"event_name":"Colosseum","player_choice":"Fought Nobs","floor":30.0,"gold_loss":0.0,"damage_taken":0.0},{"damage_healed":0.0,"max_hp_gain":0.0,"max_hp_loss":0.0,"gold_gain":0.0,"event_name":"Lab","player_choice":"Got Potions","floor":47.0,"gold_loss":0.0,"damage_taken":0.0}],"is_beta":false,"boss_relics":[{"not_picked":["Inserter","SacredBark"],"picked":"Sozu"},{"not_picked":["Philosopher\u0027s Stone","Black Star"],"picked":"Fusion Hammer"}],"items_purged_floors":[13,37,54],"is_endless":false,"potions_floor_spawned":[4,8,10,16,24,28,30,30,33,35,36,48],"killed_by":"The Heart","ascension_level":20}}