{"host":"q4axc00jr2bozlh9","time":1614418773,"event":{"mods":["AchievementEnabler","BaseMod","Bestiary","Block Reminder","Colored Map","Colored Powertips","Curses Come First","Minty Spire (QoL Compilation)","Permanent Neow","Quick Restart","Rare Cards Sparkle","Relic Stats","StSLib","SuperFastMode","UnlockEverythingMod","Weighted Paths"],"gold_per_floor":[110,120,130,150,160,190,190,208,208,224,240,240,18,52,52,155,155,167,167,185,200,115,115,148,159,159,179,192,192,225,26,26,123,123,143,217,217,217,234,234,263,282,305,321,350,56,66,79,79,79,79,79,29,57,57,57],"floor_reached":55,"language":"ENG","playtime":3425,"items_purged":["Regret","Strike_R","Strike_R","Strike_R"],"score":785,"play_id":"353de19f-d947-4216-96c2-1685ee48a87e","local_time":"20210227103933","is_ascension_mode":false,"campfire_choices":[{"data":"True Grit","floor":7,"key":"SMITH"},{"floor":15,"key":"REST"},{"data":"Juggernaut","floor":23,"key":"SMITH"},{"data":"Metallicize","floor":29,"key":"SMITH"},{"floor":32,"key":"REST"},{"floor":40,"key":"RECALL"},{"data":"Metallicize","floor":49,"key":"SMITH"},{"data":"Body Slam","floor":52,"key":"SMITH"}],"circlet_count":0,"master_deck":["Defend_R","Defend_R+1","Defend_R","Defend_R","Bash","Feel No Pain","Juggernaut+1","True Grit+1","Metallicize+1","Ghostly Armor","Second Wind+1","Warcry","Shrug It Off","Seeing Red","Ghostly Armor","Metallicize+1","Metallicize+1","Intimidate","Impatience","Juggernaut","Madness","Body Slam+1","Entrench+1"],"relics":["Burning Blood","Toy Ornithopter","Bottled Tornado","PreservedInsect","Blood Vial","Matryoshka","Runic Dome","InkBottle","Smiling Mask","Centennial Puzzle","FossilizedHelix","Vajra","War Paint","Velvet Choker","Bronze Scales","Oddly Smooth Stone","Art of War","Blue Candle","Toolbox","Bag of Marbles"],"acts_visited":["Exordium","TheCity","TheBeyond","TheEnding"],"potions_floor_usage":[5,8,14,47,50,55],"damage_taken":[{"damage":13,"enemies":"Jaw Worm","floor":1,"turns":7},{"damage":2,"enemies":"2 Louse","floor":2,"turns":3},{"damage":5,"enemies":"Cultist","floor":3,"turns":5},{"damage":9,"enemies":"3 Louse","floor":4,"turns":4},{"damage":3,"enemies":"Large Slime","floor":5,"turns":6},{"damage":53,"enemies":"Gremlin Nob","floor":6,"turns":7},{"damage":1,"enemies":"Gremlin Gang","floor":8,"turns":3},{"damage":10,"enemies":"Lots of Slimes","floor":10,"turns":5},{"damage":3,"enemies":"Blue Slaver","floor":11,"turns":4},{"damage":8,"enemies":"3 Sentries","floor":14,"turns":5},{"damage":0,"enemies":"The Guardian","floor":16,"turns":13},{"damage":0,"enemies":"Spheric Guardian","floor":18,"turns":5},{"damage":1,"enemies":"Chosen","floor":20,"turns":5},{"damage":0,"enemies":"Snecko","floor":21,"turns":6},{"damage":20,"enemies":"Slavers","floor":24,"turns":5},{"damage":13,"enemies":"Centurion and Healer","floor":25,"turns":7},{"damage":0,"enemies":"3 Cultists","floor":27,"turns":6},{"damage":0,"enemies":"Snecko","floor":28,"turns":6},{"damage":36,"enemies":"Gremlin Leader","floor":30,"turns":8},{"damage":26,"enemies":"Collector","floor":33,"turns":16},{"damage":0,"enemies":"3 Shapes","floor":35,"turns":5},{"damage":0,"enemies":"Orb Walker","floor":39,"turns":3},{"damage":12,"enemies":"Nemesis","floor":41,"turns":5},{"damage":4,"enemies":"Jaw Worm Horde","floor":42,"turns":6},{"damage":0,"enemies":"3 Darklings","floor":44,"turns":5},{"damage":16,"enemies":"Reptomancer","floor":45,"turns":6},{"damage":0,"enemies":"4 Shapes","floor":47,"turns":4},{"damage":0,"enemies":"Transient","floor":48,"turns":5},{"damage":30,"enemies":"Awakened One","floor":50,"turns":11},{"damage":25,"enemies":"Shield and Spear","floor":54,"turns":6},{"damage":63,"enemies":"The Heart","floor":55,"turns":8}],"seed_played":"720786682713184768","potions_obtained":[{"floor":1,"key":"LiquidMemories"},{"floor":2,"key":"Explosive Potion"},{"floor":5,"key":"PowerPotion"},{"floor":8,"key":"AttackPotion"},{"floor":16,"key":"PowerPotion"},{"floor":20,"key":"ElixirPotion"},{"floor":28,"key":"Fire Potion"},{"floor":39,"key":"BloodPotion"}],"is_trial":false,"path_per_floor":["M","M","M","M","M","E","R","M","T","M","M","?","$","E","R","B",null,"M","?","M","M","?","R","E","M","T","M","M","R","E","$","R","B",null,"M","T","?","?","M","R","E","M","T","M","E","$","M","M","R","B",null,"R","$","E","B"],"character_chosen":"IRONCLAD","items_purchased":["Blood Vial","War Paint","Madness","Toolbox"],"campfire_rested":2,"item_purchase_floors":[13,31,46,46],"current_hp_per_floor":[65,69,70,67,70,23,23,33,33,29,32,32,32,37,58,66,72,72,72,72,72,72,72,58,53,53,61,69,69,41,41,62,44,72,72,72,72,65,72,72,66,70,70,72,62,62,72,72,72,67,72,72,72,53,0,0],"gold":57,"neow_bonus":"TRANSFORM_TWO_CARDS","is_daily":false,"chose_seed":false,"campfire_upgraded":5,"win_rate":0.0,"timestamp":1614418773,"path_taken":["M","M","M","M","M","E","R","M","T","M","M","?","$","E","R","BOSS","M","?","M","M","?","R","E","M","T","?","M","R","E","$","R","BOSS","M","?","?","?","?","R","E","?","T","M","E","$","M","M","R","BOSS","R","$","E","BOSS"],"items_purchased_type":["Relic","Relic","Card","Relic"],"build_version":"2020-12-22","purchased_purges":4,"victory":false,"max_hp_per_floor":[72,72,72,72,72,72,72,72,72,72,72,72,72,72,72,72,72,72,72,72,72,72,72,72,72,72,72,72,72,72,72,72,72,72,72,72,72,72,72,72,72,72,72,72,72,72,72,72,72,72,72,72,72,72,72,72],"relic_stats":{"counters":[31,190],"Blue Candle":[0],"PreservedInsect":289,"War Paint":["Defend_R","Second Wind"],"Smiling Mask":225,"Burning Blood":141,"Blood Vial":24,"Centennial Puzzle":[24],"Bronze Scales":[321],"Art of War":[18],"obtain_stats":[{"Blue Candle":45,"Vajra":30,"Velvet Choker":34,"Oddly Smooth Stone":41,"PreservedInsect":12,"Bottled Tornado":9,"War Paint":31,"Smiling Mask":24,"Burning Blood":0,"Blood Vial":13,"Runic Dome":17,"Centennial Puzzle":26,"Matryoshka":14,"Bronze Scales":36,"Toolbox":46,"Art of War":43,"Bag of Marbles":54,"Toy Ornithopter":6,"InkBottle":22,"FossilizedHelix":26},{"Blue Candle":26,"Vajra":19,"Velvet Choker":20,"Oddly Smooth Stone":23,"PreservedInsect":9,"Bottled Tornado":7,"War Paint":19,"Smiling Mask":15,"Burning Blood":0,"Blood Vial":9,"Runic Dome":11,"Centennial Puzzle":16,"Matryoshka":10,"Bronze Scales":21,"Toolbox":26,"Art of War":24,"Bag of Marbles":30,"Toy Ornithopter":6,"InkBottle":14,"FossilizedHelix":16},{"Blue Candle":156,"Vajra":110,"Velvet Choker":126,"Oddly Smooth Stone":139,"PreservedInsect":44,"Bottled Tornado":35,"War Paint":110,"Smiling Mask":83,"Burning Blood":0,"Blood Vial":44,"Runic Dome":62,"Centennial Puzzle":90,"Matryoshka":49,"Bronze Scales":131,"Toolbox":156,"Art of War":145,"Bag of Marbles":182,"Toy Ornithopter":32,"InkBottle":78,"FossilizedHelix":90}],"Toy Ornithopter":25,"InkBottle":[49]},"card_choices":[{"not_picked":["Anger","Burning Pact"],"picked":"True Grit","floor":1},{"not_picked":["Dropkick","Rage"],"picked":"Metallicize","floor":2},{"not_picked":["Thunderclap","Feel No Pain"],"picked":"Ghostly Armor","floor":3},{"not_picked":["Carnage","Combust"],"picked":"Second Wind","floor":4},{"not_picked":["Pommel Strike","Thunderclap"],"picked":"Warcry","floor":5},{"not_picked":["Sword Boomerang","Dark Embrace","Reaper"],"picked":"SKIP","floor":6},{"not_picked":["Body Slam","Heavy Blade"],"picked":"Shrug It Off","floor":8},{"not_picked":["Whirlwind","Combust","Wild Strike"],"picked":"SKIP","floor":10},{"not_picked":["Sword Boomerang","Reckless Charge"],"picked":"Seeing Red","floor":11},{"not_picked":["Flex","Twin Strike"],"picked":"Ghostly Armor","floor":14},{"not_picked":["Havoc","Dark Embrace","Warcry"],"picked":"SKIP","floor":18},{"not_picked":["Blood for Blood+1","Fire Breathing+1"],"picked":"Metallicize+1","floor":20},{"not_picked":["Flame Barrier","Spot Weakness"],"picked":"Metallicize","floor":21},{"not_picked":["Whirlwind","Flex+1","Twin Strike"],"picked":"SKIP","floor":24},{"not_picked":["Flex","Iron Wave","Berserk"],"picked":"SKIP","floor":25},{"not_picked":["Heavy Blade","Second Wind","Wild Strike"],"picked":"SKIP","floor":27},{"not_picked":["Burning Pact","Thunderclap+1","Clash+1"],"picked":"SKIP","floor":28},{"not_picked":["Clothesline","Thunderclap","Wild Strike"],"picked":"SKIP","floor":30},{"not_picked":["Fire Breathing+1","Twin Strike+1"],"picked":"Intimidate","floor":35},{"not_picked":["PanicButton","Bandage Up"],"picked":"Impatience","floor":37},{"not_picked":["Hemokinesis","Shockwave","Clothesline"],"picked":"SKIP","floor":39},{"not_picked":["Sentinel","Searing Blow","Havoc"],"picked":"SKIP","floor":41},{"not_picked":["Intimidate","Havoc+1","Headbutt+1"],"picked":"SKIP","floor":42},{"not_picked":["Anger+1","Clothesline","Iron Wave+1"],"picked":"SKIP","floor":44},{"not_picked":["Cleave+1","Seeing Red"],"picked":"Juggernaut","floor":45},{"not_picked":["Power Through","Dual Wield"],"picked":"Body Slam","floor":47},{"not_picked":["True Grit+1","Rampage"],"picked":"Entrench+1","floor":48},{"not_picked":["Warcry+1","Body Slam","Twin Strike"],"picked":"SKIP","floor":54}],"player_experience":304723,"relics_obtained":[{"floor":6,"key":"Toy Ornithopter"},{"floor":9,"key":"Bottled Tornado"},{"floor":14,"key":"Matryoshka"},{"floor":24,"key":"Smiling Mask"},{"floor":26,"key":"Centennial Puzzle"},{"floor":26,"key":"FossilizedHelix"},{"floor":30,"key":"Vajra"},{"floor":36,"key":"Bronze Scales"},{"floor":41,"key":"Oddly Smooth Stone"},{"floor":43,"key":"Art of War"},{"floor":45,"key":"Blue Candle"},{"floor":54,"key":"Bag of Marbles"}],"event_choices":[{"damage_healed":0,"gold_gain":0,"player_choice":"Box","damage_taken":0,"relics_obtained":["PreservedInsect"],"max_hp_gain":0,"max_hp_loss":0,"event_name":"Big Fish","floor":12,"gold_loss":0,"cards_obtained":["Regret"]},{"damage_healed":0,"gold_gain":0,"player_choice":"Ignored","damage_taken":0,"max_hp_gain":0,"max_hp_loss":0,"event_name":"Vampires","floor":19,"gold_loss":0},{"damage_healed":0,"gold_gain":0,"player_choice":"Obtained Relic","damage_taken":0,"relics_obtained":["InkBottle"],"max_hp_gain":0,"max_hp_loss":0,"event_name":"Addict","floor":22,"gold_loss":85},{"damage_healed":0,"gold_gain":0,"player_choice":"Memory 1","damage_taken":0,"max_hp_gain":0,"max_hp_loss":0,"event_name":"SensoryStone","floor":37,"gold_loss":0},{"damage_healed":0,"gold_gain":0,"player_choice":"Damaged","damage_taken":7,"max_hp_gain":0,"max_hp_loss":0,"event_name":"Wheel of Change","floor":38,"gold_loss":0}],"is_beta":false,"boss_relics":[{"not_picked":["Pandora\u0027s Box","Black Blood"],"picked":"Runic Dome"},{"not_picked":["Runic Cube","Astrolabe"],"picked":"Velvet Choker"}],"items_purged_floors":[13,31,46,53],"is_endless":false,"potions_floor_spawned":[1,2,5,8,16,20,24,28,35,39,44,45],"killed_by":"The Heart","ascension_level":0}}