{"host":"1fg35w36yojk0fzz","time":1614452943,"event":{"mods":["AchievementEnabler","Act Like it!","BaseMod","Better Note","BetterRewards","CapriCore","Defuse TimeMaze Blight","Gensokyo","KinomotoSakuraMod(ñÿîVñ{?)","Koishi","MarisaÅiñ∂âJÅ@ñÇóùçπÅj","Minty Spire (QoL Compilation)","Relic Stats","Replay The Spire","Shop Mod","StSLib","Wandering Minibosses"],"gold_per_floor":[136,151,151,183,27,27,57,57,57,92,92,92,127,21,21,97,197,242,242,461,481,520,547,547,547],"floor_reached":24,"language":"ENG","playtime":2901,"items_purged":["Koishi:BasicStrike","Voices"],"score":592,"play_id":"67a54db3-a301-4273-97eb-342ce509d07c","local_time":"20210228040903","is_ascension_mode":true,"campfire_choices":[{"data":"HandOfGreed","floor":6,"key":"SMITH"},{"data":"Koishi:GeneticsOfTheUnconscious","floor":8,"key":"SMITH"},{"floor":15,"key":"REST"}],"circlet_count":0,"master_deck":["AscendersBane","Koishi:BasicStrike","Koishi:BasicStrike","Koishi:BasicDefend","Koishi:BasicDefend","Koishi:BasicDefend","Koishi:Provoke","Koishi:HauntingSlash","Koishi:GeneticsOfTheUnconscious+1","Sadistic Nature","Koishi:FreudianInstinct","Koishi:Untouchable","HandOfGreed+1","Koishi:Vanish","Koishi:Possession","Koishi:VengefulSpirit","Replay:Bootleg Shield Generator","Koishi:HeartAttack","Koishi:GhostParty","Koishi:MentalBreakdown","Koishi:SilentAndRestless+1","Koishi:ConfinedInnocent","Koishi:SilentAndRestless","Koishi:FleetingPhantom","Writhe","Koishi:JumpScare","Koishi:GrowingPain"],"relics":["Koishi:ImaginaryFriend","Du-Vu Doll","MerchantsRug","Ring of Fury","ReplayTheSpireMod:Ring of Collecting","Counterbalance","ReplayTheSpireMod:Ring of Exchange","Gensokyo:Mercy","Replay:Wanted Poster","Oddly Smooth Stone"],"acts_visited":["Exordium","Gensokyo:Gensokyo"],"potions_floor_usage":[7,7,13,21,22,24],"damage_taken":[{"damage":0.0,"enemies":"Gensokyo:2_Kodama","floor":1.0,"turns":4.0},{"damage":11.0,"enemies":"Gensokyo:3_Fairies","floor":2.0,"turns":6.0},{"damage":0,"enemies":"Gensokyo:Gryphon","floor":4,"turns":2},{"damage":7,"enemies":"Gensokyo:Cirno","floor":7,"turns":7},{"damage":0,"enemies":"Gensokyo:LivingMonolith","floor":10,"turns":2},{"damage":8,"enemies":"Gensokyo:3_Kodama","floor":13,"turns":7},{"damage":10,"enemies":"Gensokyo:Reimu","floor":16,"turns":17},{"damage":7,"enemies":"Gensokyo:2_Gloops","floor":18,"turns":7},{"damage":1,"enemies":"Gensokyo:CosmicMonolith","floor":20,"turns":5},{"damage":13,"enemies":"Gensokyo:Wraith","floor":21,"turns":6},{"damage":12,"enemies":"Gensokyo:Monolith_and_Dog","floor":22,"turns":5},{"damage":24,"enemies":"Gensokyo:Tenshi","floor":23,"turns":7},{"damage":7,"enemies":"Gensokyo:Swordslinger","floor":24,"turns":1}],"seed_played":"-2421977687940254989","potions_obtained":[{"floor":10,"key":"Block Potion"},{"floor":13,"key":"Adrenaline Potion"},{"floor":16,"key":"GamblersBrew"},{"floor":18,"key":"DuplicationPotion"},{"floor":21,"key":"DistilledChaos"}],"is_trial":false,"path_per_floor":["M","M","?","M","$","R","E","R","T","M","?","?","M","COS","R","B",null,"M","?","M","M","M","E","M"],"character_chosen":"KOISHI","items_purchased":["BargainBundle","Regen Potion","Koishi:GeneticsOfTheUnconscious","Fire Potion","Koishi:HeartAttack","Sadistic Nature","Koishi:FreudianInstinct","Koishi:Untouchable","HandOfGreed","MerchantsRug","Replay:Bootleg Shield Generator"],"campfire_rested":1,"item_purchase_floors":[0,0,0,0,0,0,0,0,0,0,5],"current_hp_per_floor":[21,11,11,12,12,12,21,21,21,21,21,21,15,15,32,24,49,48,48,48,37,28,7,0,0],"gold":547,"neow_bonus":"","is_daily":false,"chose_seed":false,"campfire_upgraded":2,"win_rate":0.0,"timestamp":1614452943,"path_taken":["M","M","?","M","$","R","E","R","T","M","?","?","?","COS","R","BOSS","M","?","M","M","M","E","M"],"items_purchased_type":["Relic","Potion","Card","Potion","Card","Card","Card","Card","Card","Relic","Card"],"build_version":"2020-12-22","purchased_purges":2,"victory":false,"max_hp_per_floor":[57,57,57,57,57,57,57,57,57,57,57,57,57,57,57,57,57,57,57,57,57,57,57,57,57],"relic_stats":{"counters":[45,263],"obtain_stats":[{"Golden Egg":9,"ReplayTheSpireMod:Ring of Exchange":9,"SacredBark":17,"Vajra":8,"Blue Doll":0,"Mango":0,"Gensokyo:NagashiBinaDoll":4,"Boot":6,"Gensokyo:PortableGap":15,"Smiling Mask":31,"Replay:Rubber Ducky":0,"Old Coin":20,"Replay:Wanted Poster":17,"Frozen Eye":6,"BranchBurnRelic":24,"Replay:Bandana":12,"HornCleat":25,"Prayer Wheel":0,"Iron Hammer":26,"Replay:Wax Seal":12,"Koishi:BloodstainedWhiteRose":23,"Koishi:LettersToReimu":27,"MerchantsRug":0,"BargainBundle":0,"Pear":10,"ReplayTheSpireMod:Ninjato":11,"Happy Flower":11,"ReplayTheSpireMod:Ring of Sloth":12,"Dead Branch":20,"Counterbalance":7,"Oddly Smooth Stone":23,"Omamori":0,"Ring of Greed":12,"Du-Vu Doll":0,"Gensokyo:Mercy":7,"ReplayTheSpireMod:Ring of Collecting":3,"Ring of Fury":3,"Turnip":15,"ReplayTheSpireMod:TigerMarble":29,"Membership Card":19,"ReplayTheSpireMod:Ring of Challenge":31,"hermit:Momento":0,"Koishi:ImaginaryFriend":6},{"Golden Egg":14,"ReplayTheSpireMod:Ring of Exchange":36,"SacredBark":25,"Vajra":22,"Blue Doll":18,"Mango":18,"Gensokyo:NagashiBinaDoll":13,"Boot":21,"Gensokyo:PortableGap":24,"Smiling Mask":31,"Replay:Rubber Ducky":18,"Old Coin":27,"Replay:Wanted Poster":39,"Frozen Eye":21,"BranchBurnRelic":28,"Replay:Bandana":15,"HornCleat":29,"Prayer Wheel":18,"Iron Hammer":29,"Replay:Wax Seal":15,"Koishi:BloodstainedWhiteRose":28,"Koishi:LettersToReimu":30,"MerchantsRug":18,"BargainBundle":32,"Pear":15,"ReplayTheSpireMod:Ninjato":23,"Happy Flower":15,"ReplayTheSpireMod:Ring of Sloth":15,"Dead Branch":27,"Counterbalance":36,"Oddly Smooth Stone":44,"Omamori":18,"Ring of Greed":15,"Du-Vu Doll":32,"Gensokyo:Mercy":14,"ReplayTheSpireMod:Ring of Collecting":34,"Ring of Fury":34,"Turnip":17,"ReplayTheSpireMod:TigerMarble":31,"Membership Card":26,"ReplayTheSpireMod:Ring of Challenge":31,"hermit:Momento":0,"Koishi:ImaginaryFriend":21},{"Golden Egg":82,"ReplayTheSpireMod:Ring of Exchange":206,"SacredBark":145,"Vajra":127,"Blue Doll":103,"Mango":103,"Gensokyo:NagashiBinaDoll":80,"Boot":119,"Gensokyo:PortableGap":135,"Smiling Mask":185,"Replay:Rubber Ducky":103,"Old Coin":159,"Replay:Wanted Poster":232,"Frozen Eye":113,"BranchBurnRelic":166,"Replay:Bandana":88,"HornCleat":173,"Prayer Wheel":103,"Iron Hammer":173,"Replay:Wax Seal":88,"Koishi:BloodstainedWhiteRose":166,"Koishi:LettersToReimu":178,"MerchantsRug":103,"BargainBundle":187,"Pear":88,"ReplayTheSpireMod:Ninjato":131,"Happy Flower":88,"ReplayTheSpireMod:Ring of Sloth":88,"Dead Branch":159,"Counterbalance":206,"Oddly Smooth Stone":262,"Omamori":103,"Ring of Greed":88,"Du-Vu Doll":187,"Gensokyo:Mercy":82,"ReplayTheSpireMod:Ring of Collecting":197,"Ring of Fury":197,"Turnip":96,"ReplayTheSpireMod:TigerMarble":185,"Membership Card":151,"ReplayTheSpireMod:Ring of Challenge":185,"hermit:Momento":0,"Koishi:ImaginaryFriend":119}]},"card_choices":[{"not_picked":["Koishi:ParalyzingFear","Koishi:SubconsciousSweep"],"picked":"Koishi:Vanish","floor":1.0},{"not_picked":["Koishi:FleetingPhantom","Koishi:StrangeCloudFist"],"picked":"Koishi:Possession","floor":2.0},{"not_picked":["Koishi:UnansweredLove","Koishi:GeneticsOfTheUnconscious"],"picked":"Koishi:VengefulSpirit","floor":4},{"not_picked":["Koishi:PhantomStrike","Koishi:EmbryosDream"],"picked":"Koishi:HeartAttack","floor":7},{"not_picked":["Koishi:JumpScare","Koishi:GeneticsOfTheUnconscious"],"picked":"Koishi:GhostParty","floor":10},{"not_picked":["Koishi:MassHysteria","Koishi:StrangeCloudFist"],"picked":"Koishi:MentalBreakdown","floor":13},{"not_picked":["Koishi:ConfinedInnocent+1","Koishi:TerrifyingSpectre+1"],"picked":"Koishi:SilentAndRestless+1","floor":16},{"not_picked":["Koishi:RollingInRichesHeart","Koishi:MindStellarRelief"],"picked":"Koishi:ConfinedInnocent","floor":16},{"not_picked":["Koishi:FadingMemory","Koishi:RollingInRichesHeart"],"picked":"Koishi:SilentAndRestless","floor":18},{"not_picked":["Koishi:SpiritedAway","Koishi:Jaunt"],"picked":"Koishi:FleetingPhantom","floor":18},{"not_picked":["Koishi:FleetingPhantom","Koishi:VengefulSpirit"],"picked":"Koishi:JumpScare","floor":20},{"not_picked":["Koishi:DreadfulBlow","Koishi:BloodcurdlingScream","Koishi:UnansweredLove"],"picked":"SKIP","floor":21},{"not_picked":["Koishi:Prune","Koishi:ReleaseOfTheId+1"],"picked":"Koishi:GrowingPain","floor":22},{"not_picked":["Koishi:EmbryosDream","Koishi:JumpScare","Koishi:Jaunt"],"picked":"SKIP","floor":23}],"player_experience":578173,"relics_obtained":[{"floor":3.0,"key":"Ring of Fury"},{"floor":3.0,"key":"ReplayTheSpireMod:Ring of Collecting"},{"floor":7,"key":"Counterbalance"},{"floor":9,"key":"ReplayTheSpireMod:Ring of Exchange"},{"floor":23,"key":"Oddly Smooth Stone"}],"event_choices":[],"is_beta":false,"boss_relics":[{"not_picked":["Replay:Drink Me","ReplayTheSpireMod:DimensionalGlitch"],"picked":"Replay:Wanted Poster"}],"items_purged_floors":[0,5],"is_endless":false,"potions_floor_spawned":[2,4,10,13,16,18,21],"killed_by":"Gensokyo:Swordslinger","ascension_level":19}}