{"host":"1ot21gvocus9hpzo","time":1614387971,"event":{"mods":["BaseMod","Colored Map","Colored Powertips","Infinite Spire","Minty Spire (QoL Compilation)","StSLib"],"gold_per_floor":[119,119,136,152,172,172,182,182,182,193,193,118,135,150,150,224,224,242,242,262,279,279,279,279,279],"floor_reached":24,"language":"ENG","playtime":797,"items_purged":["Pain"],"score":384,"play_id":"f420cb82-037e-48bf-8242-715ce9aec640","local_time":"20210226170611","is_ascension_mode":true,"campfire_choices":[{"data":"Neutralize","floor":6,"key":"SMITH"},{"data":"Poisoned Stab","floor":8,"key":"SMITH"},{"data":"Cloak And Dagger","floor":11,"key":"SMITH"},{"data":"Dodge and Roll","floor":15,"key":"SMITH"},{"floor":23,"key":"REST"}],"circlet_count":0,"master_deck":["AscendersBane","Strike_G","Strike_G","Strike_G","Defend_G","Defend_G","Defend_G","Defend_G","Defend_G","Survivor","Neutralize+1","Poisoned Stab+1","Dodge and Roll+1","Cloak And Dagger+1","Bane","Terror","Bane","Malaise","Poisoned Stab","Footwork","A Thousand Cuts","Dodge and Roll"],"relics":["Ring of the Snake","WarpedTongs","Akabeko","Runic Pyramid"],"acts_visited":["Exordium","TheCity"],"potions_floor_usage":[14,16],"damage_taken":[{"damage":1,"enemies":"2 Louse","floor":1,"turns":3},{"damage":7,"enemies":"Cultist","floor":3,"turns":4},{"damage":1,"enemies":"Small Slimes","floor":4,"turns":3},{"damage":7,"enemies":"Exordium Wildlife","floor":5,"turns":6},{"damage":3,"enemies":"Blue Slaver","floor":7,"turns":5},{"damage":6,"enemies":"2 Fungi Beasts","floor":10,"turns":3},{"damage":2,"enemies":"Lots of Slimes","floor":13,"turns":5},{"damage":1,"enemies":"Blue Slaver","floor":14,"turns":4},{"damage":18,"enemies":"Hexaghost","floor":16,"turns":9},{"damage":18,"enemies":"Shell Parasite","floor":18,"turns":5},{"damage":16,"enemies":"3 Byrds","floor":20,"turns":6},{"damage":3,"enemies":"Snake Plant","floor":21,"turns":5},{"damage":51,"enemies":"Gremlin Leader","floor":24,"turns":3}],"seed_played":"-2880135566931944389","potions_obtained":[{"floor":3,"key":"Swift Potion"},{"floor":4,"key":"Regen Potion"}],"is_trial":false,"path_per_floor":["M","?","M","M","M","R","M","R","T","M","R","$","M","M","R","B",null,"M","?","M","M","?","R","E"],"character_chosen":"THE_SILENT","items_purchased":[],"campfire_rested":1,"item_purchase_floors":[],"current_hp_per_floor":[64,64,57,56,49,49,46,46,46,40,40,40,38,49,49,31,62,44,44,28,25,25,46,0,0],"gold":279,"neow_bonus":"TEN_PERCENT_HP_BONUS","is_daily":false,"chose_seed":false,"campfire_upgraded":4,"win_rate":0.0,"timestamp":1614387971,"path_taken":["M","?","?","M","M","R","M","R","T","M","R","$","M","M","R","BOSS","M","?","M","M","?","R","E"],"items_purchased_type":[],"build_version":"2020-12-22","purchased_purges":1,"victory":false,"max_hp_per_floor":[72,72,72,72,72,72,72,72,72,72,72,72,72,72,72,72,72,72,72,72,72,72,72,72,72],"card_choices":[{"not_picked":["Dodge and Roll","Slice"],"picked":"Poisoned Stab","floor":1},{"not_picked":["Dagger Spray","Acrobatics","Setup"],"picked":"SKIP","floor":3},{"not_picked":["Leg Sweep","Flying Knee"],"picked":"Dodge and Roll","floor":4},{"not_picked":["Wraith Form v2","Calculated Gamble","Outmaneuver"],"picked":"SKIP","floor":5},{"not_picked":["Sucker Punch","Catalyst"],"picked":"Cloak And Dagger","floor":7},{"not_picked":["Acrobatics","Predator"],"picked":"Bane","floor":10},{"not_picked":["Quick Slash","Slice"],"picked":"Terror","floor":13},{"not_picked":["Infinite Blades","PiercingWail"],"picked":"Bane","floor":14},{"not_picked":["Unload","A Thousand Cuts"],"picked":"Malaise","floor":16},{"not_picked":["Catalyst","Bane"],"picked":"Poisoned Stab","floor":18},{"not_picked":["Dagger Spray","Heel Hook","Prepared"],"picked":"SKIP","floor":20},{"not_picked":["Poisoned Stab","Finisher"],"picked":"Dodge and Roll","floor":21}],"player_experience":3877507,"relics_obtained":[{"floor":9,"key":"Akabeko"}],"event_choices":[{"damage_healed":0,"gold_gain":0,"player_choice":"Rummage","damage_taken":0,"relics_obtained":["WarpedTongs"],"max_hp_gain":0,"max_hp_loss":0,"event_name":"Accursed Blacksmith","floor":2,"gold_loss":0,"cards_obtained":["Pain"]},{"damage_healed":0,"gold_gain":0,"cards_transformed":["Strike_G","Strike_G"],"player_choice":"Became Test Subject","damage_taken":0,"max_hp_gain":0,"max_hp_loss":0,"event_name":"Drug Dealer","floor":19,"gold_loss":0,"cards_obtained":["Footwork","A Thousand Cuts"]},{"damage_healed":0,"gold_gain":0,"player_choice":"Ignored","damage_taken":0,"max_hp_gain":0,"max_hp_loss":0,"event_name":"Ghosts","floor":22,"gold_loss":0}],"is_beta":false,"boss_relics":[{"not_picked":["Velvet Choker","Ectoplasm"],"picked":"Runic Pyramid"}],"items_purged_floors":[12],"is_endless":false,"potions_floor_spawned":[3,4,5,7],"killed_by":"Gremlin Leader","ascension_level":20}}