{"host":"i0m6ffz3lpe3z1ky","time":1614402495,"event":{"mods":["Aspiration","BaseMod","Bestiary","BetterRewards","Colored Map","Conspire","Energized Spire","Highlight Path","Hubris","Ironclad Rager","Minty Spire (QoL Compilation)","Quick Restart","Reliquary","Shop Mod","Spicy Shops","StSLib","Thieving Mod"],"gold_per_floor":[110,110,110,90,123,123,123],"floor_reached":6,"language":"KOR","playtime":173,"items_purged":[],"score":64,"play_id":"8cd5e2d0-b7f6-4a22-8d30-ff9afa69844d","local_time":"20210227140815","is_ascension_mode":true,"campfire_choices":[],"circlet_count":0,"master_deck":["AscendersBane","Strike_R","Strike_R","Strike_R","Strike_R","Defend_R+1","Defend_R+1","Defend_R","Defend_R","Bash","Inflame","Injury"],"relics":["Burning Blood","Ancient Tea Set","Lantern","reliquary:FingerTrap","reliquary:TuningFork","Sling","conspire:TreasureMap","Nunchaku","Boot","Strawberry","Toxic Egg 2","aspiration:Nostalgia","Cracked Core","MealTicket","reliquary:Buckler","reliquary:Bookmark","Juzu Bracelet","hubris:ChampionShield","reliquary:SilkGlove","Frozen Egg 2","Smiling Mask"],"acts_visited":["Exordium"],"potions_floor_usage":[0],"damage_taken":[{"damage":0,"enemies":"Jaw Worm","floor":1,"turns":3},{"damage":22,"enemies":"conspire:MimicChest","floor":5,"turns":5},{"damage":0,"enemies":"3 Sentries","floor":6,"turns":1}],"seed_played":"-2124558944486632458","potions_obtained":[{"floor":4,"key":"Explosive Potion"}],"is_trial":false,"path_per_floor":["M","?","?","?","?","E"],"character_chosen":"IRONCLAD","items_purchased":["ThievingMod:ThievingPotion"],"campfire_rested":0,"item_purchase_floors":[0],"current_hp_per_floor":[26,26,26,26,10,10,10],"gold":123,"neow_bonus":"","is_daily":false,"chose_seed":false,"campfire_upgraded":0,"win_rate":0.0,"timestamp":1614402495,"path_taken":["M","?","?","?","?","E"],"items_purchased_type":["Potion"],"build_version":"2020-12-22","purchased_purges":0,"victory":false,"max_hp_per_floor":[82,82,82,82,82,82,82],"card_choices":[{"not_picked":["Wild Strike","True Grit+1"],"picked":"Inflame","floor":1}],"player_experience":457931,"relics_obtained":[{"floor":5,"key":"Smiling Mask"}],"event_choices":[{"cards_removed":["Strike_R"],"damage_healed":0,"gold_gain":0,"player_choice":"Purged","damage_taken":0,"max_hp_gain":0,"max_hp_loss":0,"event_name":"Purifier","floor":2,"gold_loss":0},{"damage_healed":0,"gold_gain":0,"player_choice":"Bought 1 Potion","damage_taken":0,"max_hp_gain":0,"max_hp_loss":0,"event_name":"The Woman in Blue","floor":4,"gold_loss":0}],"is_beta":false,"boss_relics":[],"items_purged_floors":[],"is_endless":false,"potions_floor_spawned":[],"killed_by":"3 Sentries","ascension_level":20}}