{"host":"vhifjdba66khcqwn","time":1614411570,"event":{"mods":["AchievementEnabler","BaseMod","Bestiary","Minty Spire (QoL Compilation)","Practice Mode","Relic Stats","Spicy Shops","StSLib","slay the spire mod where everything is the same but ironclad has a cowboy hat"],"gold_per_floor":[111,186,186,196,196,196,206,231,247,247,247,247,247],"floor_reached":12,"language":"ENG","playtime":1530,"items_purged":[],"score":133,"play_id":"5c38297a-cc54-4d6b-8e0e-64e367464c7d","local_time":"20210226233930","is_ascension_mode":true,"campfire_choices":[{"data":"Blade Dance","floor":6.0,"key":"SMITH"}],"circlet_count":0,"master_deck":["AscendersBane","Strike_G","Strike_G","Strike_G","Strike_G","Strike_G","Defend_G","Defend_G","Defend_G","Defend_G","Defend_G","Survivor","Neutralize","After Image","Cloak And Dagger","Blade Dance+1","Deflect","Dagger Throw"],"relics":["Ring of the Snake","Orichalcum","Girya","Paper Crane","Matryoshka"],"acts_visited":["Exordium"],"potions_floor_usage":[],"damage_taken":[{"damage":0.0,"enemies":"Small Slimes","floor":1.0,"turns":4.0},{"damage":0.0,"enemies":"Jaw Worm","floor":4.0,"turns":6.0},{"damage":0.0,"enemies":"Cultist","floor":7.0,"turns":4.0},{"damage":21.0,"enemies":"Gremlin Nob","floor":8.0,"turns":5.0},{"damage":5.0,"enemies":"3 Louse","floor":9.0,"turns":6.0},{"damage":23,"enemies":"3 Sentries","floor":12,"turns":5}],"seed_played":"6570611993144797349","potions_obtained":[{"floor":1.0,"key":"Weak Potion"},{"floor":7.0,"key":"DistilledChaos"}],"is_trial":false,"path_per_floor":["M","?","T","M","$","R","M","E","M","T","T","E"],"character_chosen":"THE_SILENT","items_purchased":[],"campfire_rested":0,"item_purchase_floors":[],"current_hp_per_floor":[59,48,48,48,48,48,48,27,22,22,22,0,0],"gold":247,"neow_bonus":"THREE_RARE_CARDS","is_daily":false,"chose_seed":false,"campfire_upgraded":1,"win_rate":0.0,"timestamp":1614411570,"path_taken":["M","?","?","M","?","R","?","E","M","T","T","E"],"items_purchased_type":[],"build_version":"2020-12-22","purchased_purges":0,"victory":false,"max_hp_per_floor":[60,60,60,60,60,60,60,60,60,60,60,60,60],"relic_stats":{"counters":[6,30],"Orichalcum":[12],"obtain_stats":[{"Girya":8,"Matryoshka":11,"Orichalcum":3,"Paper Crane":10,"Ring of the Snake":0},{"Girya":4,"Matryoshka":5,"Orichalcum":1,"Paper Crane":5,"Ring of the Snake":0},{"Girya":19,"Matryoshka":25,"Orichalcum":4,"Paper Crane":25,"Ring of the Snake":0}],"Ring of the Snake":[12]},"card_choices":[{"not_picked":["Unload","Phantasmal Killer"],"picked":"After Image","floor":0.0},{"not_picked":["Quick Slash","Poisoned Stab"],"picked":"Cloak And Dagger","floor":1.0},{"not_picked":["Catalyst","Caltrops"],"picked":"Blade Dance","floor":4.0},{"not_picked":["Outmaneuver","Acrobatics"],"picked":"Deflect","floor":7.0},{"not_picked":["Poisoned Stab","Masterful Stab"],"picked":"Dagger Throw","floor":8.0},{"not_picked":["Eviscerate","Masterful Stab","Outmaneuver"],"picked":"SKIP","floor":9.0}],"player_experience":1222431,"relics_obtained":[{"floor":3.0,"key":"Orichalcum"},{"floor":8.0,"key":"Girya"},{"floor":10.0,"key":"Paper Crane"},{"floor":11.0,"key":"Matryoshka"}],"event_choices":[{"damage_healed":0.0,"max_hp_gain":0.0,"max_hp_loss":0.0,"gold_gain":75.0,"event_name":"World of Goop","player_choice":"Gather Gold","floor":2.0,"gold_loss":0.0,"damage_taken":11.0}],"is_beta":false,"boss_relics":[],"items_purged_floors":[],"is_endless":false,"potions_floor_spawned":[1,7],"killed_by":"3 Sentries","ascension_level":14}}