{"host":"og21o26alpnbwmz8","time":1614447920,"event":{"mods":["2.2 Compatiblity","Act Like it!","Aspiration","Aya Shameimaru","BaseMod","ChefMod","Conspire","Downfall","Halation","Hallownest","Hermit","Hubris","Jedi Mod","Mimic Mod","Minty Spire (QoL Compilation)","Pale of the Ancients","Reliquary","Replay The Spire","Ruina","Shop Mod","Spikes Relics","StSLib","The Alterego","The Animator","The Blue Laboratory","The Bug Knight","Waifu the Spire","Yuri Mod"],"gold_per_floor":[112,123,123,123,139,139,164,164,188,221,232,232,263,68,68,68,68],"floor_reached":16,"language":"ENG","playtime":674,"items_purged":["chefmod:Strike"],"score":118,"play_id":"c7d1353f-356d-43dc-8533-df8bf2f5b111","local_time":"20210227124520","is_ascension_mode":false,"campfire_choices":[{"data":"chefmod:Puree","floor":6,"key":"SMITH"},{"data":"chefmod:ColdSteel","floor":12,"key":"SMITH"},{"data":"chefmod:Strike","floor":15,"key":"PURGE"}],"circlet_count":0,"master_deck":["chefmod:Strike","chefmod:QuickThaw","chefmod:Defend","chefmod:Defend","chefmod:Defend","chefmod:Defend","chefmod:TodaysSpecial","chefmod:Puree+1","hubris:NaturalOne","chefmod:ColdSteel+1","chefmod:OrderUp"],"relics":["chefmod:TrustyPot","NeowsBlessing","hubris:Icosahedron","Replay:Wax Seal","jedi:shrinkray","Smiling Mask","hubris:Metronome","jedi:purplefairy"],"acts_visited":["Exordium"],"potions_floor_usage":[],"damage_taken":[{"damage":0,"enemies":"2 Louse","floor":1,"turns":2},{"damage":0,"enemies":"Cultist","floor":2,"turns":1},{"damage":0,"enemies":"Jaw Worm","floor":5,"turns":1},{"damage":5,"enemies":"Lagavulin","floor":7,"turns":9},{"damage":7,"enemies":"Replay:BlueRogue","floor":10,"turns":8},{"damage":0,"enemies":"Looter","floor":11,"turns":2},{"damage":26,"enemies":"Lagavulin","floor":13,"turns":6},{"damage":6,"enemies":"The Guardian","floor":16,"turns":6}],"seed_played":"1086700793299256585","potions_obtained":[{"floor":2,"key":"Swift Potion"},{"floor":5,"key":"sneckomod:MuddlingPotion"},{"floor":10,"key":"blueLaboratory:Moonshine"}],"is_trial":false,"path_per_floor":["M","M","?","?","M","R","E","?","T","E","M","R","E","$","R","B"],"character_chosen":"THE_CHEF","items_purchased":["chefmod:OrderUp"],"campfire_rested":0,"item_purchase_floors":[14],"current_hp_per_floor":[76,76,76,73,73,73,68,68,68,61,61,61,35,35,35,29,29],"gold":68,"neow_bonus":"THREE_ENEMY_KILL","is_daily":false,"chose_seed":false,"campfire_upgraded":2,"win_rate":0.0,"timestamp":1614447920,"path_taken":["M","M","?","?","M","R","E","?","T","E","M","R","E","$","R","BOSS"],"items_purchased_type":["Card"],"build_version":"2020-12-22","purchased_purges":1,"victory":false,"max_hp_per_floor":[76,76,76,76,76,76,76,76,76,76,76,76,76,76,76,76,76],"card_choices":[{"not_picked":["chefmod:CleanHouse","chefmod:Sorbet","chefmod:ZaruSoba"],"picked":"SKIP","floor":1},{"not_picked":["chefmod:HotSoup","chefmod:ColdSteel"],"picked":"chefmod:Puree","floor":2},{"not_picked":["chefmod:HotSoup","chefmod:FarmersMarket","chefmod:FireUp"],"picked":"SKIP","floor":5},{"not_picked":["chefmod:IcePick","chefmod:TastyDistraction","chefmod:SliceAndDice"],"picked":"SKIP","floor":7},{"not_picked":["chefmod:FryPan","chefmod:Granita","chefmod:ZaruSoba"],"picked":"SKIP","floor":10},{"not_picked":["chefmod:FarmersMarket","chefmod:NoSoupForYou"],"picked":"chefmod:ColdSteel","floor":11},{"not_picked":["chefmod:SearedScallops","chefmod:HotSoup","chefmod:GroceryDelivery"],"picked":"SKIP","floor":13}],"player_experience":435186,"relics_obtained":[{"floor":7,"key":"jedi:shrinkray"},{"floor":9,"key":"Smiling Mask"},{"floor":10,"key":"hubris:Metronome"},{"floor":13,"key":"jedi:purplefairy"}],"event_choices":[{"damage_healed":0,"gold_gain":0,"player_choice":"Success","damage_taken":3,"relics_obtained":["Replay:Wax Seal"],"max_hp_gain":0,"max_hp_loss":0,"event_name":"Scrap Ooze","floor":4,"gold_loss":0},{"cards_removed":["chefmod:Strike"],"damage_healed":0,"gold_gain":0,"player_choice":"Purged","damage_taken":0,"max_hp_gain":0,"max_hp_loss":0,"event_name":"Purifier","floor":8,"gold_loss":0}],"is_beta":false,"boss_relics":[],"items_purged_floors":[14],"is_endless":false,"potions_floor_spawned":[2,5,10],"killed_by":"The Guardian","ascension_level":0}}