{"host":"hahe3lxotqh08ugn","time":1614388182,"event":{"mods":["AchievementEnabler","BaseMod","Googly Eyes","Hermit","Minty Spire (QoL Compilation)","Quick Restart","StSLib","The Cursed","The Hierophant"],"gold_per_floor":[111,111,130,0,0,0,19,19,19,19,19,52,64,14,14,14,14],"floor_reached":16,"language":"ENG","playtime":731,"items_purged":["Strike_G","Strike_G"],"score":132,"play_id":"f959e7f9-13b1-45d3-a2da-001e0cbed765","local_time":"20210226200942","is_ascension_mode":true,"campfire_choices":[{"floor":6,"key":"REST"},{"data":"Blur","floor":8,"key":"SMITH"},{"data":"Backflip","floor":10,"key":"SMITH"},{"floor":15,"key":"REST"}],"circlet_count":0,"master_deck":["Strike_G","Strike_G","Defend_G","Defend_G","Defend_G","Defend_G","Defend_G","Survivor","Neutralize+1","Prepared","Quick Slash","Blur+1","Backflip+1","Dagger Spray","Cloak And Dagger"],"relics":["Ring of the Snake","Smiling Mask","Ninja Scroll","Ancient Tea Set","Ginger"],"acts_visited":[],"potions_floor_usage":[12,16],"damage_taken":[{"damage":8,"enemies":"Jaw Worm","floor":1,"turns":8},{"damage":0,"enemies":"Cultist","floor":3,"turns":4},{"damage":0,"enemies":"Small Slimes","floor":7,"turns":6},{"damage":20,"enemies":"3 Sentries","floor":12,"turns":18},{"damage":0,"enemies":"3 Louse","floor":13,"turns":3},{"damage":63,"enemies":"Slime Boss","floor":16,"turns":13}],"seed_played":"-6424665295334043979","potions_obtained":[{"floor":1,"key":"Swift Potion"},{"floor":13,"key":"CunningPotion"}],"is_trial":false,"path_per_floor":["M","?","M","$","?","R","M","R","T","R","?","E","M","$","R","B"],"character_chosen":"THE_SILENT","items_purchased":["Blur"],"campfire_rested":2,"item_purchase_floors":[4],"current_hp_per_floor":[55,55,55,55,48,69,69,69,69,69,62,42,42,42,63,0,0],"gold":14,"neow_bonus":"RANDOM_COMMON_RELIC","is_daily":false,"chose_seed":false,"campfire_upgraded":2,"win_rate":0.0,"timestamp":1614388182,"path_taken":["M","?","?","$","?","R","M","R","T","R","?","E","M","?","R","BOSS"],"items_purchased_type":["Card"],"build_version":"2020-12-22","purchased_purges":2,"victory":false,"max_hp_per_floor":[70,70,70,70,70,70,70,70,70,70,70,70,70,70,70,70,70],"card_choices":[{"not_picked":["Sucker Punch","Acrobatics"],"picked":"Prepared","floor":1},{"not_picked":["Catalyst","Reflex"],"picked":"Quick Slash","floor":3},{"not_picked":["Deflect","Blur"],"picked":"Backflip","floor":7},{"not_picked":["Flying Knee","Masterful Stab"],"picked":"Dagger Spray","floor":12},{"not_picked":["Tactician","Deflect"],"picked":"Cloak And Dagger","floor":13}],"player_experience":305357,"relics_obtained":[{"floor":9,"key":"Ninja Scroll"},{"floor":12,"key":"Ginger"}],"event_choices":[{"damage_healed":0,"gold_gain":0,"player_choice":"Forge","damage_taken":0,"max_hp_gain":0,"max_hp_loss":0,"event_name":"Accursed Blacksmith","floor":2,"gold_loss":0,"cards_upgraded":["Neutralize"]},{"cards_removed":["Strike_G"],"damage_healed":0,"gold_gain":0,"player_choice":"Card Removal","damage_taken":7,"max_hp_gain":0,"max_hp_loss":0,"event_name":"Golden Wing","floor":5,"gold_loss":0},{"damage_healed":0,"gold_gain":0,"player_choice":"Success","damage_taken":7,"relics_obtained":["Ancient Tea Set"],"max_hp_gain":0,"max_hp_loss":0,"event_name":"Scrap Ooze","floor":11,"gold_loss":0}],"is_beta":false,"boss_relics":[],"items_purged_floors":[4,14],"is_endless":false,"potions_floor_spawned":[1,13],"killed_by":"Slime Boss","ascension_level":7}}