{"host":"jfbo3eu2ui08ej1u","time":1614427828,"event":{"mods":["2.2 Compatiblity","AchievementEnabler","Act Like it!","Aspiration","BaseMod","Better Altar","Better Match","Better Note","Better Sensory Stone","Better Skull","Better Third Choice","Block Reminder","Colored Map","Colored Powertips","Conspire","DeckTracker","Displayed Cursed Tome","Energized Spire","Fox Events","GifTheSpireLib","Hermit","Hubris","Infinite Spire","Marked Mod","Minty Spire (QoL Compilation)","Monster B Gone","Pale of the Ancients","Poor People Problems","Quick Restart","Relic Filter","Reliquary","Reorder Act Four","Replay The Spire","Shop Mod","Spicy Shops","Spire Arcade","StSLib","Stuff the Spire","The Blue Laboratory","The Disciple","The Forsaken","The Hierophant","The Marked","Uncapped","Unceasing Turn Reminder","Wandering Minibosses"],"gold_per_floor":[110,125,135,135,151,151,186,186,239,250,270,280,300,300,300],"floor_reached":14,"language":"ENG","playtime":350,"items_purged":[],"score":192,"play_id":"d9e29452-4143-4296-af21-23db981ab981","local_time":"20210227071028","is_ascension_mode":true,"campfire_choices":[{"floor":6.0,"key":"REST"},{"floor":8.0,"key":"REST"}],"circlet_count":0,"master_deck":["AscendersBane","Strike_B","Strike_B","Strike_B","Defend_B","Defend_B","Defend_B","Defend_B","Zap","Dualcast","Genetic Algorithm","Gash","hubris:Ukulele","Core Surge","Sunder","Panic Button","StuffTheSpire:Rend","Auto Shields","Rebound"],"relics":["Cracked Core","reliquary:QuartzCube","reliquary:ExpiredCoupon"],"acts_visited":["Exordium"],"potions_floor_usage":[14,14],"damage_taken":[{"damage":0.0,"enemies":"conspire:RoseBush","floor":1.0,"turns":4.0},{"damage":20.0,"enemies":"infinitespire:Voidling","floor":2.0,"turns":5.0},{"damage":16.0,"enemies":"Jaw Worm","floor":3.0,"turns":4.0},{"damage":0.0,"enemies":"Gremlin Gang","floor":5.0,"turns":3.0},{"damage":37.0,"enemies":"Gremlin Nob","floor":7.0,"turns":4.0},{"damage":10.0,"enemies":"Large Slime","floor":10.0,"turns":5.0},{"damage":0.0,"enemies":"3 Louse","floor":11.0,"turns":3.0},{"damage":24.0,"enemies":"Exordium Thugs","floor":12.0,"turns":4.0},{"damage":8.0,"enemies":"Large Slime","floor":13.0,"turns":4.0},{"damage":5,"enemies":"3 Sentries","floor":14,"turns":1}],"seed_played":"-5325354803549457278","potions_obtained":[{"floor":1.0,"key":"blueLaboratory:ConsumingVoid"},{"floor":3.0,"key":"blueLaboratory:TeslaPotion"},{"floor":10.0,"key":"blueLaboratory:CoolantVial"},{"floor":12.0,"key":"blueLaboratory:NullPotion"},{"floor":13.0,"key":"Energy Potion"}],"is_trial":false,"path_per_floor":["M","M","M","?","M","R","E","R","T","M","M","M","M","E"],"character_chosen":"DEFECT","items_purchased":[],"campfire_rested":2,"item_purchase_floors":[],"current_hp_per_floor":[71,51,35,35,35,58,21,44,44,34,34,10,2,0,0],"gold":300,"neow_bonus":"TEN_PERCENT_HP_BONUS","is_daily":false,"chose_seed":false,"campfire_upgraded":0,"win_rate":0.0,"timestamp":1614427828,"path_taken":["M","M","M","?","M","R","E","R","T","M","?","M","M","E"],"items_purchased_type":[],"build_version":"2020-12-22","purchased_purges":0,"victory":false,"max_hp_per_floor":[78,78,78,78,78,78,78,78,78,78,78,78,78,78,78],"card_choices":[{"not_picked":["Compile Driver","Gash"],"picked":"Genetic Algorithm","floor":1.0},{"not_picked":["Leap","BasicCrystalCard"],"picked":"Gash","floor":2.0},{"not_picked":["Coolheaded","Steam"],"picked":"hubris:Ukulele","floor":3.0},{"not_picked":["Double Energy","Go for the Eyes"],"picked":"Core Surge","floor":5.0},{"not_picked":["Cold Snap","Skim"],"picked":"Sunder","floor":7.0},{"not_picked":["Streamline","Go for the Eyes"],"picked":"Panic Button","floor":10.0},{"not_picked":["Beam Cell","aspiration:Polymerization"],"picked":"StuffTheSpire:Rend","floor":11.0},{"not_picked":["Sweeping Beam","Machine Learning"],"picked":"Auto Shields","floor":12.0},{"not_picked":["Melter","Coolheaded"],"picked":"Rebound","floor":13.0}],"player_experience":1394097,"relics_obtained":[{"floor":7.0,"key":"reliquary:QuartzCube"},{"floor":9.0,"key":"reliquary:ExpiredCoupon"}],"event_choices":[{"cards_removed":["Strike_B"],"damage_healed":0.0,"max_hp_gain":0.0,"max_hp_loss":0.0,"gold_gain":0.0,"event_name":"Purifier","player_choice":"Purged","floor":4.0,"gold_loss":0.0,"damage_taken":0.0}],"is_beta":false,"boss_relics":[],"items_purged_floors":[],"is_endless":false,"potions_floor_spawned":[1,3,10,12,13],"killed_by":"3 Sentries","ascension_level":20}}