{"host":"gzsdmyo07u314vug","time":1614428739,"event":{"mods":["2.2 Compatiblity","Astrologer","BaseMod","Colored Powertips","GifTheSpireLib","Gremlin Mod","Hermit","Jorbs\u0027s Wanderer Trilogy","Marisa????????","Minty Spire (QoL Compilation)","Quick Restart","Rare Cards Sparkle","Relic Stats","Replay The Spire","Robot Space Explorer","Shop Mod","Somnambulant","StSLib","The Bladedancer","The Bug Knight","The Construct","The Cursed","The Disciple","The Elementalist","The Hierophant","The IronCluck","The Marked","The Necromancer","The Runesmith","The Servant 0.9.4","TheBandit","Unceasing Turn Reminder","everything is the same but u backflip on backflip","slay the spire mod where everything is the same but ironclad has a cowboy hat"],"gold_per_floor":[110,35,210,223,223,223,248,273,300,300,327,358,4,58,58,168,168,223,98,121,205,55,55,130,173,173,231,316,316,340,402,402,558,558,593,663,773,342,389,458,506,506,532,532,532,594,205,234,234,303],"floor_reached":51,"language":"ENG","playtime":3887,"items_purged":["wariomod:Strike","wariomod:Strike","wariomod:Strike","wariomod:Defend","wariomod:Strike","wariomod:Leap"],"score":983,"play_id":"e71b5d2b-0e63-4924-b68a-8a4c62ef9577","local_time":"20210227092539","is_ascension_mode":false,"campfire_choices":[{"data":"wariomod:EndlessBlast","floor":6.0,"key":"SMITH"},{"data":"wariomod:ChargeForth","floor":10.0,"key":"SMITH"},{"data":"wariomod:Step","floor":15.0,"key":"SMITH"},{"data":"HandOfGreed","floor":23.0,"key":"SMITH"},{"floor":29.0,"key":"REST"},{"data":"wariomod:GoAgain","floor":32.0,"key":"SMITH"},{"data":"wariomod:SpacialMastery","floor":42,"key":"SMITH"},{"data":"wariomod:Purify","floor":44,"key":"SMITH"},{"data":"Secret Technique","floor":49,"key":"SMITH"}],"circlet_count":0,"master_deck":["wariomod:Defend","wariomod:Defend","wariomod:Defend","wariomod:Step+1","wariomod:EndlessBlast+1","wariomod:ChargeForth+1","wariomod:Purify+1","wariomod:Smackflip","wariomod:RacingSpeed","wariomod:GoAgain+1","wariomod:HappyHop+1","wariomod:SpacialMastery+1","wariomod:Hopshield+1","wariomod:Immortalize","Secret Technique+1"],"relics":["wariomod:TheHat","NeowsBlessing","Replay:Bandana","Toy Ornithopter","SacredBark","Du-Vu Doll","construct:WeddingRing","CatCart","CaptainsWheel","wariomod:GlassHat","MealTicket","Bag of Preparation","Ginger"],"acts_visited":["Exordium","TheCity","TheBeyond"],"potions_floor_usage":[37,37,40,50,50],"damage_taken":[{"damage":0.0,"enemies":"2 Louse","floor":1.0,"turns":1.0},{"damage":0.0,"enemies":"Small Slimes","floor":4.0,"turns":1.0},{"damage":0.0,"enemies":"Lagavulin","floor":7.0,"turns":1.0},{"damage":0.0,"enemies":"Cultist","floor":8.0,"turns":2.0},{"damage":3.0,"enemies":"Red Slaver","floor":11.0,"turns":3.0},{"damage":0.0,"enemies":"Looter","floor":12.0,"turns":2.0},{"damage":6.0,"enemies":"Large Slime","floor":14.0,"turns":6.0},{"damage":22.0,"enemies":"The Guardian","floor":16.0,"turns":10.0},{"damage":0.0,"enemies":"Chosen","floor":18.0,"turns":3.0},{"damage":0.0,"enemies":"3 Byrds","floor":20.0,"turns":4.0},{"damage":15.0,"enemies":"Shelled Parasite and Fungi","floor":21.0,"turns":6.0},{"damage":10.0,"enemies":"Centurion and Healer","floor":24.0,"turns":7.0},{"damage":10.0,"enemies":"Snake Plant","floor":25.0,"turns":5.0},{"damage":7.0,"enemies":"Snecko","floor":27.0,"turns":6.0},{"damage":27.0,"enemies":"Centurion and Healer","floor":28.0,"turns":6.0},{"damage":0.0,"enemies":"Snake Plant","floor":30.0,"turns":5.0},{"damage":0.0,"enemies":"Snecko","floor":31.0,"turns":3.0},{"damage":45.0,"enemies":"Pondfish","floor":33.0,"turns":11.0},{"damage":17.0,"enemies":"3 Darklings","floor":35.0,"turns":4.0},{"damage":0.0,"enemies":"Orin","floor":36.0,"turns":9.0},{"damage":6,"enemies":"2 Orb Walkers","floor":37,"turns":3},{"damage":2,"enemies":"Orb Walker","floor":39,"turns":4},{"damage":21,"enemies":"Reptomancer","floor":40,"turns":6},{"damage":10,"enemies":"Writhing Mass","floor":41,"turns":7},{"damage":0,"enemies":"Mind Bloom Boss Battle","floor":46,"turns":4},{"damage":0,"enemies":"Sphere and 2 Shapes","floor":48,"turns":3},{"damage":16,"enemies":"Donu and Deca","floor":50,"turns":4}],"seed_played":"-5916810674794336988","potions_obtained":[{"floor":4.0,"key":"SkillPotion"},{"floor":14.0,"key":"Elixir"},{"floor":24.0,"key":"PowerPotion"},{"floor":25.0,"key":"Strength Potion"},{"floor":28.0,"key":"Weak Potion"},{"floor":30.0,"key":"Venom Potion"},{"floor":35.0,"key":"EntropicBrew"},{"floor":37,"key":"SkillPotion"},{"floor":41,"key":"Swift Potion"}],"is_trial":false,"path_per_floor":["M","$","?","M","?","R","E","M","T","R","M","M","$","M","R","B",null,"M","$","M","M","$","R","M","M","T","M","M","R","M","M","R","B",null,"M","?","?","$","M","E","M","R","T","R","?","?","$","M","R","B",null],"character_chosen":"THE_BANDIT","items_purchased":["wariomod:RacingSpeed","HandOfGreed","wariomod:GlassHat","PowerPotion","Explosive Potion","Secret Technique"],"campfire_rested":1,"item_purchase_floors":[13,13,38,38,38,47],"current_hp_per_floor":[80,80,80,80,80,80,80,80,80,80,77,77,77,71,71,49,80,80,80,80,65,65,65,60,50,50,48,21,45,50,55,55,15,80,63,73,75,75,73,57,47,47,47,47,47,47,62,62,62,56],"gold":303,"neow_bonus":"THREE_ENEMY_KILL","is_daily":false,"chose_seed":false,"campfire_upgraded":8,"win_rate":0.0,"timestamp":1614428739,"path_taken":["M","$","?","M","?","R","E","?","T","R","M","M","$","M","R","BOSS","M","$","M","M","$","R","M","M","T","M","M","R","M","M","R","BOSS","M","?","?","$","M","E","M","R","T","R","?","?","$","M","R","BOSS"],"items_purchased_type":["Card","Card","Relic","Potion","Potion","Card"],"build_version":"2020-12-22","purchased_purges":6,"victory":true,"max_hp_per_floor":[80,80,80,80,80,80,80,80,80,80,80,80,80,80,80,80,80,80,80,80,80,80,80,80,80,80,80,80,80,80,80,80,80,80,80,80,80,80,80,80,80,80,80,80,80,80,80,80,80,80],"relic_stats":{"counters":[27,126],"MealTicket":15,"Bag of Preparation":[6],"Ginger":[0],"obtain_stats":[{"construct:WeddingRing":34,"NeowsBlessing":0,"wariomod:TheHat":0,"SacredBark":17,"Bag of Preparation":43,"Ginger":46,"Du-Vu Doll":26,"Replay:Bandana":7,"CaptainsWheel":37,"MealTicket":40,"CatCart":36,"Toy Ornithopter":9,"wariomod:GlassHat":38},{"construct:WeddingRing":18,"NeowsBlessing":0,"wariomod:TheHat":0,"SacredBark":8,"Bag of Preparation":24,"Ginger":25,"Du-Vu Doll":13,"Replay:Bandana":3,"CaptainsWheel":21,"MealTicket":23,"CatCart":20,"Toy Ornithopter":4,"wariomod:GlassHat":21},{"construct:WeddingRing":82,"NeowsBlessing":0,"wariomod:TheHat":0,"SacredBark":26,"Bag of Preparation":115,"Ginger":119,"Du-Vu Doll":51,"Replay:Bandana":3,"CaptainsWheel":98,"MealTicket":108,"CatCart":95,"Toy Ornithopter":5,"wariomod:GlassHat":98}],"Toy Ornithopter":58},"card_choices":[{"not_picked":["wariomod:ChargeForth","wariomod:Goblast"],"picked":"wariomod:EndlessBlast","floor":1.0},{"not_picked":["wariomod:Hopshield","wariomod:Bombtime"],"picked":"wariomod:ChargeForth","floor":4.0},{"not_picked":["wariomod:DropBash","wariomod:Bombshield"],"picked":"wariomod:Purify","floor":7.0},{"not_picked":["wariomod:ThatsNotAll","wariomod:HastyRush"],"picked":"wariomod:Smackflip","floor":8.0},{"not_picked":["wariomod:Bombtime","wariomod:Smackflip","wariomod:SpaceSwap"],"picked":"SKIP","floor":11.0},{"not_picked":["wariomod:HappyHop","wariomod:BigUpgrade","wariomod:BlastDash"],"picked":"SKIP","floor":12.0},{"not_picked":["wariomod:BoomBoom","wariomod:SimpleShield","wariomod:Goblast"],"picked":"SKIP","floor":14.0},{"not_picked":["wariomod:GodlyGift","wariomod:Sidestep"],"picked":"wariomod:GoAgain","floor":16.0},{"not_picked":["wariomod:DisarmingMoves","wariomod:SmackSlam"],"picked":"wariomod:HappyHop+1","floor":18.0},{"not_picked":["wariomod:DropBash","wariomod:BlastDash","wariomod:DisarmingMoves"],"picked":"SKIP","floor":20.0},{"not_picked":["wariomod:DropBash","wariomod:BlastDash","wariomod:DisarmingMoves"],"picked":"SKIP","floor":20.0},{"not_picked":["wariomod:Boomsmack","wariomod:f","wariomod:DoubleDash"],"picked":"SKIP","floor":21.0},{"not_picked":["wariomod:SimpleShield","wariomod:SpikeSlash","wariomod:BoomBoom"],"picked":"SKIP","floor":24.0},{"not_picked":["wariomod:ChargeForth","wariomod:SimpleShield","wariomod:DisarmingMoves"],"picked":"SKIP","floor":25.0},{"not_picked":["wariomod:DiceyMove","wariomod:FabulousPrizes","wariomod:ChargeForth"],"picked":"SKIP","floor":27.0},{"not_picked":["wariomod:ChargeForth","wariomod:GreaterGuard","wariomod:DanceDash"],"picked":"SKIP","floor":28.0},{"not_picked":["wariomod:OctoJump","wariomod:DamnedStrength","wariomod:Leapslam"],"picked":"SKIP","floor":30.0},{"not_picked":["wariomod:Leapslam+1","wariomod:Bombshield","wariomod:Smackflip"],"picked":"SKIP","floor":31.0},{"not_picked":["wariomod:WipeClean","wariomod:BoomForm"],"picked":"wariomod:SpacialMastery","floor":33.0},{"not_picked":["wariomod:SpikeSlash+1","wariomod:DisarmingMoves+1","wariomod:SimpleShield+1"],"picked":"SKIP","floor":35.0},{"not_picked":["wariomod:SmackSlam","wariomod:Bombshield+1"],"picked":"wariomod:Hopshield+1","floor":39},{"not_picked":["wariomod:ForbiddenMagic","wariomod:Smackflip"],"picked":"wariomod:Immortalize","floor":40},{"not_picked":["wariomod:ChargeForth+1","wariomod:EmptyMind","wariomod:DoubleDip+1"],"picked":"SKIP","floor":41},{"not_picked":["wariomod:BoomBoom","wariomod:Hopshield","wariomod:OctoJump+1"],"picked":"SKIP","floor":48}],"player_experience":976020,"relics_obtained":[{"floor":7.0,"key":"Replay:Bandana"},{"floor":9.0,"key":"Toy Ornithopter"},{"floor":26.0,"key":"Du-Vu Doll"},{"floor":36.0,"key":"CatCart"},{"floor":37,"key":"CaptainsWheel"},{"floor":40,"key":"MealTicket"},{"floor":43,"key":"Bag of Preparation"},{"floor":46,"key":"Ginger"}],"event_choices":[{"damage_healed":0.0,"max_hp_gain":0.0,"max_hp_loss":0.0,"gold_gain":175.0,"event_name":"Liars Game","player_choice":"AGREE","floor":3.0,"gold_loss":0.0,"damage_taken":0.0,"cards_obtained":["Doubt"]},{"cards_removed":["Doubt"],"damage_healed":0.0,"max_hp_gain":0.0,"max_hp_loss":0.0,"gold_gain":0.0,"event_name":"Fountain of Cleansing","player_choice":"Removed Curses","floor":5.0,"gold_loss":0.0,"damage_taken":0.0},{"damage_healed":0.0,"max_hp_gain":0.0,"max_hp_loss":0.0,"gold_gain":0.0,"event_name":"OrinTheCat","player_choice":"Fight","floor":36.0,"gold_loss":0.0,"damage_taken":0.0},{"damage_healed":0,"gold_gain":0,"player_choice":"Fight","damage_taken":0,"max_hp_gain":0,"max_hp_loss":0,"event_name":"Mysterious Sphere","floor":37,"gold_loss":0},{"cards_removed":["HandOfGreed"],"damage_healed":0,"gold_gain":0,"player_choice":"Removed Attack","damage_taken":0,"max_hp_gain":0,"max_hp_loss":0,"event_name":"Falling","floor":45,"gold_loss":0},{"damage_healed":0,"gold_gain":0,"player_choice":"Fight","damage_taken":0,"max_hp_gain":0,"max_hp_loss":0,"event_name":"MindBloom","floor":46,"gold_loss":0}],"is_beta":false,"boss_relics":[{"not_picked":["wariomod:DoomHat","Snecko Eye"],"picked":"SacredBark"},{"not_picked":["Coffee Dripper","Sozu"],"picked":"construct:WeddingRing"}],"items_purged_floors":[2,13,19,22,38,47],"is_endless":false,"potions_floor_spawned":[4,14,24,25,28,30,35,37,41,46],"ascension_level":0}}