{"host":"s229x1smnerk6mew","time":1614418386,"event":{"mods":["BaseMod","Bestiary","Minty Spire (QoL Compilation)","Relic Stats"],"gold_per_floor":[112,37,37,55,55,84,101,127,127,138,166,166,196,196,196,271,271,248,266,280,205,205,234,246,279,306,39,39,39,64,81,81,153,153,163,1162,793,728,741,768,780,814,814,814,831,842,216,229,229,229,229,229,229,65,100,100],"floor_reached":57,"language":"ENG","playtime":6838,"items_purged":["Strike_G","Strike_G","Normality","Normality"],"score":3025,"play_id":"b550d61f-e54a-4901-a76c-0ce58c7c4549","local_time":"20210227203306","is_ascension_mode":true,"campfire_choices":[{"floor":15,"key":"REST"},{"floor":28,"key":"REST"},{"floor":32,"key":"RECALL"},{"floor":49,"key":"REST"},{"floor":53,"key":"REST"}],"circlet_count":0,"master_deck":["AscendersBane","Defend_G","Defend_G","Defend_G","Defend_G+1","Defend_G","Survivor","Neutralize","Blade Dance+1","Poisoned Stab","Backstab","Cloak And Dagger+1","Phantasmal Killer","Venomology","Venomology","Endless Agony","Ghostly","Ghostly","Ghostly","Dagger Spray+1","Blade Dance","Sucker Punch+1","Bullet Time","Dash+1","Cloak And Dagger+1","Blade Dance","Predator+1","PiercingWail","Cloak And Dagger+1","Underhanded Strike+1"],"relics":["Ring of the Snake","Calipers","Dead Branch","Torii","Potion Belt","Question Card","Fusion Hammer","CaptainsWheel","Molten Egg 2","War Paint","Bag of Marbles","Pantograph","InkBottle","Snecko Eye","Strawberry","Pocketwatch","Art of War","Ancient Tea Set","Incense Burner","Sling","Toolbox","Centennial Puzzle"],"acts_visited":["Exordium","TheCity","TheBeyond","TheEnding"],"potions_floor_usage":[6,8,13,16,18,20,20,20,23,23,23,24,25,25,25,31,33,33,35,35,39,39,40,42,42,45,45,46,46,48,50,51,55,55,56,56,56,56,56,56],"damage_taken":[{"damage":17,"enemies":"2 Louse","floor":1,"turns":6},{"damage":0,"enemies":"Cultist","floor":4,"turns":4},{"damage":8,"enemies":"Gremlin Nob","floor":6,"turns":3},{"damage":0,"enemies":"Jaw Worm","floor":7,"turns":4},{"damage":9,"enemies":"Lagavulin","floor":8,"turns":5},{"damage":0,"enemies":"Looter","floor":10,"turns":2},{"damage":8,"enemies":"3 Sentries","floor":11,"turns":4},{"damage":10,"enemies":"Gremlin Nob","floor":13,"turns":3},{"damage":22,"enemies":"Hexaghost","floor":16,"turns":11},{"damage":10,"enemies":"2 Thieves","floor":18,"turns":4},{"damage":1,"enemies":"Chosen","floor":19,"turns":4},{"damage":0,"enemies":"Snecko","floor":20,"turns":4},{"damage":12,"enemies":"Gremlin Leader","floor":23,"turns":5},{"damage":0,"enemies":"3 Cultists","floor":24,"turns":2},{"damage":1,"enemies":"Book of Stabbing","floor":25,"turns":5},{"damage":3,"enemies":"Gremlin Leader","floor":30,"turns":4},{"damage":0,"enemies":"Cultist and Chosen","floor":31,"turns":2},{"damage":8,"enemies":"Champ","floor":33,"turns":7},{"damage":2,"enemies":"3 Shapes","floor":35,"turns":5},{"damage":23,"enemies":"3 Darklings","floor":39,"turns":5},{"damage":0,"enemies":"Giant Head","floor":40,"turns":4},{"damage":0,"enemies":"Spire Growth","floor":41,"turns":2},{"damage":0,"enemies":"Nemesis","floor":42,"turns":5},{"damage":0,"enemies":"Maw","floor":45,"turns":5},{"damage":0,"enemies":"Transient","floor":46,"turns":6},{"damage":0,"enemies":"4 Shapes","floor":48,"turns":3},{"damage":0,"enemies":"Donu and Deca","floor":50,"turns":7},{"damage":12,"enemies":"Awakened One","floor":51,"turns":12},{"damage":0,"enemies":"Shield and Spear","floor":55,"turns":6},{"damage":36,"enemies":"The Heart","floor":56,"turns":7}],"seed_played":"-7924707795593456870","potions_obtained":[{"floor":1,"key":"Dexterity Potion"},{"floor":4,"key":"Explosive Potion"},{"floor":7,"key":"BlessingOfTheForge"},{"floor":11,"key":"AttackPotion"},{"floor":19,"key":"EssenceOfSteel"},{"floor":23,"key":"Energy Potion"}],"is_trial":false,"path_per_floor":["M","$","?","M","$","E","M","E","T","M","E","?","E","?","R","B",null,"M","M","M","?","?","E","M","E","T","$","R","T","E","M","R","B",null,"M","?","$","?","M","E","M","E","T","?","M","M","$","M","R","B","B",null,"R","$","E","B",null],"character_chosen":"THE_SILENT","items_purchased":["Bag of Marbles","Strawberry","Dash+1","Incense Burner","Sling","Toolbox"],"campfire_rested":4,"item_purchase_floors":[27,37,37,47,47,54],"current_hp_per_floor":[48,48,48,48,48,40,40,31,31,31,23,16,6,6,27,5,55,45,44,44,44,36,24,24,23,23,23,33,33,30,30,30,28,34,32,32,39,39,16,16,16,16,16,16,16,16,16,16,28,43,31,40,43,43,43,16],"gold":100,"neow_bonus":"TEN_PERCENT_HP_BONUS","is_daily":false,"chose_seed":false,"campfire_upgraded":0,"win_rate":0.0,"timestamp":1614418386,"path_taken":["M","$","?","M","?","E","?","E","T","M","E","?","E","?","R","BOSS","M","?","M","?","?","E","M","E","T","$","R","?","E","M","R","BOSS","M","?","$","?","M","E","?","E","T","?","M","M","$","M","R","BOSS","BOSS","R","$","E","BOSS"],"items_purchased_type":["Relic","Relic","Card","Relic","Relic","Relic"],"build_version":"2020-12-22","purchased_purges":4,"victory":true,"max_hp_per_floor":[72,72,72,72,72,72,72,72,72,72,72,72,72,72,72,72,72,72,72,72,72,36,36,36,36,36,36,36,36,36,36,36,36,36,36,36,43,43,43,43,43,43,43,43,43,43,43,43,43,43,43,43,43,43,43,43],"relic_stats":{"Torii":26,"counters":[30,146],"Dead Branch":[622],"War Paint":["Defend_G","Cloak And Dagger"],"Question Card":19,"Centennial Puzzle":[1],"Pantograph":21,"Snecko Eye":[148,144,159,151],"Art of War":[1],"obtain_stats":[{"Potion Belt":11,"Calipers":6,"Torii":9,"Dead Branch":8,"Incense Burner":47,"War Paint":26,"Question Card":13,"Ancient Tea Set":42,"Sling":47,"CaptainsWheel":23,"Centennial Puzzle":55,"Pantograph":29,"Strawberry":37,"Snecko Eye":34,"Toolbox":54,"Molten Egg 2":25,"Fusion Hammer":17,"Bag of Marbles":27,"Art of War":40,"InkBottle":30,"Ring of the Snake":0,"Pocketwatch":38},{"Potion Belt":7,"Calipers":3,"Torii":5,"Dead Branch":5,"Incense Burner":25,"War Paint":15,"Question Card":8,"Ancient Tea Set":23,"Sling":25,"CaptainsWheel":13,"Centennial Puzzle":29,"Pantograph":15,"Strawberry":19,"Snecko Eye":18,"Toolbox":28,"Molten Egg 2":15,"Fusion Hammer":9,"Bag of Marbles":15,"Art of War":21,"InkBottle":16,"Ring of the Snake":0,"Pocketwatch":19},{"Potion Belt":28,"Calipers":13,"Torii":22,"Dead Branch":22,"Incense Burner":111,"War Paint":66,"Question Card":31,"Ancient Tea Set":100,"Sling":111,"CaptainsWheel":59,"Centennial Puzzle":139,"Pantograph":66,"Strawberry":84,"Snecko Eye":79,"Toolbox":133,"Molten Egg 2":66,"Fusion Hammer":42,"Bag of Marbles":66,"Art of War":93,"InkBottle":70,"Ring of the Snake":0,"Pocketwatch":84}],"InkBottle":[65],"Ring of the Snake":[61],"Pocketwatch":[13]},"card_choices":[{"not_picked":["Outmaneuver","Well Laid Plans"],"picked":"Blade Dance","floor":1},{"not_picked":["Dagger Spray","Escape Plan"],"picked":"Poisoned Stab","floor":4},{"not_picked":["Accuracy","Backflip"],"picked":"Backstab","floor":6},{"not_picked":["Backflip","Leg Sweep"],"picked":"Cloak And Dagger","floor":7},{"not_picked":["Crippling Poison","Underhanded Strike"],"picked":"Phantasmal Killer","floor":8},{"not_picked":["Dagger Spray","Deflect","Reflex"],"picked":"SKIP","floor":10},{"not_picked":["Choke","Glass Knife"],"picked":"Venomology","floor":11},{"not_picked":["Bane","Skewer","Prepared"],"picked":"SKIP","floor":13},{"not_picked":["Malaise","Night Terror","Die Die Die"],"picked":"Venomology","floor":16},{"not_picked":["Dash","Masterful Stab","PiercingWail"],"picked":"Endless Agony","floor":18},{"not_picked":["Outmaneuver","Flying Knee","Bane","Quick Slash"],"picked":"SKIP","floor":19},{"not_picked":["Eviscerate","Expertise","Dodge and Roll","Outmaneuver"],"picked":"SKIP","floor":20},{"not_picked":["Prepared","Eviscerate","Burst"],"picked":"Dagger Spray+1","floor":23},{"not_picked":["All Out Attack+1","Finisher","Expertise"],"picked":"Blade Dance","floor":24},{"not_picked":["Slice+1","Poisoned Stab+1","Backflip","Bane+1"],"picked":"SKIP","floor":25},{"not_picked":["Riddle With Holes+1","Envenom","Accuracy"],"picked":"Sucker Punch+1","floor":30},{"not_picked":["Flying Knee+1","Acrobatics","Slice+1","Crippling Poison"],"picked":"SKIP","floor":31},{"not_picked":["Malaise","Corpse Explosion","Venomology"],"picked":"Bullet Time","floor":33},{"not_picked":["Sucker Punch+1","Expertise+1","Setup","Footwork"],"picked":"SKIP","floor":35},{"not_picked":["Dodge and Roll+1","Deflect","Well Laid Plans"],"picked":"Cloak And Dagger+1","floor":39},{"not_picked":["Predator+1","Backflip","Catalyst"],"picked":"Blade Dance","floor":40},{"not_picked":["Dodge and Roll","Slice+1","Heel Hook+1"],"picked":"Predator+1","floor":41},{"not_picked":["Dagger Spray+1","Malaise","Skewer+1"],"picked":"PiercingWail","floor":42},{"not_picked":["Acrobatics","Deadly Poison+1","Underhanded Strike+1","Bouncing Flask"],"picked":"SKIP","floor":45},{"not_picked":["Quick Slash+1","Slice+1","Dagger Spray+1","Backstab+1"],"picked":"SKIP","floor":46},{"not_picked":["Footwork","Underhanded Strike+1","Bane+1"],"picked":"Cloak And Dagger+1","floor":48},{"not_picked":["Tools of the Trade","Prepared+1","Masterful Stab+1"],"picked":"Underhanded Strike+1","floor":55}],"player_experience":2113147,"relics_obtained":[{"floor":6,"key":"Calipers"},{"floor":8,"key":"Dead Branch"},{"floor":9,"key":"Torii"},{"floor":11,"key":"Potion Belt"},{"floor":13,"key":"Question Card"},{"floor":23,"key":"CaptainsWheel"},{"floor":25,"key":"Molten Egg 2"},{"floor":26,"key":"War Paint"},{"floor":29,"key":"Pantograph"},{"floor":30,"key":"InkBottle"},{"floor":40,"key":"Art of War"},{"floor":42,"key":"Ancient Tea Set"},{"floor":55,"key":"Centennial Puzzle"}],"event_choices":[{"damage_healed":0,"gold_gain":0,"player_choice":"Upgraded","damage_taken":0,"max_hp_gain":0,"max_hp_loss":0,"event_name":"Upgrade Shrine","floor":3,"gold_loss":0,"cards_upgraded":["Blade Dance"]},{"cards_removed":["Strike_G"],"damage_healed":0,"gold_gain":0,"player_choice":"Card Removal","damage_taken":7,"max_hp_gain":0,"max_hp_loss":0,"event_name":"Golden Wing","floor":12,"gold_loss":0},{"cards_removed":["Strike_G"],"damage_healed":0,"gold_gain":0,"player_choice":"Offered Basic","damage_taken":0,"max_hp_gain":0,"max_hp_loss":0,"event_name":"Bonfire Elementals","floor":14,"gold_loss":0},{"cards_removed":["Strike_G"],"damage_healed":0,"gold_gain":0,"player_choice":"Gave Gold","damage_taken":0,"max_hp_gain":0,"max_hp_loss":0,"event_name":"Beggar","floor":21,"gold_loss":75},{"damage_healed":0,"gold_gain":0,"player_choice":"Became a Ghost","damage_taken":0,"max_hp_gain":0,"max_hp_loss":36,"event_name":"Ghosts","floor":22,"gold_loss":0,"cards_obtained":["Ghostly","Ghostly","Ghostly"]},{"damage_healed":0,"gold_gain":999,"player_choice":"Gold","damage_taken":0,"max_hp_gain":0,"max_hp_loss":0,"event_name":"MindBloom","floor":36,"gold_loss":0,"cards_obtained":["Normality","Normality"]},{"damage_healed":0,"gold_gain":0,"player_choice":"Paid Gold","damage_taken":0,"relics_obtained":["Pocketwatch"],"max_hp_gain":0,"max_hp_loss":0,"event_name":"WeMeetAgain","floor":38,"gold_loss":65},{"damage_healed":0,"gold_gain":0,"player_choice":"Ignored","damage_taken":0,"max_hp_gain":0,"max_hp_loss":0,"event_name":"Tomb of Lord Red Mask","floor":44,"gold_loss":0}],"is_beta":false,"boss_relics":[{"not_picked":["Philosopher\u0027s Stone","Cursed Key"],"picked":"Fusion Hammer"},{"not_picked":["Astrolabe","Busted Crown"],"picked":"Snecko Eye"}],"items_purged_floors":[2,27,37,47],"is_endless":false,"potions_floor_spawned":[1,4,7,11,19,23,41,42,48],"ascension_level":20}}