{"host":"yzsgc1rrwi6sdbq7","time":1614429569,"event":{"mods":["AchievementEnabler","Act Like it!","BaseMod","Colored Map","DeckTracker","Keyboard Shortcuts","Library of Ruina","Library of Ruina Extra","Minty Spire (QoL Compilation)","Permanent Neow","Ruina","StSLib","SuperFastMode","everything is the same but u backflip on backflip"],"gold_per_floor":[117,42,54,65,65,65,15,15,15,49,66,76,90,90,90,192,192,177,177,50,68,83,110,129,144,144,144,144],"floor_reached":27,"language":"KOR","playtime":1545,"items_purged":["Defend_G"],"score":237,"play_id":"6a09e541-893b-465e-8699-0b38df934eff","local_time":"20210227213929","is_ascension_mode":false,"campfire_choices":[{"data":"Neutralize","floor":6,"key":"SMITH"},{"data":"PiercingWail","floor":8,"key":"SMITH"},{"data":"Poisoned Stab","floor":15,"key":"SMITH"}],"circlet_count":0,"master_deck":["Strike_G","Strike_G","Strike_G","Defend_G","Defend_G","Survivor","Neutralize+1","Prepared+1","Dodge and Roll+1","Outmaneuver+1","PiercingWail+1","Flying Knee","Dagger Throw","Poisoned Stab+1","Catalyst","Tools of the Trade","Bouncing Flask","Deadly Poison","Catalyst+1"],"relics":["Astrolabe","PageOfGreed","PageOfTheQueenOfHatred","Fusion Hammer","PageOfTheKnightOfDespair","PageOfWrath"],"acts_visited":["Exordium","TheCity"],"potions_floor_usage":[10,16,16,16,18,23],"damage_taken":[{"damage":0,"enemies":"2 Louse","floor":1,"turns":3},{"damage":0,"enemies":"Jaw Worm","floor":3,"turns":6},{"damage":4,"enemies":"Small Slimes","floor":4,"turns":6},{"damage":12,"enemies":"3 Sentries","floor":10,"turns":15},{"damage":1,"enemies":"Blue Slaver","floor":11,"turns":3},{"damage":7,"enemies":"Exordium Wildlife","floor":12,"turns":6},{"damage":11,"enemies":"3 Louse","floor":13,"turns":5},{"damage":4,"enemies":"The Guardian","floor":16,"turns":9},{"damage":13,"enemies":"2 Thieves","floor":18,"turns":4},{"damage":6,"enemies":"Shell Parasite","floor":21,"turns":3},{"damage":9,"enemies":"Snake Plant","floor":22,"turns":3},{"damage":43,"enemies":"Slavers","floor":23,"turns":8},{"damage":11,"enemies":"3 Cultists","floor":24,"turns":6},{"damage":2,"enemies":"Centurion and Healer","floor":25,"turns":7},{"damage":33,"enemies":"Gremlin Leader","floor":27,"turns":2}],"seed_played":"4209582659920091489","potions_obtained":[{"floor":4,"key":"DuplicationPotion"},{"floor":10,"key":"LiquidMemories"},{"floor":11,"key":"Fire Potion"},{"floor":12,"key":"Strength Potion"},{"floor":16,"key":"ColorlessPotion"},{"floor":22,"key":"Block Potion"},{"floor":25,"key":"DuplicationPotion"}],"is_trial":false,"path_per_floor":["M","$","M","M","?","R","?","R","T","E","M","M","M","$","R","B",null,"M","?","$","M","M","E","M","M","T","E"],"character_chosen":"THE_SILENT","items_purchased":["Bouncing Flask","Deadly Poison"],"campfire_rested":0,"item_purchase_floors":[20,20],"current_hp_per_floor":[70,70,70,66,71,71,71,71,71,59,62,63,57,57,57,65,75,67,67,67,64,58,25,22,30,30,0,0],"gold":144,"neow_bonus":"BOSS_RELIC","is_daily":false,"chose_seed":false,"campfire_upgraded":3,"win_rate":0.0,"timestamp":1614429569,"path_taken":["M","$","M","M","?","R","?","R","T","E","M","M","M","?","R","BOSS","M","?","$","M","M","E","M","M","T","E"],"items_purchased_type":["Card","Card"],"build_version":"2020-12-22","purchased_purges":1,"victory":false,"max_hp_per_floor":[70,70,70,70,75,75,75,75,75,75,75,75,75,75,75,75,75,75,75,75,75,75,75,75,75,75,75,75],"card_choices":[{"not_picked":["Sucker Punch","Catalyst"],"picked":"PiercingWail","floor":1},{"not_picked":["Eviscerate","Predator"],"picked":"Flying Knee","floor":3},{"not_picked":["Choke","Flying Knee"],"picked":"Dagger Throw","floor":4},{"not_picked":["Endless Agony","Flying Knee"],"picked":"Poisoned Stab","floor":10},{"not_picked":["Bane","Quick Slash"],"picked":"Catalyst","floor":11},{"not_picked":["Dash","Dodge and Roll","Dagger Spray"],"picked":"SKIP","floor":12},{"not_picked":["Sucker Punch","Prepared","Expertise"],"picked":"SKIP","floor":13},{"not_picked":["A Thousand Cuts","Night Terror"],"picked":"Tools of the Trade","floor":16},{"not_picked":["Distraction","Prepared","Underhanded Strike"],"picked":"SKIP","floor":18},{"not_picked":["PiercingWail","Deadly Poison"],"picked":"Catalyst+1","floor":21},{"not_picked":["Dagger Throw","Slice+1","Underhanded Strike"],"picked":"SKIP","floor":22},{"not_picked":["Catalyst","All Out Attack","Blade Dance"],"picked":"SKIP","floor":23},{"not_picked":["PiercingWail","Flying Knee+1","Skewer"],"picked":"SKIP","floor":24},{"not_picked":["Outmaneuver","Dagger Throw","Underhanded Strike"],"picked":"SKIP","floor":25}],"player_experience":24954,"relics_obtained":[{"floor":9,"key":"PageOfGreed"},{"floor":10,"key":"PageOfTheQueenOfHatred"},{"floor":23,"key":"PageOfTheKnightOfDespair"},{"floor":26,"key":"PageOfWrath"}],"event_choices":[{"damage_healed":0,"gold_gain":0,"player_choice":"Donut","damage_taken":0,"max_hp_gain":5,"max_hp_loss":0,"event_name":"Big Fish","floor":5,"gold_loss":0},{"cards_removed":["Defend_G"],"damage_healed":0,"gold_gain":0,"player_choice":"Card Removal","damage_taken":0,"max_hp_gain":0,"max_hp_loss":0,"event_name":"The Cleric","floor":7,"gold_loss":50}],"is_beta":false,"boss_relics":[{"not_picked":["Ectoplasm","Tiny House"],"picked":"Fusion Hammer"}],"items_purged_floors":[2],"is_endless":false,"potions_floor_spawned":[4,10,11,12,16,22,25],"killed_by":"Gremlin Leader","ascension_level":0}}