{"host":"kh6fvhxn285ncg0o","time":1614432182,"event":{"mods":["Act Like it!","BaseMod","Colored Map","Friendly Minions","Keyboard Shortcuts","Minty Spire (QoL Compilation)","Quick Restart","Relic Stats","StSLib","SuperFastMode","UnlockEverythingMod"],"gold_per_floor":[114,389,407,86,186,221,221,254,254,1,13,25,39,70,70,147,147,161,86,99,99,109,135,155,185,185,212,212,244,257,257,257,331,331,345,391,407,432,444,476,476,508,508,537,62,72,102,112,112,112,112,112,112,57,86,86],"floor_reached":57,"language":"KOR","playtime":2138,"items_purged":["Regret","Anger+1"],"score":3865,"play_id":"ea8b1501-3a73-4b10-99be-0e78c0e4d4e7","local_time":"20210227222302","is_ascension_mode":true,"campfire_choices":[{"data":"Body Slam","floor":7.0,"key":"SMITH"},{"data":"Dark Embrace","floor":15.0,"key":"SMITH"},{"data":"Burning Pact","floor":28.0,"key":"SMITH"},{"data":"Feel No Pain","floor":32.0,"key":"SMITH"},{"data":"Battle Trance","floor":41.0,"key":"SMITH"},{"floor":49.0,"key":"RECALL"},{"data":"Power Through","floor":53,"key":"SMITH"}],"circlet_count":0,"master_deck":["AscendersBane","Strike_R+1","Defend_R","Defend_R","Defend_R","Defend_R","Bash+1","Hemokinesis+1","Corruption+1","Battle Trance+1","Dark Embrace+1","Body Slam+1","Feel No Pain+1","Finesse","Shockwave","Disarm","Second Wind","Reaper","Power Through+1","Burning Pact+1","Impervious","True Grit+1","Immolate","Shrug It Off","Panacea"],"relics":["Astrolabe","Blood Vial","TungstenRod","Whetstone","StrikeDummy","Bag of Preparation","Ornamental Fan","Mark of Pain","Unceasing Top","Anchor","Singing Bowl","Happy Flower","Omamori","Necronomicon","Coffee Dripper","Shovel","Girya","HornCleat","Lizard Tail","Kunai","Potion Belt","Mango","Red Skull"],"acts_visited":["Exordium","TheCity","TheBeyond","TheEnding"],"potions_floor_usage":[56,56,56,56,56,56,56],"damage_taken":[{"damage":7.0,"enemies":"Jaw Worm","floor":1.0,"turns":3.0},{"damage":2.0,"enemies":"Cultist","floor":3.0,"turns":2.0},{"damage":37.0,"enemies":"Gremlin Nob","floor":6.0,"turns":4.0},{"damage":18.0,"enemies":"3 Sentries","floor":8.0,"turns":6.0},{"damage":6.0,"enemies":"Small Slimes","floor":11.0,"turns":2.0},{"damage":0.0,"enemies":"3 Louse","floor":12.0,"turns":2.0},{"damage":3.0,"enemies":"Exordium Wildlife","floor":13.0,"turns":3.0},{"damage":0.0,"enemies":"Gremlin Nob","floor":14.0,"turns":2.0},{"damage":3.0,"enemies":"Slime Boss","floor":16.0,"turns":8.0},{"damage":0.0,"enemies":"Spheric Guardian","floor":18.0,"turns":4.0},{"damage":7.0,"enemies":"2 Thieves","floor":20.0,"turns":4.0},{"damage":8.0,"enemies":"Centurion and Healer","floor":22.0,"turns":8.0},{"damage":12.0,"enemies":"Book of Stabbing","floor":23.0,"turns":7.0},{"damage":2.0,"enemies":"3 Cultists","floor":24.0,"turns":4.0},{"damage":1.0,"enemies":"Gremlin Leader","floor":25.0,"turns":5.0},{"damage":2.0,"enemies":"Slavers","floor":27.0,"turns":3.0},{"damage":2.0,"enemies":"Book of Stabbing","floor":29.0,"turns":3.0},{"damage":0.0,"enemies":"Chosen and Byrds","floor":30.0,"turns":5.0},{"damage":1.0,"enemies":"Collector","floor":33.0,"turns":6.0},{"damage":1.0,"enemies":"3 Shapes","floor":35.0,"turns":3.0},{"damage":2.0,"enemies":"2 Orb Walkers","floor":36.0,"turns":3.0},{"damage":1.0,"enemies":"Orb Walker","floor":37.0,"turns":3.0},{"damage":0.0,"enemies":"Mind Bloom Boss Battle","floor":38.0,"turns":9.0},{"damage":1.0,"enemies":"Transient","floor":39.0,"turns":6.0},{"damage":1.0,"enemies":"Giant Head","floor":40.0,"turns":5.0},{"damage":9.0,"enemies":"Nemesis","floor":42.0,"turns":5.0},{"damage":0.0,"enemies":"Reptomancer","floor":44.0,"turns":4.0},{"damage":1.0,"enemies":"Spire Growth","floor":46.0,"turns":3.0},{"damage":1.0,"enemies":"Nemesis","floor":47.0,"turns":5.0},{"damage":0.0,"enemies":"3 Darklings","floor":48.0,"turns":2.0},{"damage":0.0,"enemies":"Awakened One","floor":50.0,"turns":7.0},{"damage":19,"enemies":"Donu and Deca","floor":51,"turns":8},{"damage":23,"enemies":"Shield and Spear","floor":55,"turns":3},{"damage":0,"enemies":"The Heart","floor":56,"turns":7}],"seed_played":"-7823059467440539050","potions_obtained":[{"floor":1.0,"key":"Regen Potion"},{"floor":12.0,"key":"Strength Potion"},{"floor":14.0,"key":"BloodPotion"},{"floor":16.0,"key":"Swift Potion"},{"floor":22.0,"key":"SkillPotion"},{"floor":24.0,"key":"Fire Potion"},{"floor":25.0,"key":"SteroidPotion"},{"floor":29.0,"key":"Dexterity Potion"},{"floor":36.0,"key":"Ancient Potion"},{"floor":37.0,"key":"SpeedPotion"},{"floor":47.0,"key":"Ancient Potion"}],"is_trial":false,"path_per_floor":["M","?","M","$","?","E","R","E","T","$","M","M","M","E","R","B",null,"M","?","M","$","M","E","M","E","T","E","R","E","M","?","R","B",null,"M","?","M","?","M","E","R","E","T","E","$","M","E","M","R","B","B",null,"R","$","E","B",null],"character_chosen":"IRONCLAD","items_purchased":["Dark Embrace","Blood Vial","Bag of Preparation","Finesse","Potion Belt","EntropicBrew","Panacea","Dexterity Potion"],"campfire_rested":0,"item_purchase_floors":[4,4,10,10,45,45,45,54],"current_hp_per_floor":[61,61,59,59,59,36,36,20,20,20,16,18,17,19,19,33,65,71,71,69,69,68,64,74,75,75,76,76,75,77,60,60,61,73,76,80,83,85,86,86,86,80,80,91,91,92,108,111,111,111,92,106,106,106,93,95],"gold":86,"neow_bonus":"BOSS_RELIC","is_daily":false,"chose_seed":false,"campfire_upgraded":6,"win_rate":0.0,"timestamp":1614432182,"path_taken":["M","?","?","$","?","E","R","E","T","?","M","?","M","E","R","BOSS","M","?","M","?","?","E","?","E","T","E","R","E","M","?","R","BOSS","M","?","M","?","M","E","R","E","T","E","?","M","E","M","R","BOSS","BOSS","R","$","E","BOSS"],"items_purchased_type":["Card","Relic","Relic","Card","Relic","Potion","Card","Potion"],"build_version":"2020-12-22","purchased_purges":2,"victory":true,"max_hp_per_floor":[75,75,75,75,75,75,75,75,75,75,75,75,75,75,75,75,75,75,75,75,75,75,75,75,75,75,77,77,77,77,77,77,77,77,79,81,83,85,87,87,87,89,89,91,91,93,109,111,111,111,111,111,111,111,113,113],"relic_stats":{"Singing Bowl":24,"Happy Flower":[29],"counters":[34,154],"Astrolabe":["Anger","Hemokinesis","Corruption"],"Bag of Preparation":[60],"Whetstone":["Bash","Strike_R"],"Blood Vial":45,"Lizard Tail":0,"Shovel":0,"Ornamental Fan":[156],"Necronomicon":[32],"Kunai":[9],"obtain_stats":[{"Potion Belt":45,"Girya":38,"Singing Bowl":26,"Happy Flower":27,"Astrolabe":0,"Mango":47,"Bag of Preparation":10,"Omamori":29,"Whetstone":8,"Burning Blood":0,"Blood Vial":4,"Anchor":25,"Lizard Tail":42,"Shovel":36,"HornCleat":40,"Ornamental Fan":14,"Mark of Pain":17,"Necronomicon":31,"Coffee Dripper":34,"Kunai":44,"StrikeDummy":9,"TungstenRod":6,"Unceasing Top":23,"Red Skull":55},{"Potion Belt":27,"Girya":23,"Singing Bowl":15,"Happy Flower":16,"Astrolabe":0,"Mango":29,"Bag of Preparation":4,"Omamori":17,"Whetstone":4,"Burning Blood":0,"Blood Vial":2,"Anchor":15,"Lizard Tail":26,"Shovel":21,"HornCleat":25,"Ornamental Fan":8,"Mark of Pain":9,"Necronomicon":18,"Coffee Dripper":19,"Kunai":27,"StrikeDummy":4,"TungstenRod":3,"Unceasing Top":13,"Red Skull":33},{"Potion Belt":119,"Girya":99,"Singing Bowl":64,"Happy Flower":67,"Astrolabe":0,"Mango":127,"Bag of Preparation":15,"Omamori":70,"Whetstone":15,"Burning Blood":0,"Blood Vial":5,"Anchor":64,"Lizard Tail":115,"Shovel":87,"HornCleat":110,"Ornamental Fan":24,"Mark of Pain":32,"Necronomicon":75,"Coffee Dripper":81,"Kunai":119,"StrikeDummy":15,"TungstenRod":9,"Unceasing Top":55,"Red Skull":147}],"TungstenRod":54,"Unceasing Top":[3]},"card_choices":[{"not_picked":["Spot Weakness","Wild Strike"],"picked":"Battle Trance","floor":1.0},{"not_picked":["Warcry","Havoc","Clothesline"],"picked":"SKIP","floor":3.0},{"not_picked":["Perfected Strike","Wild Strike"],"picked":"Body Slam","floor":6.0},{"not_picked":["Blood for Blood","Body Slam"],"picked":"Feel No Pain","floor":8.0},{"not_picked":["Inflame","Shrug It Off"],"picked":"Shockwave","floor":11.0},{"not_picked":["Sword Boomerang","Pommel Strike","Twin Strike"],"picked":"SKIP","floor":12.0},{"not_picked":["Body Slam","Double Tap"],"picked":"Disarm","floor":13.0},{"not_picked":["Feel No Pain","Heavy Blade"],"picked":"Second Wind","floor":14.0},{"not_picked":["Bludgeon","Corruption"],"picked":"Reaper","floor":16.0},{"not_picked":["Headbutt","Thunderclap","Iron Wave"],"picked":"SKIP","floor":18.0},{"not_picked":["Cleave","Fire Breathing"],"picked":"Power Through","floor":20.0},{"not_picked":["Combust","Thunderclap","Rupture"],"picked":"SKIP","floor":22.0},{"not_picked":["Infernal Blade","True Grit","Sword Boomerang"],"picked":"SKIP","floor":23.0},{"not_picked":["Body Slam","Bloodletting"],"picked":"Burning Pact","floor":24.0},{"not_picked":["Clothesline","Perfected Strike","Spot Weakness"],"picked":"SKIP","floor":25.0},{"not_picked":["Dark Embrace","Thunderclap","Spot Weakness"],"picked":"Singing Bowl","floor":27.0},{"not_picked":["Perfected Strike+1","True Grit"],"picked":"Impervious","floor":29.0},{"not_picked":["Clash","Intimidate"],"picked":"True Grit+1","floor":30.0},{"not_picked":["Reaper","Berserk"],"picked":"Immolate","floor":33.0},{"not_picked":["Thunderclap+1","Clothesline","Twin Strike"],"picked":"Singing Bowl","floor":35.0},{"not_picked":["Whirlwind","Havoc","Rampage"],"picked":"Singing Bowl","floor":36.0},{"not_picked":["Headbutt","Sword Boomerang","Whirlwind"],"picked":"Singing Bowl","floor":37.0},{"not_picked":["Iron Wave","Infernal Blade","Fire Breathing"],"picked":"Singing Bowl","floor":38.0},{"not_picked":["Pommel Strike","Disarm","Clothesline"],"picked":"Singing Bowl","floor":39.0},{"not_picked":["Armaments","Reckless Charge"],"picked":"Shrug It Off","floor":40.0},{"not_picked":["Clothesline+1","Reaper","Shrug It Off"],"picked":"Singing Bowl","floor":42.0},{"not_picked":["Berserk","Battle Trance","Perfected Strike"],"picked":"Singing Bowl","floor":44.0},{"not_picked":["Power Through","Iron Wave","Blood for Blood"],"picked":"Singing Bowl","floor":46.0},{"not_picked":["Inflame+1","Rupture","Infernal Blade"],"picked":"Singing Bowl","floor":47.0},{"not_picked":["Twin Strike","Clothesline","Heavy Blade"],"picked":"Singing Bowl","floor":48.0},{"not_picked":["Second Wind+1","Dark Embrace","Iron Wave"],"picked":"Singing Bowl","floor":55}],"player_experience":1574664,"relics_obtained":[{"floor":6.0,"key":"TungstenRod"},{"floor":8.0,"key":"Whetstone"},{"floor":9.0,"key":"StrikeDummy"},{"floor":14.0,"key":"Ornamental Fan"},{"floor":23.0,"key":"Unceasing Top"},{"floor":25.0,"key":"Anchor"},{"floor":26.0,"key":"Singing Bowl"},{"floor":27.0,"key":"Happy Flower"},{"floor":29.0,"key":"Omamori"},{"floor":31.0,"key":"Necronomicon"},{"floor":36.0,"key":"Shovel"},{"floor":38.0,"key":"Girya"},{"floor":40.0,"key":"HornCleat"},{"floor":42.0,"key":"Lizard Tail"},{"floor":44.0,"key":"Kunai"},{"floor":47.0,"key":"Mango"},{"floor":55,"key":"Red Skull"}],"event_choices":[{"damage_healed":0.0,"max_hp_gain":0.0,"max_hp_loss":0.0,"gold_gain":275.0,"event_name":"Golden Shrine","player_choice":"Desecrate","floor":2.0,"gold_loss":0.0,"damage_taken":0.0,"cards_obtained":["Regret"]},{"damage_healed":0.0,"max_hp_gain":0.0,"max_hp_loss":0.0,"gold_gain":100.0,"event_name":"Wheel of Change","player_choice":"Gold","floor":5.0,"gold_loss":0.0,"damage_taken":0.0},{"cards_removed":["Strike_R"],"damage_healed":0.0,"max_hp_gain":0.0,"max_hp_loss":0.0,"gold_gain":0.0,"event_name":"Designer","player_choice":"Single Remove","floor":19.0,"gold_loss":75.0,"damage_taken":0.0},{"damage_healed":0.0,"max_hp_gain":0.0,"max_hp_loss":0.0,"gold_gain":0.0,"event_name":"Cursed Tome","player_choice":"Obtained Book","floor":31.0,"gold_loss":0.0,"damage_taken":21.0},{"damage_healed":0.0,"max_hp_gain":0.0,"max_hp_loss":0.0,"gold_gain":0.0,"event_name":"Mysterious Sphere","player_choice":"Fight","floor":36.0,"gold_loss":0.0,"damage_taken":0.0},{"damage_healed":0.0,"max_hp_gain":0.0,"max_hp_loss":0.0,"gold_gain":0.0,"event_name":"MindBloom","player_choice":"Fight","floor":38.0,"gold_loss":0.0,"damage_taken":0.0}],"is_beta":false,"boss_relics":[{"not_picked":["Pandora\u0027s Box","Philosopher\u0027s Stone"],"picked":"Mark of Pain"},{"not_picked":["Snecko Eye","Cursed Key"],"picked":"Coffee Dripper"}],"items_purged_floors":[4,45],"is_endless":false,"potions_floor_spawned":[1,12,14,16,22,24,25,29,36,37,38,40,47,48],"ascension_level":20}}