{"host":"ymmeoa1x24ihslbm","time":1614424924,"event":{"mods":["AchievementEnabler","BaseMod","Colored Map","Colored Powertips","Defuse TimeMaze Blight","Highlight Path","Minty Spire (QoL Compilation)","Permanent Neow","Quick Restart","StSLib","The Senshi","Unceasing Turn Reminder"],"gold_per_floor":[117,117,133,133,143,143,158,168,193,106,106,117,117,133,133,237,237,225,254,336,336,354,354,372,372,450,450,450,460,478,491,491,592,592,603,616,636,636,648,673,690,725,779,799,816,816,849,864,864,864],"floor_reached":51,"language":"ENG","playtime":4041,"items_purged":[],"score":1096,"play_id":"ca7eed49-c624-4a9a-b5a6-0d7b88e5f305","local_time":"20210227122204","is_ascension_mode":true,"campfire_choices":[{"data":"theSenshi:StudyParty","floor":6,"key":"SMITH"},{"data":"theSenshi:SailorNeptuneAssists","floor":13,"key":"SMITH"},{"data":"theSenshi:MoonHealingEscalation","floor":15,"key":"SMITH"},{"data":"theSenshi:SailorMercuryAssists","floor":23,"key":"SMITH"},{"data":"theSenshi:SailorJupiterAssists","floor":25,"key":"SMITH"},{"data":"theSenshi:SailorChibiMoonAssists","floor":28,"key":"SMITH"},{"data":"theSenshi:LunaSensingAllies","floor":32,"key":"SMITH"},{"data":"theSenshi:InTheNameOfTheMoon","floor":46,"key":"SMITH"},{"data":"theSenshi:RainbowMoonHeartAche","floor":49,"key":"SMITH"}],"circlet_count":0,"master_deck":["theSenshi:SailorKick+1","theSenshi:SailorKick+1","theSenshi:SailorKick+1","theSenshi:SailorBlock+1","theSenshi:SailorBlock+1","theSenshi:SailorBlock+1","theSenshi:SailorBlock+1","theSenshi:RoseThrow+1","theSenshi:MoonPrismPowerMakeUp","theSenshi:StudyParty+1","theSenshi:MoonTiaraMagic+1","theSenshi:MoonHealingEscalation+1","theSenshi:SailorMercuryAssists+1","theSenshi:SailorNeptuneAssists+1","theSenshi:SailorJupiterAssists+1","theSenshi:SailorChibiMoonAssists+1","theSenshi:LunaSensingAllies+1","theSenshi:MoonCrisisMakeUp+1","theSenshi:VenusGlamour+1","theSenshi:InTheNameOfTheMoon+1","theSenshi:SailorMarsAssists+1","theSenshi:Sidestep+1","theSenshi:MoonPrincessHalation+1","theSenshi:SailorVenusAssists+1","theSenshi:CrisisMakeUp+1","theSenshi:RainbowMoonHeartAche+1","theSenshi:MoonsReflection+1"],"relics":["theSenshi:TransformationBroochRelic","Vajra","Ginger","theSenshi:EternalSailorFukuRelic","Red Mask","theSenshi:CrescentMoonWandRelic","StrikeDummy","SacredBark","Pen Nib","PreservedInsect","theSenshi:RoseRelic","War Paint"],"acts_visited":["Exordium","TheCity","TheBeyond"],"potions_floor_usage":[7,16,19,24,29,40,44,45,50,50],"damage_taken":[{"damage":9,"enemies":"Jaw Worm","floor":1,"turns":3},{"damage":6,"enemies":"Small Slimes","floor":3,"turns":3},{"damage":0,"enemies":"Cultist","floor":5,"turns":4},{"damage":3,"enemies":"Lots of Slimes","floor":7,"turns":6},{"damage":10,"enemies":"Exordium Thugs","floor":8,"turns":4},{"damage":0,"enemies":"Red Slaver","floor":12,"turns":3},{"damage":16,"enemies":"Looter","floor":14,"turns":5},{"damage":18,"enemies":"The Guardian","floor":16,"turns":15},{"damage":4,"enemies":"2 Thieves","floor":18,"turns":4},{"damage":40,"enemies":"Masked Bandits","floor":19,"turns":6},{"damage":35,"enemies":"Spheric Guardian","floor":22,"turns":9},{"damage":7,"enemies":"Centurion and Healer","floor":24,"turns":12},{"damage":0,"enemies":"Snake Plant","floor":29,"turns":4},{"damage":16,"enemies":"3 Cultists","floor":30,"turns":6},{"damage":6,"enemies":"Centurion and Healer","floor":31,"turns":8},{"damage":1,"enemies":"Champ","floor":33,"turns":14},{"damage":38,"enemies":"3 Darklings","floor":35,"turns":6},{"damage":11,"enemies":"Orb Walker","floor":36,"turns":5},{"damage":6,"enemies":"Maw","floor":37,"turns":8},{"damage":17,"enemies":"Jaw Worm Horde","floor":39,"turns":6},{"damage":49,"enemies":"Reptomancer","floor":40,"turns":8},{"damage":33,"enemies":"Writhing Mass","floor":41,"turns":7},{"damage":51,"enemies":"Nemesis","floor":42,"turns":11},{"damage":15,"enemies":"Transient","floor":44,"turns":5},{"damage":32,"enemies":"Sphere and 2 Shapes","floor":45,"turns":8},{"damage":33,"enemies":"Reptomancer","floor":47,"turns":6},{"damage":15,"enemies":"3 Darklings","floor":48,"turns":8},{"damage":73,"enemies":"Donu and Deca","floor":50,"turns":9}],"seed_played":"-989906347496906320","potions_obtained":[{"floor":3,"key":"Dexterity Potion"},{"floor":5,"key":"SpeedPotion"},{"floor":8,"key":"SkillPotion"},{"floor":14,"key":"DuplicationPotion"},{"floor":18,"key":"Fire Potion"},{"floor":22,"key":"SteroidPotion"},{"floor":29,"key":"Fruit Juice"},{"floor":31,"key":"Swift Potion"},{"floor":37,"key":"PowerPotion"},{"floor":41,"key":"ColorlessPotion"},{"floor":42,"key":"LiquidMemories"},{"floor":44,"key":"Regen Potion"}],"is_trial":false,"path_per_floor":["M","?","M","?","M","R","M","M","T","$","T","M","R","M","R","B",null,"M","?","T","?","M","R","M","R","T","?","R","M","M","M","R","B",null,"M","M","M","?","M","E","M","E","T","M","M","R","E","M","R","B",null],"character_chosen":"THE_SENSHI","items_purchased":["theSenshi:SailorNeptuneAssists","theSenshi:SailorJupiterAssists"],"campfire_rested":0,"item_purchase_floors":[10,10],"current_hp_per_floor":[59,44,38,38,38,38,50,40,40,40,40,45,45,39,39,75,75,73,55,55,55,55,55,75,75,75,75,75,80,77,80,80,80,80,52,46,65,65,73,49,41,30,30,30,80,80,57,62,62,25],"gold":864,"neow_bonus":"ONE_RANDOM_RARE_CARD","is_daily":false,"chose_seed":false,"campfire_upgraded":9,"win_rate":0.0,"timestamp":1614424924,"path_taken":["M","?","M","?","M","R","?","M","T","?","?","M","R","M","R","BOSS","M","?","?","?","M","R","M","R","T","?","R","M","M","M","R","BOSS","M","M","M","?","M","E","M","E","T","?","M","R","E","M","R","BOSS"],"items_purchased_type":["Card","Card"],"build_version":"2020-12-22","purchased_purges":0,"victory":true,"max_hp_per_floor":[75,75,75,75,75,75,75,75,75,75,75,75,75,75,75,75,75,75,75,75,75,75,75,75,75,75,75,75,80,80,80,80,80,80,80,80,80,80,80,80,80,80,80,80,80,80,80,80,80,80],"card_choices":[{"not_picked":["theSenshi:LateForSchool","theSenshi:DramaticEntrance"],"picked":"theSenshi:MoonTiaraMagic","floor":1},{"not_picked":["theSenshi:LateForSchool","theSenshi:SailorStarMakerAssists","theSenshi:TallSilhouette"],"picked":"SKIP","floor":3},{"not_picked":["theSenshi:SailorMercuryAssists","theSenshi:MoonCosmicPowerMakeUp"],"picked":"theSenshi:MoonHealingEscalation","floor":5},{"not_picked":["theSenshi:SaturnsMystery","theSenshi:SailorPlanetPower","theSenshi:EncouragingSpeech"],"picked":"SKIP","floor":7},{"not_picked":["theSenshi:MoonCosmicPowerMakeUp","theSenshi:TuxedoSmokingBomber"],"picked":"theSenshi:SailorMercuryAssists","floor":8},{"not_picked":["theSenshi:SupersonicWaves","theSenshi:OdangoHead","theSenshi:MoonPrincessHalation"],"picked":"SKIP","floor":12},{"not_picked":["theSenshi:UranusStrength","theSenshi:SaturnsMystery"],"picked":"theSenshi:SailorChibiMoonAssists","floor":14},{"not_picked":["theSenshi:SailorPlutoAssists","theSenshi:InTheNameOfTheMoon"],"picked":"theSenshi:LunaSensingAllies","floor":16},{"not_picked":["theSenshi:GatheringStrength+1","theSenshi:MoonsReflection+1","theSenshi:TuxedoSmokingBomber+1"],"picked":"SKIP","floor":18},{"not_picked":["theSenshi:MoonCosmicPowerMakeUp","theSenshi:DramaticEntrance"],"picked":"theSenshi:MoonCrisisMakeUp+1","floor":22},{"not_picked":["theSenshi:LunaWiseMentor","theSenshi:InTheNickOfTime","theSenshi:SailorNeptuneAssists"],"picked":"SKIP","floor":24},{"not_picked":["theSenshi:MoonPrincessHalation","theSenshi:DramaticEntrance","theSenshi:LateForSchool"],"picked":"SKIP","floor":29},{"not_picked":["theSenshi:TuxedoSmokingBomber+1","theSenshi:WarriorOfTheMoon","theSenshi:EncouragingSpeech"],"picked":"SKIP","floor":30},{"not_picked":["theSenshi:MoonCrystalPowerMakeUp","theSenshi:HesSoDreamy"],"picked":"theSenshi:VenusGlamour+1","floor":31},{"not_picked":["theSenshi:StudyParty","theSenshi:SailorPlutoAssists"],"picked":"theSenshi:InTheNameOfTheMoon","floor":33},{"not_picked":["theSenshi:OdangoHead","theSenshi:TallSilhouette"],"picked":"theSenshi:SailorMarsAssists+1","floor":35},{"not_picked":["theSenshi:MoonCrystalPowerMakeUp+1","theSenshi:MoonPrincessHalation","theSenshi:MoonTiaraMagic+1"],"picked":"SKIP","floor":36},{"not_picked":["theSenshi:YouCanTalk","theSenshi:SupersonicWaves"],"picked":"theSenshi:Sidestep+1","floor":37},{"not_picked":["theSenshi:InTheNameOfTheMoon","theSenshi:SailorChibiMoonAssists"],"picked":"theSenshi:MoonPrincessHalation+1","floor":39},{"not_picked":["theSenshi:YouCanTalk+1","theSenshi:TuxedoSmokingBomber"],"picked":"theSenshi:SailorVenusAssists+1","floor":40},{"not_picked":["theSenshi:MoonPrincessHalation+1","theSenshi:MoonTiaraMagic","theSenshi:OdangoHead"],"picked":"SKIP","floor":41},{"not_picked":["theSenshi:MoonEternalMakeUp","theSenshi:SailorVenusAssists+1"],"picked":"theSenshi:CrisisMakeUp+1","floor":42},{"not_picked":["theSenshi:MoonlightKnight+1","theSenshi:LateForSchool"],"picked":"theSenshi:RainbowMoonHeartAche","floor":44},{"not_picked":["theSenshi:EncouragingSpeech+1","theSenshi:LunasBite+1","theSenshi:SchoolBag"],"picked":"SKIP","floor":45},{"not_picked":["theSenshi:HesSoDreamy+1","theSenshi:SailorVenusAssists"],"picked":"theSenshi:MoonsReflection+1","floor":47},{"not_picked":["theSenshi:SailorMarsAssists","theSenshi:MoonPrincessHalation+1","theSenshi:RainbowMoonHeartAche"],"picked":"SKIP","floor":48}],"player_experience":777260,"relics_obtained":[{"floor":9,"key":"Vajra"},{"floor":11,"key":"Ginger"},{"floor":19,"key":"Red Mask"},{"floor":20,"key":"theSenshi:CrescentMoonWandRelic"},{"floor":26,"key":"StrikeDummy"},{"floor":40,"key":"Pen Nib"},{"floor":42,"key":"PreservedInsect"},{"floor":43,"key":"theSenshi:RoseRelic"},{"floor":47,"key":"War Paint"}],"event_choices":[{"damage_healed":0,"gold_gain":0,"player_choice":"Entered Light","damage_taken":15,"max_hp_gain":0,"max_hp_loss":0,"event_name":"Shining Light","floor":2,"gold_loss":0,"cards_upgraded":["theSenshi:MoonTiaraMagic","theSenshi:SailorBlock"]},{"cards_removed":["theSenshi:SailorKick"],"damage_healed":0,"gold_gain":0,"player_choice":"Purged","damage_taken":0,"max_hp_gain":0,"max_hp_loss":0,"event_name":"Purifier","floor":4,"gold_loss":0},{"damage_healed":0,"gold_gain":0,"player_choice":"Fought Bandits","damage_taken":0,"max_hp_gain":0,"max_hp_loss":0,"event_name":"Masked Bandits","floor":19,"gold_loss":0},{"damage_healed":0,"gold_gain":0,"player_choice":"Ignored","damage_taken":0,"max_hp_gain":0,"max_hp_loss":0,"event_name":"Ghosts","floor":21,"gold_loss":0},{"damage_healed":0,"gold_gain":0,"player_choice":"Simplicity","damage_taken":0,"max_hp_gain":0,"max_hp_loss":0,"event_name":"Back to Basics","floor":27,"gold_loss":0,"cards_upgraded":["theSenshi:SailorKick","theSenshi:SailorKick","theSenshi:SailorKick","theSenshi:SailorBlock","theSenshi:SailorBlock","theSenshi:SailorBlock"]},{"damage_healed":0,"gold_gain":0,"player_choice":"Bought 0 Potions","damage_taken":0,"max_hp_gain":0,"max_hp_loss":0,"event_name":"The Woman in Blue","floor":38,"gold_loss":0}],"is_beta":false,"boss_relics":[{"not_picked":["Calling Bell","Pandora\u0027s Box"],"picked":"theSenshi:EternalSailorFukuRelic"},{"not_picked":["Philosopher\u0027s Stone","Astrolabe"],"picked":"SacredBark"}],"items_purged_floors":[],"is_endless":false,"potions_floor_spawned":[3,5,8,14,18,22,29,31,37,39,41,42,44],"ascension_level":9}}