{"host":"7lnw6pwanvfe76gu","time":1614459693,"event":{"mods":["BaseMod","Colored Map","Downfall","Minty Spire (QoL Compilation)","Permanent Neow","Relic Stats","StSLib"],"gold_per_floor":[110,125,138,35,135,165,182,216,239,239,252,252,33,49,49,150,200,210,310,310,330,345,345,365,365,390,40,79,107,107,120,120,245,245,261,311,323,18,33,33,52,52,125,142,142,142],"floor_reached":45,"language":"ENG","playtime":3017,"items_purged":[],"score":624,"play_id":"cccb33ea-c0b0-4302-9724-27dead728d58","local_time":"20210227160133","is_ascension_mode":false,"campfire_choices":[{"floor":10.0,"key":"REST"},{"data":"Twin Strike","floor":12.0,"key":"SMITH"},{"data":"Discovery","floor":15.0,"key":"SMITH"},{"data":"Dual Wield","floor":23,"key":"SMITH"},{"data":"Limit Break","floor":32,"key":"SMITH"},{"floor":40,"key":"REST"},{"data":"Heavy Blade","floor":42,"key":"SMITH"}],"circlet_count":0,"master_deck":["Strike_R","Strike_R","Strike_R","Strike_R","Defend_R","Defend_R","Defend_R","Defend_R","Discovery+1","Armaments","Twin Strike+1","Disarm","Intimidate","Dual Wield+1","Sword Boomerang","Anger+1","True Grit","Inflame","Limit Break+1","Immolate","Corruption","Burning Pact","Warcry","downfall:Haunted","downfall:Haunted","Parasite","Bludgeon","downfall:Malfunctioning","Clumsy","downfall:Bewildered","Reaper","Heavy Blade+1","HandOfGreed","Trip","Intimidate+1","Spot Weakness","Shrug It Off+1","Double Tap","Warcry+1","Feel No Pain+1","Clothesline+1","Iron Wave+1","Pummel"],"relics":["Burning Blood","Dream Catcher","Nunchaku","Lantern","Oddly Smooth Stone","Tiny House","Du-Vu Doll","sneckomod:BabySnecko","Orichalcum","Juzu Bracelet","Pen Nib","Astrolabe","Incense Burner","Anchor","Membership Card","Kunai"],"acts_visited":["TheCity","TheBeyond"],"potions_floor_usage":[22,28,33,33,35],"damage_taken":[{"damage":0.0,"enemies":"2 Louse","floor":1.0,"turns":3.0},{"damage":5.0,"enemies":"Cultist","floor":2.0,"turns":4.0},{"damage":0.0,"enemies":"Small Slimes","floor":3.0,"turns":3.0},{"damage":0.0,"enemies":"Gremlin Nob","floor":6.0,"turns":3.0},{"damage":23.0,"enemies":"Exordium Wildlife","floor":7.0,"turns":7.0},{"damage":23.0,"enemies":"3 Sentries","floor":8.0,"turns":5.0},{"damage":8.0,"enemies":"Lots of Slimes","floor":11.0,"turns":3.0},{"damage":4.0,"enemies":"Looter","floor":14.0,"turns":3.0},{"damage":36.0,"enemies":"The Guardian","floor":16.0,"turns":11.0},{"damage":0.0,"enemies":"3 Byrds","floor":18.0,"turns":6.0},{"damage":4.0,"enemies":"2 Thieves","floor":21.0,"turns":2.0},{"damage":0,"enemies":"Centurion and Healer","floor":22,"turns":2},{"damage":10,"enemies":"Cultist and Chosen","floor":24,"turns":4},{"damage":15,"enemies":"Snake Plant","floor":28,"turns":2},{"damage":27,"enemies":"Gremlin Leader","floor":29,"turns":6},{"damage":9,"enemies":"Chosen and Byrds","floor":31,"turns":3},{"damage":44,"enemies":"Champ","floor":33,"turns":8},{"damage":5,"enemies":"3 Darklings","floor":35,"turns":4},{"damage":30,"enemies":"Mind Bloom Boss Battle","floor":36,"turns":8},{"damage":0,"enemies":"3 Shapes","floor":37,"turns":3},{"damage":31,"enemies":"Transient","floor":39,"turns":5},{"damage":20,"enemies":"3 Darklings","floor":41,"turns":4},{"damage":54,"enemies":"Spire Growth","floor":44,"turns":5},{"damage":32,"enemies":"Sphere and 2 Shapes","floor":45,"turns":5}],"seed_played":"-8023032688427556854","potions_obtained":[{"floor":1.0,"key":"PowerPotion"},{"floor":7.0,"key":"PowerPotion"},{"floor":8.0,"key":"Swift Potion"},{"floor":16.0,"key":"DistilledChaos"},{"floor":17.0,"key":"FearPotion"},{"floor":22,"key":"AttackPotion"},{"floor":29,"key":"Block Potion"},{"floor":39,"key":"BlessingOfTheForge"},{"floor":41,"key":"LiquidBronze"},{"floor":44,"key":"BlessingOfTheForge"}],"is_trial":false,"path_per_floor":["M","M","M","$","?","E","M","E","T","R","M","R","$","M","R","B",null,"M","?","?","M","M","R","M","?","T","$","M","E","?","M","R","B",null,"M","?","M","$","M","R","M","R","T","M","M"],"character_chosen":"IRONCLAD","items_purchased":["Intimidate","Shrug It Off","Oddly Smooth Stone","Limit Break","HandOfGreed","Fiend Fire","Trip","Anchor","Membership Card"],"campfire_rested":2,"item_purchase_floors":[4,4,13,13,27,27,27,38,38],"current_hp_per_floor":[80,80,80,80,80,80,63,46,46,70,68,68,68,70,70,40,85,85,90,90,90,90,90,86,86,86,86,81,60,60,72,72,34,90,90,76,82,82,57,84,76,76,76,28,0,0],"gold":142,"neow_bonus":"RANDOM_COLORLESS","is_daily":false,"chose_seed":false,"campfire_upgraded":5,"win_rate":0.0,"timestamp":1614459693,"path_taken":["M","M","M","$","?","E","M","E","T","R","M","R","?","M","R","BOSS","M","?","?","M","M","R","M","?","T","$","M","E","?","M","R","BOSS","M","?","M","$","M","R","M","R","T","M","M"],"items_purchased_type":["Card","Card","Relic","Card","Card","Card","Card","Relic","Relic"],"build_version":"2020-12-22","purchased_purges":0,"victory":false,"max_hp_per_floor":[80,80,80,80,80,80,80,80,80,80,80,80,80,80,80,80,85,85,90,90,90,90,90,90,90,90,90,90,90,90,90,90,90,90,90,90,90,90,90,90,90,90,90,90,90,90],"relic_stats":{"Dream Catcher":1,"Nunchaku":[9],"counters":[15,67],"Astrolabe":["Warcry","Feel No Pain","Clothesline"],"Pen Nib":[5],"Juzu Bracelet":2,"Kunai":[0],"Orichalcum":[162],"obtain_stats":[{"Lantern":0,"Tiny House":17,"Astrolabe":34,"Oddly Smooth Stone":0,"Pen Nib":30,"Juzu Bracelet":29,"Incense Burner":36,"Orichalcum":26,"Burning Blood":0,"Du-Vu Doll":19,"sneckomod:BabySnecko":20,"Dream Catcher":0,"Nunchaku":0,"Anchor":38,"Membership Card":38,"Kunai":43},{"Lantern":0,"Tiny House":0,"Astrolabe":8,"Oddly Smooth Stone":0,"Pen Nib":6,"Juzu Bracelet":6,"Incense Burner":10,"Orichalcum":4,"Burning Blood":0,"Du-Vu Doll":1,"sneckomod:BabySnecko":1,"Dream Catcher":0,"Nunchaku":0,"Anchor":11,"Membership Card":11,"Kunai":13},{"Lantern":0,"Tiny House":0,"Astrolabe":33,"Oddly Smooth Stone":0,"Pen Nib":22,"Juzu Bracelet":22,"Incense Burner":45,"Orichalcum":14,"Burning Blood":0,"Du-Vu Doll":6,"sneckomod:BabySnecko":6,"Dream Catcher":0,"Nunchaku":0,"Anchor":48,"Membership Card":48,"Kunai":57}],"Burning Blood":69},"card_choices":[{"not_picked":["Trip","Madness"],"picked":"Discovery","floor":0.0},{"not_picked":["Ghostly Armor","Inflame"],"picked":"Armaments","floor":1.0},{"not_picked":["Headbutt","Reckless Charge"],"picked":"Twin Strike","floor":2.0},{"not_picked":["Spot Weakness","Clash"],"picked":"Disarm","floor":3.0},{"not_picked":["Sever Soul","Battle Trance"],"picked":"Dual Wield","floor":6.0},{"not_picked":["Thunderclap","Battle Trance"],"picked":"Sword Boomerang","floor":7.0},{"not_picked":["Rampage","Shrug It Off"],"picked":"Anger","floor":8.0},{"not_picked":["Heavy Blade","Wild Strike"],"picked":"True Grit","floor":10.0},{"not_picked":["Rage","Sword Boomerang"],"picked":"Inflame","floor":11.0},{"not_picked":["Clash","Combust"],"picked":"Immolate","floor":14.0},{"not_picked":["Immolate","Brutality"],"picked":"Corruption","floor":16.0},{"not_picked":["Cleave","Anger"],"picked":"Burning Pact","floor":17.0},{"not_picked":["Feel No Pain","Clothesline"],"picked":"Warcry","floor":18.0},{"not_picked":["Cleave+1","True Grit+1"],"picked":"Reaper","floor":21.0},{"not_picked":["Clothesline","Sword Boomerang"],"picked":"Heavy Blade","floor":22},{"not_picked":["Sword Boomerang","Pommel Strike+1","Flex+1"],"picked":"SKIP","floor":24},{"not_picked":["Perfected Strike+1","Metallicize"],"picked":"Intimidate+1","floor":28},{"not_picked":["Shrug It Off","Twin Strike+1"],"picked":"Spot Weakness","floor":29},{"not_picked":["Warcry","Spot Weakness"],"picked":"Shrug It Off+1","floor":31},{"not_picked":["Reaper","Juggernaut"],"picked":"Double Tap","floor":33},{"not_picked":["Sword Boomerang","Spot Weakness+1","Cleave+1"],"picked":"SKIP","floor":35},{"not_picked":["Spot Weakness+1","Entrench","Flex+1"],"picked":"SKIP","floor":37},{"not_picked":["Anger+1","Rampage+1"],"picked":"Iron Wave+1","floor":39},{"not_picked":["Dual Wield","Heavy Blade+1"],"picked":"Pummel","floor":41},{"not_picked":["Sword Boomerang+1","Flame Barrier","Shrug It Off+1"],"picked":"SKIP","floor":44}],"player_experience":67346,"relics_obtained":[{"floor":6.0,"key":"Dream Catcher"},{"floor":8.0,"key":"Nunchaku"},{"floor":9.0,"key":"Lantern"},{"floor":26,"key":"Orichalcum"},{"floor":29,"key":"Juzu Bracelet"},{"floor":36,"key":"Incense Burner"},{"floor":43,"key":"Kunai"}],"event_choices":[{"damage_healed":0.0,"max_hp_gain":0.0,"max_hp_loss":0.0,"gold_gain":100.0,"event_name":"Wheel of Change","player_choice":"Gold","floor":5.0,"gold_loss":0.0,"damage_taken":0.0},{"damage_healed":0,"gold_gain":0,"player_choice":"Ignored","damage_taken":0,"max_hp_gain":0,"max_hp_loss":0,"event_name":"Ghosts","floor":25,"gold_loss":0},{"cards_removed":["Fiend Fire"],"damage_healed":0,"gold_gain":0,"player_choice":"Gave Card","damage_taken":0,"relics_obtained":["Pen Nib"],"max_hp_gain":0,"max_hp_loss":0,"event_name":"WeMeetAgain","floor":30,"gold_loss":0},{"damage_healed":0,"gold_gain":0,"player_choice":"Fight","damage_taken":0,"max_hp_gain":0,"max_hp_loss":0,"event_name":"MindBloom","floor":36,"gold_loss":0}],"is_beta":false,"boss_relics":[{"not_picked":["Fusion Hammer","Black Star"],"picked":"Tiny House"},{"not_picked":["Runic Dome","Coffee Dripper"],"picked":"Astrolabe"}],"items_purged_floors":[],"is_endless":false,"potions_floor_spawned":[1,7,8,16,22,24,29,31,39,41,44],"killed_by":"Sphere and 2 Shapes","ascension_level":0}}