{"host":"kc0uadojixyhdyxo","time":1614461355,"event":{"mods":["BaseMod","Downfall","Minty Spire (QoL Compilation)","StSLib"],"gold_per_floor":[99,99,118,118,110,134,134,134,153,153,153,165,190,224,236,336,336,336,357,377,377,402,510,510,544,544,578,578,174,197,219,244,355,355,355,413,413,413,413,413,413,413,467,467,488,508,508,508,508,508],"floor_reached":48,"language":"ENG","playtime":25356,"items_purged":["hexamod:Strike"],"score":493,"play_id":"f0b4de14-3467-4446-85b8-98c0a6ff493e","local_time":"20210227212915","is_ascension_mode":false,"campfire_choices":[{"data":"hexamod:Sear","floor":1.0,"key":"SMITH"},{"data":"hexamod:ThermalTransfer","floor":8.0,"key":"SMITH"},{"data":"hexamod:CatchUp","floor":11.0,"key":"SMITH"},{"data":"hexamod:ForkedFlame","floor":18.0,"key":"SMITH"},{"data":"hexamod:VolcanoVisage","floor":26,"key":"SMITH"},{"data":"hexamod:BurningTouch","floor":28,"key":"SMITH"},{"data":"hexamod:ThermalTransfer","floor":35,"key":"SMITH"},{"floor":44,"key":"REST"},{"floor":47,"key":"REST"}],"circlet_count":0,"master_deck":["hexamod:Strike","hexamod:Strike","hexamod:Strike","hexamod:Defend","hexamod:Defend","hexamod:Defend","hexamod:Defend","hexamod:Sear+1","hexamod:Float","hexamod:ThermalTransfer+1","hexamod:FirstSeal","hexamod:SecondSeal","hexamod:FourthSeal","hexamod:Hexaguard+1","hexamod:CatchUp+1","hexamod:BurningTouch+1","hexamod:ForkedFlame+1","hexamod:SwordOfDarkness","hexamod:VolcanoVisage+1","hexamod:StepThrough","hexamod:SpectersWail","hexamod:SoulSteal","hexamod:HeatMetal","hexamod:HexaLevel+1","expansioncontent:StudyTheSpire+1","hexamod:ThermalTransfer+1","hexamod:Hexaguard+1","hexamod:DynamicBlow+1","hexamod:SixthSeal","hexamod:HauntingEcho","Pain","Normality","hexamod:RadiantFlame+1","hexamod:ExtraCrispy+1"],"relics":["hexamod:SpiritBrand","PreservedInsect","Lantern","Vajra","Juzu Bracelet","Omamori","Cursed Key","MutagenicStrength","Prayer Wheel","Bottled Tornado","Kunai","Frozen Egg 2","Pantograph","Bag of Preparation","Calling Bell","MealTicket","hexamod:InflammatoryLetter","Turnip","Incense Burner","hexamod:SoulConsumer"],"acts_visited":["TheBeyond"],"potions_floor_usage":[22,25,25,27,32,33,36,45,48,48],"damage_taken":[{"damage":0.0,"enemies":"Cultist","floor":2.0,"turns":3.0},{"damage":0.0,"enemies":"Small Slimes","floor":3.0,"turns":4.0},{"damage":6.0,"enemies":"Jaw Worm","floor":6.0,"turns":5.0},{"damage":0.0,"enemies":"Exordium Thugs","floor":9.0,"turns":4.0},{"damage":3.0,"enemies":"2 Fungi Beasts","floor":12.0,"turns":3.0},{"damage":15.0,"enemies":"Gremlin Nob","floor":14.0,"turns":4.0},{"damage":0.0,"enemies":"Exordium Wildlife","floor":15.0,"turns":3.0},{"damage":21.0,"enemies":"DF_ARCHETYPE_STREAMLINE","floor":16.0,"turns":9.0},{"damage":8.0,"enemies":"Spheric Guardian","floor":19.0,"turns":5.0},{"damage":12.0,"enemies":"Chosen","floor":20.0,"turns":5.0},{"damage":11,"enemies":"Sentry and Sphere","floor":22,"turns":6},{"damage":0,"enemies":"WA_ARCHETYPE_RETAIN","floor":23,"turns":4},{"damage":2,"enemies":"Book of Stabbing","floor":25,"turns":3},{"damage":11,"enemies":"Gremlin Leader","floor":27,"turns":3},{"damage":5,"enemies":"downfall:FleeingMerchant","floor":29,"turns":4},{"damage":1,"enemies":"Centurion and Healer","floor":30,"turns":4},{"damage":10,"enemies":"Chosen and Byrds","floor":31,"turns":5},{"damage":8,"enemies":"Snecko","floor":32,"turns":4},{"damage":13,"enemies":"SI_MIRROR_ARCHETYPE","floor":33,"turns":8},{"damage":30,"enemies":"SI_MIRROR_ARCHETYPE","floor":36,"turns":6},{"damage":37,"enemies":"2 Orb Walkers","floor":43,"turns":5},{"damage":20,"enemies":"3 Darklings","floor":45,"turns":4},{"damage":3,"enemies":"Orb Walker","floor":46,"turns":3},{"damage":66,"enemies":"Reptomancer","floor":48,"turns":5}],"seed_played":"-3820733680952579755","potions_obtained":[{"floor":3.0,"key":"Energy Potion"},{"floor":12.0,"key":"hexamod:EctoCoolerPotion"},{"floor":14.0,"key":"hexamod:SoulburnPotion"},{"floor":15.0,"key":"hexamod:EctoCoolerPotion"},{"floor":15.0,"key":"GamblersBrew"},{"floor":19.0,"key":"champ:CounterPotion"},{"floor":20,"key":"DuplicationPotion"},{"floor":22,"key":"Slimebound:ThreeZeroPotion"},{"floor":22,"key":"EssenceOfSteel"},{"floor":23,"key":"Slimebound:ThreeZeroPotion"},{"floor":23,"key":"BlessingOfTheForge"},{"floor":25,"key":"Fire Potion"},{"floor":29,"key":"hexamod:SoulburnPotion"},{"floor":30,"key":"Regen Potion"},{"floor":32,"key":"Fire Potion"},{"floor":33,"key":"EntropicBrew"},{"floor":43,"key":"SkillPotion"}],"is_trial":false,"path_per_floor":["R","M","M","?","?","M","T","R","M","T","R","M","T","E","M","B",null,"R","M","M","?","M","?","T","E","R","E","R","$","M","M","M","B",null,"R","?","?","?","?","?","T","?","?","R","M","M","R","E"],"character_chosen":"THE_SPIRIT","items_purchased":["expansioncontent:StudyTheSpire","Bag of Preparation"],"campfire_rested":2,"item_purchase_floors":[29,29],"current_hp_per_floor":[77,77,77,65,65,66,66,66,73,73,73,77,77,69,76,62,77,77,76,71,71,67,74,74,77,77,66,66,68,74,64,63,71,77,77,64,64,64,64,64,64,64,34,57,41,42,65,0,0,0],"gold":508,"neow_bonus":"TEN_PERCENT_HP_BONUS","is_daily":false,"chose_seed":false,"campfire_upgraded":7,"win_rate":0.0,"timestamp":1614461355,"path_taken":["R","M","M","?","?","M","T","R","M","?","R","?","?","E","M","BOSS","R","M","M","?","M","?","T","E","R","E","R","?","M","M","M","BOSS","R","?","?","?","?","?","T","?","?","R","M","M","R","E"],"items_purchased_type":["Card","Relic"],"build_version":"2020-12-22","purchased_purges":1,"victory":false,"max_hp_per_floor":[77,77,77,77,77,77,77,77,77,77,77,77,77,77,77,77,77,77,77,77,77,77,77,77,77,77,77,77,77,77,77,77,77,77,77,77,77,77,77,77,77,77,77,77,77,77,77,77,77,77],"card_choices":[{"not_picked":["hexamod:ShieldOfDarkness","hexamod:BurningTouch"],"picked":"hexamod:ThermalTransfer","floor":2.0},{"not_picked":["hexamod:SkipABeat","hexamod:RetreatToShadows"],"picked":"hexamod:FirstSeal","floor":3.0},{"not_picked":["hexamod:ThermalTransfer","hexamod:GhostShield"],"picked":"hexamod:Hexaguard","floor":6.0},{"not_picked":["hexamod:NightmareStrike","hexamod:UnleashSpirits"],"picked":"hexamod:CatchUp","floor":9.0},{"not_picked":["hexamod:FirstSeal","hexamod:ShieldOfDarkness"],"picked":"hexamod:BurningTouch","floor":12.0},{"not_picked":["hexamod:HeatMetal","hexamod:BurningTouch"],"picked":"hexamod:ForkedFlame","floor":14.0},{"not_picked":["hexamod:AdvancingGuard","hexamod:FourthSeal"],"picked":"hexamod:SwordOfDarkness","floor":15.0},{"not_picked":["hexamod:GhostflameInferno","hexamod:TimeOfNeed"],"picked":"hexamod:VolcanoVisage","floor":16.0},{"not_picked":["hexamod:NecessarySacrifice","hexamod:InspiringFlames"],"picked":"hexamod:StepThrough","floor":19.0},{"not_picked":["hexamod:GhostLash","hexamod:Firestarter"],"picked":"hexamod:SpectersWail","floor":20},{"not_picked":["hexamod:BacktrackSmack","hexamod:ShieldOfDarkness","hexamod:EtherealExpedition"],"picked":"SKIP","floor":22},{"not_picked":["hexamod:ThermalTransfer","hexamod:HeatShield"],"picked":"hexamod:SoulSteal","floor":23},{"not_picked":["hexamod:BacktrackSmack","hexamod:AdvancingGuard","hexamod:BurningTouch"],"picked":"SKIP","floor":25},{"not_picked":["hexamod:InspiringFlames+1","hexamod:Hexaguard+1"],"picked":"hexamod:HeatMetal","floor":27},{"not_picked":["hexamod:Firestarter","hexamod:BacktrackSmack"],"picked":"hexamod:HexaLevel+1","floor":29},{"not_picked":["hexamod:RecurringNightmare+1","hexamod:SoulSteal"],"picked":"hexamod:ThermalTransfer","floor":30},{"not_picked":["hexamod:GhostShield","hexamod:SpectralAdrenaline","hexamod:Hexaguard"],"picked":"SKIP","floor":30},{"not_picked":["hexamod:GhostShield","hexamod:SpectralAdrenaline"],"picked":"hexamod:Hexaguard","floor":30},{"not_picked":["hexamod:NightmareGuise+1","hexamod:FourthSeal"],"picked":"hexamod:DynamicBlow+1","floor":31},{"not_picked":["hexamod:SoulSteal","hexamod:SkipABeat","hexamod:ShieldOfDarkness"],"picked":"SKIP","floor":31},{"not_picked":["hexamod:HeatMetal","hexamod:InspiringFlames","hexamod:BacktrackSmack"],"picked":"SKIP","floor":32},{"not_picked":["hexamod:GhostShield+1","hexamod:ShieldOfDarkness+1","hexamod:SoulSteal"],"picked":"SKIP","floor":32},{"not_picked":["hexamod:TimeOfNeed","hexamod:GhostOfSpirePresent+1"],"picked":"hexamod:SixthSeal","floor":33},{"not_picked":["hexamod:HeatMetal","hexamod:NightmareGuise"],"picked":"hexamod:HauntingEcho","floor":36},{"not_picked":["hexamod:NightmareStrike","hexamod:GhostLash","hexamod:GhostShield"],"picked":"SKIP","floor":45},{"not_picked":["hexamod:Haunt","hexamod:NightmareGuise","hexamod:RetreatToShadows+1"],"picked":"SKIP","floor":45},{"not_picked":["hexamod:SpectersWail","hexamod:Haunt+1"],"picked":"hexamod:RadiantFlame+1","floor":46},{"not_picked":["hexamod:RainOfEmbers","hexamod:RecurringNightmare+1"],"picked":"hexamod:ExtraCrispy+1","floor":46}],"player_experience":243271,"relics_obtained":[{"floor":7.0,"key":"Lantern"},{"floor":10.0,"key":"Vajra"},{"floor":13.0,"key":"Juzu Bracelet"},{"floor":14.0,"key":"Omamori"},{"floor":23,"key":"Prayer Wheel"},{"floor":23,"key":"Bottled Tornado"},{"floor":24,"key":"Kunai"},{"floor":25,"key":"Frozen Egg 2"},{"floor":27,"key":"Pantograph"},{"floor":34,"key":"MealTicket"},{"floor":34,"key":"hexamod:InflammatoryLetter"},{"floor":34,"key":"Turnip"},{"floor":36,"key":"Incense Burner"},{"floor":43,"key":"hexamod:SoulConsumer"}],"event_choices":[{"damage_healed":0.0,"max_hp_gain":0.0,"max_hp_loss":0.0,"gold_gain":0.0,"event_name":"Scrap Ooze","player_choice":"Success","floor":4.0,"gold_loss":0.0,"damage_taken":12.0,"relics_obtained":["PreservedInsect"]},{"damage_healed":0,"gold_gain":0,"player_choice":"Inject Mutagens","damage_taken":0,"relics_obtained":["MutagenicStrength"],"max_hp_gain":0,"max_hp_loss":0,"event_name":"Drug Dealer","floor":21,"gold_loss":0},{"damage_healed":0,"gold_gain":0,"player_choice":"Ignored","damage_taken":0,"max_hp_gain":0,"max_hp_loss":0,"event_name":"NoteForYourself","floor":37,"gold_loss":0},{"damage_healed":0,"gold_gain":0,"player_choice":"Fight","damage_taken":0,"max_hp_gain":0,"max_hp_loss":0,"event_name":"Mysterious Sphere","floor":43,"gold_loss":0}],"is_beta":false,"boss_relics":[{"not_picked":["Fusion Hammer","Black Star"],"picked":"Cursed Key"},{"not_picked":["Snecko Eye","Runic Dome"],"picked":"Calling Bell"}],"items_purged_floors":[29],"is_endless":false,"potions_floor_spawned":[3,12,15,22,23,25,30,31,32,33,43],"killed_by":"Reptomancer","ascension_level":0}}