{"host":"28wgp68li8o525n6","time":1614443232,"event":{"mods":["BaseMod","Minty Spire (QoL Compilation)","Reliquary","StSLib","The Marked","Trackpad"],"gold_per_floor":[119,44,44,119,138,138,178,31,31,46,46,82,107,130,130,261,261,285,210,234,87,111,154,154,188,243,243,282,282,300,332,332,437,437,452,452,552,572,589,616,616,629,629,659,132,152,167,67,67,67],"floor_reached":51,"language":"ENG","playtime":3178,"items_purged":["Normality","theMarked:KeepCalmAndFight+1","theMarked:Defend"],"score":966,"play_id":"48c5a184-e6a0-4454-8ecd-b673781a94a7","local_time":"20210227172712","is_ascension_mode":true,"campfire_choices":[{"data":"theMarked:KeepCalmAndFight","floor":6,"key":"SMITH"},{"data":"theMarked:ComboAttacks","floor":11,"key":"SMITH"},{"data":"theMarked:AttractMetal","floor":15,"key":"SMITH"},{"data":"theMarked:Electrocute","floor":24,"key":"SMITH"},{"floor":27,"key":"REST"},{"data":"theMarked:SoldierOfQuellstein","floor":32,"key":"SMITH"},{"data":"theMarked:Panic","floor":41,"key":"SMITH"},{"data":"theMarked:Reabsorb","floor":49,"key":"SMITH"}],"circlet_count":0,"master_deck":["theMarked:Defend","theMarked:Defend","theMarked:Defend","theMarked:SoldierOfQuellstein+1","theMarked:WardOff","theMarked:ComboAttacks+1","theMarked:AttractMetal+1","theMarked:Electrocute+1","theMarked:BiggerThanFate","theMarked:ContemptForTheProud+1","theMarked:OneWithTheBlade+1","theMarked:PowerFlow+1","theMarked:EternalStudent","theMarked:Panic+1","theMarked:ParalyzingBlade+1","theMarked:Reabsorb+1","theMarked:BindingBlade"],"relics":["theMarked:ArtifactOfAir","Pocketwatch","Bloody Idol","reliquary:RosewoodLute","Anchor","trackpad:IceCube","reliquary:WeakTea","reliquary:RedCape","reliquary:Stiletto","Ginger","Lantern","Toy Ornithopter","FossilizedHelix","trackpad:StolenKidneys","Du-Vu Doll","The Courier","Pen Nib","Whetstone","Sling","reliquary:Sod"],"acts_visited":["Exordium","TheCity","TheBeyond"],"potions_floor_usage":[7,16,16,25,28,31,33,50,50,50],"damage_taken":[{"damage":5,"enemies":"Small Slimes","floor":1,"turns":3},{"damage":0,"enemies":"2 Louse","floor":5,"turns":3},{"damage":30,"enemies":"Gremlin Nob","floor":7,"turns":5},{"damage":0,"enemies":"Jaw Worm","floor":10,"turns":2},{"damage":9,"enemies":"3 Sentries","floor":12,"turns":4},{"damage":0,"enemies":"2 Fungi Beasts","floor":13,"turns":2},{"damage":0,"enemies":"Large Slime","floor":14,"turns":5},{"damage":16,"enemies":"The Guardian","floor":16,"turns":15},{"damage":0,"enemies":"Chosen","floor":18,"turns":4},{"damage":6,"enemies":"3 Byrds","floor":20,"turns":5},{"damage":0,"enemies":"Cultist and Chosen","floor":22,"turns":4},{"damage":17,"enemies":"Gremlin Leader","floor":23,"turns":5},{"damage":24,"enemies":"Book of Stabbing","floor":25,"turns":4},{"damage":21,"enemies":"Gremlin Leader","floor":28,"turns":5},{"damage":0,"enemies":"Centurion and Healer","floor":30,"turns":5},{"damage":0,"enemies":"Snecko","floor":31,"turns":3},{"damage":51,"enemies":"Collector","floor":33,"turns":6},{"damage":0,"enemies":"Orb Walker","floor":35,"turns":2},{"damage":0,"enemies":"3 Darklings","floor":38,"turns":4},{"damage":0,"enemies":"Jaw Worm Horde","floor":39,"turns":3},{"damage":0,"enemies":"Reptomancer","floor":40,"turns":5},{"damage":0,"enemies":"Sphere and 2 Shapes","floor":42,"turns":2},{"damage":6,"enemies":"Nemesis","floor":44,"turns":7},{"damage":0,"enemies":"Transient","floor":46,"turns":5},{"damage":0,"enemies":"3 Darklings","floor":47,"turns":3},{"damage":2,"enemies":"Time Eater","floor":50,"turns":4}],"seed_played":"-5194623394075194124","potions_obtained":[{"floor":5,"key":"ColorlessPotion"},{"floor":7,"key":"GamblersBrew"},{"floor":12,"key":"Strength Potion"},{"floor":16,"key":"Fire Potion"},{"floor":18,"key":"BlessingOfTheForge"},{"floor":25,"key":"SkillPotion"},{"floor":30,"key":"ColorlessPotion"},{"floor":33,"key":"PowerPotion"},{"floor":39,"key":"Energy Potion"},{"floor":40,"key":"Dexterity Potion"},{"floor":46,"key":"Swift Potion"}],"is_trial":false,"path_per_floor":["M","$","?","?","M","R","E","$","T","M","R","E","M","M","R","B",null,"M","?","M","$","M","E","R","E","T","R","E","?","M","M","R","B",null,"M","?","?","M","M","E","R","M","T","E","$","M","M","$","R","B",null],"character_chosen":"THE_DEFAULT","items_purchased":["Anchor","reliquary:Stiletto","Whetstone","Sling","reliquary:Sod"],"campfire_rested":1,"item_purchase_floors":[8,21,45,45,45],"current_hp_per_floor":[67,67,67,56,56,56,26,26,26,26,26,17,17,17,17,1,72,72,72,66,66,66,49,49,25,25,46,30,30,35,50,50,9,72,72,72,72,72,72,72,72,72,72,71,71,72,72,72,72,72],"gold":67,"neow_bonus":"ONE_RARE_RELIC","is_daily":false,"chose_seed":false,"campfire_upgraded":7,"win_rate":0.0,"timestamp":1614443232,"path_taken":["M","$","?","?","M","R","E","$","T","M","R","E","M","M","R","BOSS","M","?","M","$","M","E","R","E","T","R","E","?","M","M","R","BOSS","M","?","?","M","M","E","R","M","T","E","$","M","M","$","R","BOSS"],"items_purchased_type":["Relic","Relic","Relic","Relic","Relic"],"build_version":"2020-12-22","purchased_purges":3,"victory":true,"max_hp_per_floor":[72,72,72,72,72,72,72,72,72,72,72,72,72,72,72,72,72,72,72,72,72,72,72,72,72,72,72,72,72,72,72,72,72,72,72,72,72,72,72,72,72,72,72,72,72,72,72,72,72,72],"card_choices":[{"not_picked":["theMarked:LightningStrikesTwice","theMarked:EmpowerWeapon"],"picked":"theMarked:WardOff","floor":1},{"not_picked":["theMarked:Aftermath","theMarked:EmpowerWeapon"],"picked":"theMarked:KeepCalmAndFight","floor":5},{"not_picked":["theMarked:Static","theMarked:TwofoldDefense","theMarked:Aftermath"],"picked":"SKIP","floor":7},{"not_picked":["theMarked:Memento","theMarked:SwordAndMagic"],"picked":"theMarked:ComboAttacks","floor":10},{"not_picked":["theMarked:Overcharge","theMarked:Parkour"],"picked":"theMarked:AttractMetal","floor":12},{"not_picked":["theMarked:Electrify","theMarked:Parkour","theMarked:Polarize"],"picked":"SKIP","floor":13},{"not_picked":["theMarked:EmpowerWeapon","theMarked:Parkour"],"picked":"theMarked:Electrocute","floor":14},{"not_picked":["theMarked:TakeOffHeels","theMarked:Defy"],"picked":"theMarked:BiggerThanFate","floor":16},{"not_picked":["theMarked:Reabsorb","theMarked:ShockingTouch","theMarked:EmpowerWeapon+1"],"picked":"SKIP","floor":18},{"not_picked":["theMarked:Memento","theMarked:ChainLightning"],"picked":"theMarked:ContemptForTheProud+1","floor":20},{"not_picked":["theMarked:ChainLightning+1","theMarked:TwofoldDefense"],"picked":"theMarked:OneWithTheBlade+1","floor":22},{"not_picked":["theMarked:Levitate","theMarked:WardOff+1","theMarked:ChainLightning"],"picked":"SKIP","floor":23},{"not_picked":["theMarked:Memento","theMarked:Parry","theMarked:RepellingDischarge"],"picked":"SKIP","floor":25},{"not_picked":["theMarked:MagusForm","theMarked:TwofoldDefense"],"picked":"theMarked:PowerFlow+1","floor":28},{"not_picked":["theMarked:EmpowerWeapon","theMarked:WastefulAttack","theMarked:ElectricStrings"],"picked":"SKIP","floor":30},{"not_picked":["theMarked:EmpowerWeapon","theMarked:WastefulAttack","theMarked:ElectricStrings"],"picked":"SKIP","floor":30},{"not_picked":["theMarked:Parkour","theMarked:ResourceFulStrike"],"picked":"theMarked:Friction+1","floor":31},{"not_picked":["theMarked:Abjuration","theMarked:Defy"],"picked":"theMarked:EternalStudent","floor":33},{"not_picked":["theMarked:Improvise","theMarked:ChainLightning+1"],"picked":"theMarked:Panic","floor":35},{"not_picked":["theMarked:BanishingWave","theMarked:Determination+1"],"picked":"theMarked:ParalyzingBlade+1","floor":38},{"not_picked":["theMarked:TakeCover+1","theMarked:ParalyzingBlade+1","theMarked:WastefulAttack+1"],"picked":"SKIP","floor":39},{"not_picked":["theMarked:ParalyzingBlade+1","theMarked:GodGivenPower+1","theMarked:TakeCover+1"],"picked":"SKIP","floor":40},{"not_picked":["theMarked:WardOff+1","theMarked:Improvise+1","theMarked:Opportunist"],"picked":"SKIP","floor":42},{"not_picked":["theMarked:Standoff+1","theMarked:Overcharge","theMarked:Parry"],"picked":"SKIP","floor":44},{"not_picked":["theMarked:ElectricStrings+1","theMarked:Generate+1"],"picked":"theMarked:Reabsorb","floor":46},{"not_picked":["theMarked:OneWithTheBlade+1","theMarked:ResourceFulStrike"],"picked":"theMarked:BindingBlade","floor":47}],"player_experience":792295,"relics_obtained":[{"floor":7,"key":"reliquary:RosewoodLute"},{"floor":9,"key":"trackpad:IceCube"},{"floor":12,"key":"reliquary:WeakTea"},{"floor":23,"key":"Ginger"},{"floor":25,"key":"Lantern"},{"floor":26,"key":"Toy Ornithopter"},{"floor":28,"key":"FossilizedHelix"},{"floor":40,"key":"Du-Vu Doll"},{"floor":43,"key":"The Courier"},{"floor":44,"key":"Pen Nib"}],"event_choices":[{"damage_healed":0,"gold_gain":0,"player_choice":"Take Wound","damage_taken":0,"relics_obtained":["Golden Idol"],"max_hp_gain":0,"max_hp_loss":0,"event_name":"Golden Idol","floor":3,"gold_loss":0,"cards_obtained":["Injury"]},{"damage_healed":0,"gold_gain":75,"player_choice":"Gather Gold","damage_taken":11,"max_hp_gain":0,"max_hp_loss":0,"event_name":"World of Goop","floor":4,"gold_loss":0},{"cards_removed":["Injury"],"damage_healed":0,"gold_gain":0,"player_choice":"Gave Gold","damage_taken":0,"max_hp_gain":0,"max_hp_loss":0,"event_name":"Beggar","floor":19,"gold_loss":75},{"damage_healed":0,"gold_gain":0,"player_choice":"Gave Idol","damage_taken":0,"relics_obtained":["Bloody Idol"],"max_hp_gain":0,"max_hp_loss":0,"event_name":"Forgotten Altar","floor":29,"relics_lost":["Golden Idol"],"gold_loss":0},{"cards_removed":["theMarked:Friction"],"damage_healed":0,"gold_gain":0,"player_choice":"Removed Skill","damage_taken":0,"max_hp_gain":0,"max_hp_loss":0,"event_name":"Falling","floor":36,"gold_loss":0},{"damage_healed":0,"gold_gain":100,"player_choice":"Pray","damage_taken":0,"max_hp_gain":0,"max_hp_loss":0,"event_name":"Golden Shrine","floor":37,"gold_loss":0}],"is_beta":false,"boss_relics":[{"not_picked":["Fusion Hammer","theMarked:SpiritSword"],"picked":"reliquary:RedCape"},{"not_picked":["Pandora\u0027s Box","Sozu"],"picked":"trackpad:StolenKidneys"}],"items_purged_floors":[2,45,48],"is_endless":false,"potions_floor_spawned":[5,7,12,16,18,25,30,33,39,40,46,47],"ascension_level":1}}