{"host":"i0avyit1s6jb1siw","time":1614428148,"event":{"mods":["BaseMod","DeckTracker","Dota2Spire","Minty Spire (QoL Compilation)","Quick Restart","StSLib","SuperFastMode"],"gold_per_floor":[114,131,144,144,164,164,196,196,250,250,250,135,150,175,197,197,197,281,308,337,337,59,83,83,83],"floor_reached":24,"language":"ENG","playtime":503,"items_purged":[],"score":421,"play_id":"ea62120d-2a74-4e1b-9145-32c2be78fc31","local_time":"20210227131548","is_ascension_mode":true,"campfire_choices":[{"data":"Bash","floor":6,"key":"SMITH"},{"data":"Uppercut","floor":8,"key":"SMITH"},{"data":"Feed","floor":11,"key":"SMITH"},{"data":"Flame Barrier","floor":16,"key":"SMITH"},{"data":"Spot Weakness","floor":17,"key":"SMITH"}],"circlet_count":0,"master_deck":["AscendersBane","Strike_R","Defend_R","Defend_R","Defend_R","Defend_R","Bash+1","Brutality","Flame Barrier+1","Hemokinesis","Feed+1","Pummel","Uppercut+1","Shrug It Off","Spot Weakness+1","Reaper","Perfected Strike+1","Entrench+1","Uppercut+1","Armaments+1","Sword Boomerang"],"relics":["Burning Blood","Anchor","CeramicFish","Dota2Spire:LotusOrb","Astrolabe","Dota2Spire:MonkeyKingBar"],"acts_visited":["Exordium","TheCity"],"potions_floor_usage":[7,18,18],"damage_taken":[{"damage":12,"enemies":"Cultist","floor":1,"turns":5},{"damage":3,"enemies":"2 Louse","floor":2,"turns":6},{"damage":3,"enemies":"Small Slimes","floor":3,"turns":4},{"damage":18,"enemies":"Blue Slaver","floor":5,"turns":7},{"damage":14,"enemies":"Gremlin Nob","floor":7,"turns":3},{"damage":17,"enemies":"Exordium Thugs","floor":13,"turns":5},{"damage":3,"enemies":"Looter","floor":14,"turns":4},{"damage":17,"enemies":"2 Fungi Beasts","floor":15,"turns":7},{"damage":25,"enemies":"The Guardian","floor":18,"turns":16},{"damage":25,"enemies":"Shell Parasite","floor":20,"turns":8},{"damage":46,"enemies":"2 Thieves","floor":23,"turns":4},{"damage":76,"enemies":"3 Cultists","floor":24,"turns":5}],"seed_played":"8353562818654763944","potions_obtained":[{"floor":1,"key":"ElixirPotion"},{"floor":3,"key":"GamblersBrew"},{"floor":7,"key":"FearPotion"},{"floor":15,"key":"Block Potion"},{"floor":23,"key":"BlessingOfTheForge"}],"is_trial":false,"path_per_floor":["M","M","M","?","M","R","E","R","T","T","R","?","M","M","M","R","R","B",null,"M","?","$","M","M"],"character_chosen":"IRONCLAD","items_purchased":["Dota2Spire:MonkeyKingBar"],"campfire_rested":0,"item_purchase_floors":[22],"current_hp_per_floor":[62,65,68,73,64,64,56,56,56,56,56,56,49,56,49,49,49,30,79,64,64,64,51,0,0],"gold":83,"neow_bonus":"TRANSFORM_CARD","is_daily":false,"chose_seed":false,"campfire_upgraded":5,"win_rate":0.0,"timestamp":1614428148,"path_taken":["M","M","?","?","M","R","E","R","T","T","R","?","M","M","?","R","R","BOSS","M","?","?","M","M"],"items_purchased_type":["Relic"],"build_version":"2020-12-22","purchased_purges":0,"victory":false,"max_hp_per_floor":[75,75,75,80,83,83,83,83,83,83,83,83,87,91,95,95,95,95,95,99,99,99,99,103,103],"card_choices":[{"not_picked":["Dark Embrace","Twin Strike"],"picked":"Flame Barrier","floor":1},{"not_picked":["Clothesline","Wild Strike"],"picked":"Hemokinesis","floor":2},{"not_picked":["Armaments","Thunderclap"],"picked":"Feed","floor":3},{"not_picked":["Ghostly Armor","True Grit"],"picked":"Pummel","floor":5},{"not_picked":["Hemokinesis","Fiend Fire"],"picked":"Uppercut","floor":7},{"not_picked":["Heavy Blade","Rage","Iron Wave"],"picked":"SKIP","floor":13},{"not_picked":["Dark Embrace","Body Slam"],"picked":"Shrug It Off","floor":14},{"not_picked":["Inflame","Wild Strike"],"picked":"Spot Weakness","floor":15},{"not_picked":["Juggernaut","Demon Form"],"picked":"Reaper","floor":18},{"not_picked":["Heavy Blade","Warcry"],"picked":"Armaments","floor":20},{"not_picked":["Clothesline","Twin Strike"],"picked":"Sword Boomerang","floor":23}],"player_experience":2531153,"relics_obtained":[{"floor":9,"key":"Anchor"},{"floor":10,"key":"CeramicFish"}],"event_choices":[{"damage_healed":0,"gold_gain":0,"player_choice":"Donut","damage_taken":0,"max_hp_gain":5,"max_hp_loss":0,"event_name":"Big Fish","floor":4,"gold_loss":0},{"damage_healed":0,"gold_gain":0,"player_choice":"Paid Gold","damage_taken":0,"relics_obtained":["Dota2Spire:LotusOrb"],"max_hp_gain":0,"max_hp_loss":0,"event_name":"WeMeetAgain","floor":12,"gold_loss":115},{"damage_healed":0,"gold_gain":0,"player_choice":"Upgraded","damage_taken":0,"max_hp_gain":0,"max_hp_loss":0,"event_name":"Upgrade Shrine","floor":21,"gold_loss":0,"cards_upgraded":["Armaments"]}],"is_beta":false,"boss_relics":[{"not_picked":["Black Blood","Tiny House"],"picked":"Astrolabe"}],"items_purged_floors":[],"is_endless":false,"potions_floor_spawned":[1,3,7,13,15,23],"killed_by":"3 Cultists","ascension_level":20}}