{"host":"acp8fcjw1lwgtbwr","time":1614406400,"event":{"mods":["AchievementEnabler","BaseMod","Colored Map","Colored Powertips","Highlight Path","Minty Spire (QoL Compilation)","StSLib"],"gold_per_floor":[109,129,129,129,17,52,52,81,81,109,129,148,166,200,200,304,304,314,314,332,343,92,92,109,109,135,153,153,153],"floor_reached":28,"language":"ENG","playtime":1681,"items_purged":["Strike_G","Strike_G"],"score":465,"play_id":"ff3143a6-aa59-49f1-adb6-a5b8fd8238ef","local_time":"20210227011320","is_ascension_mode":true,"campfire_choices":[{"data":"Corpse Explosion","floor":7,"key":"SMITH"},{"floor":15,"key":"REST"},{"data":"Unload","floor":23,"key":"SMITH"},{"data":"Storm of Steel","floor":25,"key":"SMITH"}],"circlet_count":0,"master_deck":["AscendersBane","Strike_G","Strike_G","Defend_G","Defend_G","Defend_G","Defend_G","Defend_G","Survivor","Neutralize+1","Dagger Spray","Distraction","Bouncing Flask","Corpse Explosion+1","Storm of Steel+1","Leg Sweep","Unload+1","Dodge and Roll+1"],"relics":["Ring of the Snake","NeowsBlessing","Regal Pillow","Blue Candle","HornCleat","Happy Flower","Omamori","Sozu","Frozen Eye","Bronze Scales"],"acts_visited":["Exordium","TheCity"],"potions_floor_usage":[8,10,14,16,16,16,16],"damage_taken":[{"damage":0,"enemies":"Jaw Worm","floor":1,"turns":1},{"damage":0,"enemies":"2 Louse","floor":2,"turns":1},{"damage":0,"enemies":"Lagavulin","floor":6,"turns":1},{"damage":12,"enemies":"Gremlin Nob","floor":8,"turns":4},{"damage":16,"enemies":"Lagavulin","floor":10,"turns":6},{"damage":0,"enemies":"Cultist","floor":11,"turns":3},{"damage":0,"enemies":"Looter","floor":12,"turns":3},{"damage":0,"enemies":"3 Louse","floor":13,"turns":1},{"damage":0,"enemies":"3 Sentries","floor":14,"turns":4},{"damage":38,"enemies":"Slime Boss","floor":16,"turns":8},{"damage":0,"enemies":"Shell Parasite","floor":18,"turns":5},{"damage":0,"enemies":"Chosen","floor":20,"turns":4},{"damage":19,"enemies":"Snake Plant","floor":21,"turns":4},{"damage":0,"enemies":"3 Cultists","floor":24,"turns":3},{"damage":20,"enemies":"Shelled Parasite and Fungi","floor":27,"turns":7},{"damage":22,"enemies":"Colosseum Slavers","floor":28,"turns":3}],"seed_played":"-5980917180647035524","potions_obtained":[{"floor":2,"key":"ColorlessPotion"},{"floor":8,"key":"Block Potion"},{"floor":10,"key":"Swift Potion"},{"floor":12,"key":"EntropicBrew"},{"floor":14,"key":"SkillPotion"}],"is_trial":false,"path_per_floor":["M","M","?","?","$","E","R","E","T","E","M","M","M","E","R","B",null,"M","?","M","M","$","R","M","R","T","M","?"],"character_chosen":"THE_SILENT","items_purchased":["Bouncing Flask","Frozen Eye"],"campfire_rested":1,"item_purchase_floors":[5,22],"current_hp_per_floor":[63,63,63,63,63,63,63,51,51,35,35,35,35,35,70,32,61,61,61,61,42,42,42,42,42,42,22,0,0],"gold":153,"neow_bonus":"THREE_ENEMY_KILL","is_daily":false,"chose_seed":false,"campfire_upgraded":3,"win_rate":0.0,"timestamp":1614406400,"path_taken":["M","M","?","?","$","E","R","E","T","E","M","M","?","E","R","BOSS","M","?","M","M","$","R","M","R","T","M","?"],"items_purchased_type":["Card","Relic"],"build_version":"2020-12-22","purchased_purges":2,"victory":false,"max_hp_per_floor":[70,70,70,70,70,70,70,70,70,70,70,70,70,70,70,70,70,70,70,70,70,70,70,70,70,70,70,70,70],"card_choices":[{"not_picked":["Prepared","Outmaneuver"],"picked":"Dagger Spray","floor":1},{"not_picked":["All Out Attack","Slice"],"picked":"Distraction","floor":2},{"not_picked":["Concentrate","Blade Dance"],"picked":"Corpse Explosion","floor":6},{"not_picked":["Adrenaline","Endless Agony"],"picked":"Storm of Steel","floor":8},{"not_picked":["Riddle With Holes","Slice","Deadly Poison"],"picked":"SKIP","floor":10},{"not_picked":["Riddle With Holes","Slice","Deadly Poison"],"picked":"SKIP","floor":10},{"not_picked":["Escape Plan","Blade Dance"],"picked":"Leg Sweep","floor":11},{"not_picked":["Quick Slash","Flechettes","Deflect"],"picked":"SKIP","floor":12},{"not_picked":["PiercingWail","Endless Agony","Tactician"],"picked":"SKIP","floor":13},{"not_picked":["Deflect","Predator","Deadly Poison"],"picked":"SKIP","floor":14},{"not_picked":["Glass Knife","Corpse Explosion"],"picked":"Unload","floor":16},{"not_picked":["Reflex","Backstab","Sucker Punch"],"picked":"SKIP","floor":18},{"not_picked":["Leg Sweep","Deflect"],"picked":"Dodge and Roll+1","floor":20},{"not_picked":["Dagger Spray","Unload","Finisher+1"],"picked":"SKIP","floor":21},{"not_picked":["Expertise","Dash","Masterful Stab"],"picked":"SKIP","floor":24},{"not_picked":["Tactician+1","Dodge and Roll+1","Dagger Throw"],"picked":"SKIP","floor":27}],"player_experience":2644319,"relics_obtained":[{"floor":6,"key":"Regal Pillow"},{"floor":8,"key":"Blue Candle"},{"floor":9,"key":"HornCleat"},{"floor":10,"key":"Happy Flower"},{"floor":14,"key":"Omamori"},{"floor":26,"key":"Bronze Scales"}],"event_choices":[{"damage_healed":0,"gold_gain":0,"player_choice":"Grow","damage_taken":0,"max_hp_gain":0,"max_hp_loss":0,"event_name":"Living Wall","floor":3,"gold_loss":0,"cards_upgraded":["Neutralize"]},{"cards_removed":["Strike_G"],"damage_healed":0,"gold_gain":0,"player_choice":"Purged","damage_taken":0,"max_hp_gain":0,"max_hp_loss":0,"event_name":"Purifier","floor":4,"gold_loss":0},{"damage_healed":0,"gold_gain":0,"player_choice":"Ignored","damage_taken":0,"max_hp_gain":0,"max_hp_loss":0,"event_name":"Vampires","floor":19,"gold_loss":0},{"damage_healed":0,"gold_gain":0,"player_choice":"Fight","damage_taken":0,"max_hp_gain":0,"max_hp_loss":0,"event_name":"Colosseum","floor":28,"gold_loss":0}],"is_beta":false,"boss_relics":[{"not_picked":["Tiny House","Astrolabe"],"picked":"Sozu"}],"items_purged_floors":[5,22],"is_endless":false,"potions_floor_spawned":[2,8,10,12,14,20,21,27],"killed_by":"Colosseum Slavers","ascension_level":11}}