{"host":"5ueuk67tsx07ylcu","time":1614384110,"event":{"mods":["Act Like it!","BaseMod","Colored Map","Colored Powertips","Downfall","Duelist Mod","GifTheSpireLib","GungeonMod","Hallownest","Hermit","Infinite Spire","Library of Ruina","Lobotomy","Minty Spire (QoL Compilation)","Reliquary","Ruina","StSLib","The Animator"],"gold_per_floor":[109,109,109,129,5,5,43,67,67,82,126,126,166,66,66,197,197,192,172,193,217,242,242,242,278,304,304,325,325,48,71,71,195,195,213,213,213,0,21,21,62,62,133,133,34,54,74,117,117,117,117],"floor_reached":50,"language":"ENG","playtime":2775,"items_purged":["Strike_B","Strike_B","Defend_B"],"score":617,"play_id":"c7d453a5-317c-47db-8d54-4255a8005381","local_time":"20210226190150","is_ascension_mode":true,"campfire_choices":[{"data":"Zap","floor":6,"key":"SMITH"},{"floor":15,"key":"REST"},{"floor":23,"key":"REST"},{"floor":29,"key":"REST"},{"floor":32,"key":"RECALL"},{"data":"Hyperbeam","floor":40,"key":"SMITH"},{"data":"Reprogram","floor":42,"key":"SMITH"},{"data":"Go for the Eyes","floor":44,"key":"SMITH"},{"data":"Beam Cell","floor":49,"key":"SMITH"}],"circlet_count":0,"master_deck":["Strike_B","Strike_B","Defend_B","Defend_B","Zap+1","Go for the Eyes+1","Cold Snap+1","Reprogram+1","Glacier","Biased Cognition","Beam Cell+1","White Noise+1","Hyperbeam+1","Purity","Defragment+1","Go for the Eyes","FTL+1"],"relics":["Cracked Core","Golden Idol","reliquary:Stiletto","DemoMod:BigBoy","PageOfSingingMachine","reliquary:Buckler","SlaversCollar","Nilry\u0027s Codex","PageOfApocalypseBird","reliquary:PorcupineQuills","Happy Flower","PreservedInsect","Empty Cage","Red Mask","infinitespire:Beetle Shell","Sundial","HornCleat"],"acts_visited":["Exordium","TheCity","TheBeyond"],"potions_floor_usage":[0,7,11,11,13,22,22,46,48,50,50],"damage_taken":[{"damage":1,"enemies":"Cultist","floor":1,"turns":4},{"damage":1,"enemies":"Jaw Worm","floor":4,"turns":4},{"damage":15,"enemies":"Gremlin Nob","floor":7,"turns":5},{"damage":0,"enemies":"Small Slimes","floor":8,"turns":3},{"damage":0,"enemies":"Exordium Wildlife","floor":10,"turns":4},{"damage":6,"enemies":"Lagavulin","floor":11,"turns":6},{"damage":22,"enemies":"Gremlin Nob","floor":13,"turns":4},{"damage":34,"enemies":"The Guardian","floor":16,"turns":14},{"damage":12,"enemies":"2 Thieves","floor":18,"turns":5},{"damage":0,"enemies":"Chosen","floor":20,"turns":3},{"damage":11,"enemies":"Sentry and Sphere","floor":21,"turns":7},{"damage":42,"enemies":"3 Cultists","floor":22,"turns":7},{"damage":0,"enemies":"Gremlin Leader","floor":25,"turns":3},{"damage":9,"enemies":"Cultist and Chosen","floor":28,"turns":6},{"damage":26,"enemies":"Automaton","floor":33,"turns":10},{"damage":3,"enemies":"3 Shapes","floor":35,"turns":4},{"damage":0,"enemies":"Orb Walker","floor":39,"turns":3},{"damage":15,"enemies":"Reptomancer","floor":41,"turns":4},{"damage":17,"enemies":"Writhing Mass","floor":46,"turns":6},{"damage":0,"enemies":"Jaw Worm Horde","floor":47,"turns":2},{"damage":18,"enemies":"Nemesis","floor":48,"turns":5},{"damage":34,"enemies":"Donu and Deca","floor":50,"turns":5}],"seed_played":"8462966133962696933","potions_obtained":[{"floor":0,"key":"Fruit Juice"},{"floor":0,"key":"Dexterity Potion"},{"floor":0,"key":"DemoMod:LeadSkinPotion"},{"floor":1,"key":"LiquidMemories"},{"floor":7,"key":"PowerPotion"},{"floor":19,"key":"hexamod:SoulburnPotion"},{"floor":21,"key":"EssenceOfSteel"},{"floor":33,"key":"champ:CounterPotion"},{"floor":47,"key":"DemoMod:LeadSkinPotion"}],"is_trial":false,"path_per_floor":["M","?","?","M","$","R","E","M","T","M","E","?","E","$","R","B",null,"M","?","M","M","M","R","?","E","T","?","M","R","$","T","R","B",null,"M","?","?","?","M","R","E","R","T","R","$","M","M","E","R","B"],"character_chosen":"DEFECT","items_purchased":["Cold Snap","Happy Flower","champ:CounterPotion","SkillPotion"],"campfire_rested":3,"item_purchase_floors":[5,30,45,45],"current_hp_per_floor":[79,74,62,61,61,61,46,46,46,46,40,40,18,18,40,6,74,62,62,62,51,9,31,15,15,15,15,6,28,28,28,28,2,74,71,71,71,71,71,71,56,56,56,56,56,39,39,21,21,0,0],"gold":117,"neow_bonus":"THREE_SMALL_POTIONS","is_daily":false,"chose_seed":false,"campfire_upgraded":5,"win_rate":0.0,"timestamp":1614384110,"path_taken":["M","?","?","M","$","R","E","M","T","M","E","?","E","$","R","BOSS","M","?","M","M","?","R","?","E","T","?","?","R","$","?","R","BOSS","M","?","?","?","M","R","E","R","T","R","$","M","M","E","R","BOSS"],"items_purchased_type":["Card","Relic","Potion","Potion"],"build_version":"2020-12-22","purchased_purges":3,"victory":false,"max_hp_per_floor":[80,74,74,74,74,74,74,74,74,74,74,74,74,74,74,74,74,74,74,74,74,74,74,74,74,74,74,74,74,74,74,74,74,74,74,74,74,74,74,74,74,74,74,74,74,74,74,74,74,74,74],"card_choices":[{"not_picked":["Sweeping Beam","Beam Cell"],"picked":"Go for the Eyes","floor":1},{"not_picked":["Force Field","Redo","Coolheaded"],"picked":"SKIP","floor":4},{"not_picked":["Conserve Battery","Steam"],"picked":"Chill","floor":7},{"not_picked":["Go for the Eyes","Conserve Battery","Stack"],"picked":"SKIP","floor":8},{"not_picked":["Compile Driver","Hologram","Redo"],"picked":"SKIP","floor":10},{"not_picked":["Tempest","Turbo"],"picked":"Reprogram","floor":11},{"not_picked":["Melter","Rip and Tear"],"picked":"Glacier","floor":13},{"not_picked":["Reboot","Meteor Strike"],"picked":"Biased Cognition","floor":16},{"not_picked":["Redo","Compile Driver+1","Static Discharge+1"],"picked":"SKIP","floor":18},{"not_picked":["Turbo","Loop+1","Stack+1"],"picked":"SKIP","floor":20},{"not_picked":["Cold Snap+1","Leap","Steam"],"picked":"SKIP","floor":21},{"not_picked":["Hologram+1","Stack"],"picked":"Beam Cell","floor":22},{"not_picked":["Redo","Ball Lightning"],"picked":"White Noise","floor":25},{"not_picked":["Beam Cell","Cold Snap+1","Turbo"],"picked":"SKIP","floor":28},{"not_picked":["Thunder Strike","Amplify"],"picked":"Hyperbeam","floor":33},{"not_picked":["Leap","Coolheaded","Barrage"],"picked":"SKIP","floor":35},{"not_picked":["Secret Weapon","Deep Breath"],"picked":"Purity","floor":36},{"not_picked":["Ball Lightning","Sweeping Beam+1"],"picked":"Defragment+1","floor":39},{"not_picked":["Creative AI","Force Field+1","Multi-Cast"],"picked":"SKIP","floor":41},{"not_picked":["Rebound+1","Tempest+1"],"picked":"Go for the Eyes","floor":46},{"not_picked":["Cold Snap","Stack","Hologram"],"picked":"SKIP","floor":47},{"not_picked":["Rebound+1","Hologram+1"],"picked":"FTL+1","floor":48}],"player_experience":360947,"relics_obtained":[{"floor":7,"key":"DemoMod:BigBoy"},{"floor":11,"key":"PageOfSingingMachine"},{"floor":13,"key":"reliquary:Buckler"},{"floor":24,"key":"Nilry\u0027s Codex"},{"floor":25,"key":"PageOfApocalypseBird"},{"floor":26,"key":"reliquary:PorcupineQuills"},{"floor":31,"key":"PreservedInsect"},{"floor":41,"key":"infinitespire:Beetle Shell"},{"floor":43,"key":"Sundial"},{"floor":48,"key":"HornCleat"}],"event_choices":[{"damage_healed":0,"gold_gain":0,"player_choice":"Lose Max HP","damage_taken":0,"relics_obtained":["Golden Idol"],"max_hp_gain":0,"max_hp_loss":6,"event_name":"Golden Idol","floor":2,"gold_loss":0},{"damage_healed":0,"gold_gain":0,"player_choice":"Success","damage_taken":12,"relics_obtained":["reliquary:Stiletto"],"max_hp_gain":0,"max_hp_loss":0,"event_name":"Scrap Ooze","floor":3,"gold_loss":0},{"cards_removed":["Defend_B"],"damage_healed":0,"gold_gain":0,"player_choice":"Forget","damage_taken":0,"max_hp_gain":0,"max_hp_loss":0,"event_name":"Living Wall","floor":12,"gold_loss":0},{"damage_healed":0,"gold_gain":0,"player_choice":"Bought 1 Potion","damage_taken":0,"max_hp_gain":0,"max_hp_loss":0,"event_name":"The Woman in Blue","floor":19,"gold_loss":0},{"damage_healed":0,"gold_gain":0,"player_choice":"Obtained Book","damage_taken":16,"max_hp_gain":0,"max_hp_loss":0,"event_name":"Cursed Tome","floor":24,"gold_loss":0},{"damage_healed":0,"gold_gain":0,"player_choice":"Upgraded","damage_taken":0,"max_hp_gain":0,"max_hp_loss":0,"event_name":"Upgrade Shrine","floor":27,"gold_loss":0,"cards_upgraded":["White Noise"]},{"damage_healed":0,"gold_gain":0,"player_choice":"Memory 1","damage_taken":0,"max_hp_gain":0,"max_hp_loss":0,"event_name":"SensoryStone","floor":36,"gold_loss":0},{"damage_healed":0,"gold_gain":0,"player_choice":"Paid","damage_taken":0,"relics_obtained":["Red Mask"],"max_hp_gain":0,"max_hp_loss":0,"event_name":"Tomb of Lord Red Mask","floor":38,"gold_loss":213}],"is_beta":false,"boss_relics":[{"not_picked":["Cursed Key","reliquary:Craggleroot"],"picked":"SlaversCollar"},{"not_picked":["Tiny House","Philosopher\u0027s Stone"],"picked":"Empty Cage"}],"items_purged_floors":[5,14,30],"is_endless":false,"potions_floor_spawned":[1,7,8,10,21,33,47],"killed_by":"Donu and Deca","ascension_level":2}}