{"host":"uyfpom4rlahfoee4","time":1614388324,"event":{"mods":["BaseMod","Downfall","Minty Spire (QoL Compilation)","StSLib"],"gold_per_floor":[99,115,8,183,14,25,25,25,25,81,81,93,108,108,124,221,221,121,141,50,250,265,265,289,389,400,400,8,8,24,24,41,41,41,41],"floor_reached":33,"language":"ENG","playtime":1911,"items_purged":["Doubt"],"score":237,"play_id":"02c4a5b3-b23f-4d6a-a026-a4e3cd5aab3f","local_time":"20210226171204","is_ascension_mode":false,"campfire_choices":[{"data":"Madness","floor":1,"key":"SMITH"},{"data":"bronze:Replicate","floor":8,"key":"SMITH"},{"data":"bronze:Overheat","floor":11,"key":"SMITH"},{"data":"bronze:Mutator","floor":18,"key":"SMITH"},{"floor":27,"key":"REST"},{"floor":29,"key":"REST"}],"circlet_count":0,"master_deck":["bronze:Strike","bronze:Strike","bronze:Strike","bronze:Defend","bronze:Defend","bronze:Defend","bronze:Defend","bronze:Replicate+1","bronze:Goto","Madness+1","bronze:Flail","bronze:Overheat+1","bronze:InfiniteBeams","bronze:Shield","bronze:Branch","bronze:Iterate","bronze:Philosophize","bronze:BugBarrage","bronze:Turbo","bronze:Separator","bronze:Mutator+1","bronze:ChildClass","bronze:DigitalCarnage","bronze:Optimize","bronze:Invalidate","bronze:Frontload+1","bronze:Refactor+1","bronze:BuggyMess+1"],"relics":["bronze:BronzeCore","Strange Spoon","Mummified Hand","downfall:BrokenWingStatue","Busted Crown","downfall:HeartBlessingBlue","Centennial Puzzle","Gambling Chip","Bronze Scales"],"acts_visited":["Exordium","TheCity"],"potions_floor_usage":[10,13,23,28,33],"damage_taken":[{"damage":0,"enemies":"Small Slimes","floor":2,"turns":3},{"damage":5,"enemies":"downfall:FleeingMerchant","floor":3,"turns":4},{"damage":10,"enemies":"downfall:FleeingMerchant","floor":5,"turns":4},{"damage":0,"enemies":"2 Louse","floor":6,"turns":1},{"damage":3,"enemies":"Gremlin Nob","floor":10,"turns":4},{"damage":0,"enemies":"Cultist","floor":12,"turns":3},{"damage":12,"enemies":"Exordium Wildlife","floor":13,"turns":2},{"damage":5,"enemies":"Exordium Thugs","floor":15,"turns":4},{"damage":15,"enemies":"SI_SHIV_ARCHETYPE","floor":16,"turns":10},{"damage":10,"enemies":"3 Byrds","floor":19,"turns":4},{"damage":6,"enemies":"downfall:FleeingMerchant","floor":20,"turns":4},{"damage":17,"enemies":"Spheric Guardian","floor":22,"turns":4},{"damage":0,"enemies":"Snake Plant","floor":23,"turns":1},{"damage":7,"enemies":"Shelled Parasite and Fungi","floor":26,"turns":2},{"damage":20,"enemies":"downfall:FleeingMerchant","floor":28,"turns":4},{"damage":2,"enemies":"Centurion and Healer","floor":30,"turns":4},{"damage":8,"enemies":"Snecko","floor":32,"turns":2},{"damage":29,"enemies":"DF_ARCHETYPE_CLAW","floor":33,"turns":5}],"seed_played":"-5784412922522272722","potions_obtained":[{"floor":2,"key":"Swift Potion"},{"floor":10,"key":"Weak Potion"},{"floor":12,"key":"hexamod:SoulburnPotion"},{"floor":13,"key":"sneckomod:MuddlingPotion"},{"floor":16,"key":"SmokeBomb"},{"floor":26,"key":"SkillPotion"},{"floor":32,"key":"Ancient Potion"}],"is_trial":false,"path_per_floor":["R","M","$","?","$","M","T","R","?","?","R","M","M","?","M","B",null,"R","M","$","?","M","M","T","?","M","R","$","R","M","T","M","B"],"character_chosen":"THE_AUTOMATON","items_purchased":["bronze:InfiniteBeams","bronze:Shield","Strange Spoon","bronze:Optimize","Gambling Chip"],"campfire_rested":2,"item_purchase_floors":[3,3,5,20,28],"current_hp_per_floor":[70,70,65,65,55,55,55,55,55,52,52,52,40,40,35,20,70,80,70,64,64,47,47,47,47,40,64,44,68,66,66,58,29,29,29],"gold":41,"neow_bonus":"RANDOM_COLORLESS","is_daily":false,"chose_seed":false,"campfire_upgraded":4,"win_rate":0.0,"timestamp":1614388324,"path_taken":["R","M","$","?","$","M","T","R","?","?","R","M","M","?","M","BOSS","R","M","$","?","?","M","T","?","M","R","?","R","M","?","M","BOSS"],"items_purchased_type":["Card","Card","Relic","Card","Relic"],"build_version":"2020-12-22","purchased_purges":1,"victory":false,"max_hp_per_floor":[70,70,70,70,70,70,70,70,70,70,70,70,70,70,70,70,70,80,80,80,80,80,80,80,80,80,80,80,80,80,80,80,80,80,80],"card_choices":[{"not_picked":["Jack Of All Trades","Swift Strike"],"picked":"Madness","floor":0},{"not_picked":["bronze:Shield","bronze:Overheat"],"picked":"bronze:Flail","floor":2},{"not_picked":["bronze:Shield","bronze:FineTuning"],"picked":"bronze:Overheat","floor":3},{"not_picked":["bronze:ShipIt","bronze:CutThrough"],"picked":"bronze:Branch","floor":5},{"not_picked":["bronze:Deprecate","bronze:DelayedGuard"],"picked":"bronze:Iterate","floor":6},{"not_picked":["bronze:Frontload","bronze:ForceShield"],"picked":"bronze:Philosophize","floor":10},{"not_picked":["bronze:MaxOutput","bronze:BurnOut"],"picked":"bronze:BugBarrage","floor":12},{"not_picked":["bronze:Branch","bronze:Overload"],"picked":"bronze:Turbo","floor":13},{"not_picked":["bronze:Turbo","bronze:Shield"],"picked":"bronze:Separator","floor":15},{"not_picked":["bronze:Assembly","bronze:TinkerersToolbox"],"picked":"bronze:Mutator","floor":16},{"not_picked":[],"picked":"bronze:ChildClass","floor":19},{"not_picked":[],"picked":"bronze:DigitalCarnage","floor":20},{"not_picked":[],"picked":"bronze:Invalidate","floor":22},{"not_picked":[],"picked":"bronze:Frontload+1","floor":26},{"not_picked":[],"picked":"bronze:Refactor+1","floor":28},{"not_picked":[],"picked":"bronze:BuggyMess+1","floor":30},{"not_picked":["bronze:BitShift"],"picked":"SKIP","floor":32}],"player_experience":227772,"relics_obtained":[{"floor":10,"key":"Mummified Hand"},{"floor":24,"key":"Centennial Puzzle"},{"floor":31,"key":"Bronze Scales"}],"event_choices":[{"damage_healed":0,"gold_gain":200,"player_choice":"Gold","damage_taken":0,"max_hp_gain":0,"max_hp_loss":0,"event_name":"Wheel of Change","floor":21,"gold_loss":0}],"is_beta":false,"boss_relics":[{"not_picked":["expansioncontent:StudyCardRelic","Sozu"],"picked":"Busted Crown"}],"items_purged_floors":[28],"is_endless":false,"potions_floor_spawned":[2,10,12,13,16,19,23,26,32],"killed_by":"DF_ARCHETYPE_CLAW","ascension_level":0}}