{"host":"t5vp0whyqzs05fb6","time":1614429925,"event":{"mods":["AchievementEnabler","BaseMod","Colored Map","Minty Spire (QoL Compilation)","Rare Cards Sparkle","SuperFastMode","everything is the same but u backflip on backflip"],"gold_per_floor":[118,133,151,226,240,240,271,282,282,282,302,227,227,240,240,342,342,360,121,138,87,87,87,87,87,114,114,114,114,130,163,163,163,163],"floor_reached":33,"language":"KOR","playtime":923,"items_purged":["Strike_P","Strike_P"],"score":265,"play_id":"c91699c1-3819-421f-81ad-e2c53d4270a6","local_time":"20210227214525","is_ascension_mode":false,"campfire_choices":[{"data":"Eruption","floor":6.0,"key":"SMITH"},{"data":"Deep Breath","floor":10.0,"key":"SMITH"},{"data":"ClearTheMind","floor":15.0,"key":"SMITH"},{"data":"Crescendo","floor":23.0,"key":"SMITH"},{"floor":25.0,"key":"REST"},{"data":"Ragnarok","floor":27.0,"key":"SMITH"},{"data":"Adaptation","floor":29.0,"key":"SMITH"},{"floor":32,"key":"REST"}],"circlet_count":0,"master_deck":["Strike_P","Defend_P","Defend_P","Defend_P","Defend_P","Eruption+1","Vigilance","Deep Breath+1","FollowUp","FlurryOfBlows","ClearTheMind+1","EmptyBody","CarveReality","Wallop","DeusExMachina","Adaptation+1","Adaptation","SandsOfTime","Crescendo+1","Ragnarok+1","InnerPeace"],"relics":["PureWater","TungstenRod","Ice Cream","VioletLotus","Nilry\u0027s Codex","WingedGreaves"],"acts_visited":["Exordium","TheCity"],"potions_floor_usage":[],"damage_taken":[{"damage":1.0,"enemies":"Jaw Worm","floor":1.0,"turns":4.0},{"damage":0.0,"enemies":"Small Slimes","floor":2.0,"turns":2.0},{"damage":0.0,"enemies":"Cultist","floor":3.0,"turns":2.0},{"damage":5.0,"enemies":"Looter","floor":5.0,"turns":2.0},{"damage":13.0,"enemies":"3 Sentries","floor":7.0,"turns":6.0},{"damage":0.0,"enemies":"Large Slime","floor":8.0,"turns":3.0},{"damage":1.0,"enemies":"2 Fungi Beasts","floor":11.0,"turns":2.0},{"damage":9.0,"enemies":"3 Louse","floor":14.0,"turns":2.0},{"damage":19.0,"enemies":"The Guardian","floor":16.0,"turns":9.0},{"damage":6.0,"enemies":"3 Byrds","floor":18.0,"turns":6.0},{"damage":17.0,"enemies":"2 Thieves","floor":20.0,"turns":3.0},{"damage":10,"enemies":"Shelled Parasite and Fungi","floor":30,"turns":4},{"damage":13,"enemies":"Slavers","floor":31,"turns":4},{"damage":52,"enemies":"Collector","floor":33,"turns":5}],"seed_played":"6150793168478276812","potions_obtained":[{"floor":1.0,"key":"ColorlessPotion"},{"floor":2.0,"key":"EntropicBrew"},{"floor":7.0,"key":"AttackPotion"},{"floor":11.0,"key":"Swift Potion"},{"floor":18.0,"key":"Fire Potion"},{"floor":30,"key":"AttackPotion"},{"floor":31,"key":"GamblersBrew"}],"is_trial":false,"path_per_floor":["M","M","M","?","M","R","E","M","T","R","M","$","?","M","R","B",null,"M","$","M","$","?","R","?","R","T","R","?","R","M","E","R","B"],"character_chosen":"WATCHER","items_purchased":["Adaptation","SandsOfTime","Crescendo"],"campfire_rested":2,"item_purchase_floors":[19,19,21],"current_hp_per_floor":[71,71,71,60,55,55,42,42,42,42,41,41,41,32,32,13,72,66,66,49,49,37,37,37,60,60,60,48,48,38,25,48,0,0],"gold":163,"neow_bonus":"RANDOM_COLORLESS","is_daily":false,"chose_seed":false,"campfire_upgraded":6,"win_rate":0.0,"timestamp":1614429925,"path_taken":["M","M","M","?","M","R","E","M","T","R","M","$","?","?","R","BOSS","M","$","M","$","?","R","?","R","T","R","?","R","M","E","R","BOSS"],"items_purchased_type":["Card","Card","Card"],"build_version":"2020-12-22","purchased_purges":2,"victory":false,"max_hp_per_floor":[72,72,72,72,72,72,72,72,72,72,72,72,72,72,72,72,72,72,72,72,72,77,77,77,77,77,77,77,77,77,77,77,77,77],"card_choices":[{"not_picked":["Panacea","Enlightenment"],"picked":"Deep Breath","floor":0.0},{"not_picked":["FlyingSleeves","EmptyFist"],"picked":"FollowUp","floor":1.0},{"not_picked":["Conclude","Omniscience"],"picked":"FlurryOfBlows","floor":2.0},{"not_picked":["ForeignInfluence","FlurryOfBlows","CutThroughFate"],"picked":"SKIP","floor":3.0},{"not_picked":["Nirvana","Crescendo"],"picked":"ClearTheMind","floor":5.0},{"not_picked":["ForeignInfluence","Nirvana","Sanctity"],"picked":"SKIP","floor":7.0},{"not_picked":["Sanctity","Protect"],"picked":"EmptyBody","floor":8.0},{"not_picked":["FlurryOfBlows","Omniscience"],"picked":"CarveReality","floor":11.0},{"not_picked":["Perseverance","Swivel"],"picked":"Wallop","floor":14.0},{"not_picked":["ConjureBlade","MasterReality"],"picked":"DeusExMachina","floor":16.0},{"not_picked":["CrushJoints+1","BowlingBash+1"],"picked":"Adaptation","floor":18.0},{"not_picked":["BowlingBash","FlyingSleeves","Sanctity"],"picked":"SKIP","floor":20.0},{"not_picked":["ClearTheMind+1","Meditate","Study"],"picked":"SKIP","floor":30},{"not_picked":["ClearTheMind+1","Meditate","Study"],"picked":"SKIP","floor":30},{"not_picked":["Sanctity","JustLucky"],"picked":"InnerPeace","floor":31}],"player_experience":251886,"relics_obtained":[{"floor":7.0,"key":"TungstenRod"},{"floor":9.0,"key":"Ice Cream"},{"floor":28.0,"key":"Nilry\u0027s Codex"},{"floor":31,"key":"WingedGreaves"}],"event_choices":[{"damage_healed":0.0,"max_hp_gain":0.0,"max_hp_loss":0.0,"gold_gain":75.0,"event_name":"World of Goop","player_choice":"Gather Gold","floor":4.0,"gold_loss":0.0,"damage_taken":11.0},{"cards_removed":["Strike_P"],"damage_healed":0.0,"max_hp_gain":0.0,"max_hp_loss":0.0,"gold_gain":0.0,"event_name":"Wheel of Change","player_choice":"Card Removal","floor":13.0,"gold_loss":0.0,"damage_taken":0.0},{"damage_healed":0.0,"max_hp_gain":5.0,"max_hp_loss":0.0,"gold_gain":0.0,"event_name":"Forgotten Altar","player_choice":"Shed Blood","floor":22.0,"gold_loss":0.0,"damage_taken":18.0},{"damage_healed":0.0,"max_hp_gain":0.0,"max_hp_loss":0.0,"gold_gain":0.0,"event_name":"The Library","player_choice":"Read","floor":24.0,"gold_loss":0.0,"damage_taken":0.0,"cards_obtained":["Ragnarok"]},{"damage_healed":0.0,"max_hp_gain":0.0,"max_hp_loss":0.0,"gold_gain":0.0,"event_name":"Cursed Tome","player_choice":"Obtained Book","floor":28.0,"gold_loss":0.0,"damage_taken":16.0}],"is_beta":false,"boss_relics":[{"not_picked":["Snecko Eye","Astrolabe"],"picked":"VioletLotus"}],"items_purged_floors":[12,19],"is_endless":false,"potions_floor_spawned":[1,2,7,11,14,18,30,31],"killed_by":"Collector","ascension_level":0}}