{"host":"qc8p2flj7wsy3zpg","time":1614445695,"event":{"mods":["BaseMod","Highlight Path","Minty Spire (QoL Compilation)","Monster List Patch","Relic Stats","StSLib"],"gold_per_floor":[119,119,136,150,150,150,168,198,198,260,272,317,329,373,385,397,397],"floor_reached":16,"language":"ENG","playtime":670,"items_purged":[],"score":236,"play_id":"75ecf139-1dd5-4c92-a020-fc5ee7a3d94d","local_time":"20210227110815","is_ascension_mode":true,"campfire_choices":[{"data":"Blade Dance","floor":6,"key":"SMITH"},{"data":"Dagger Throw","floor":11,"key":"SMITH"},{"floor":13,"key":"REST"},{"data":"Skewer","floor":15,"key":"SMITH"}],"circlet_count":0,"master_deck":["AscendersBane","Strike_G","Strike_G","Strike_G","Strike_G","Defend_G","Defend_G","Defend_G","Defend_G","Defend_G","Survivor","Neutralize+1","Dagger Throw+1","Blade Dance+1","Flying Knee","Leg Sweep","Prepared","Dash","Skewer+1"],"relics":["Ring of the Snake","Vajra","MawBank","White Beast Statue","Darkstone Periapt"],"acts_visited":["Exordium"],"potions_floor_usage":[8],"damage_taken":[{"damage":0,"enemies":"Jaw Worm","floor":1,"turns":5},{"damage":2,"enemies":"Small Slimes","floor":3,"turns":4},{"damage":0,"enemies":"2 Louse","floor":4,"turns":2},{"damage":0,"enemies":"Gremlin Gang","floor":7,"turns":5},{"damage":3,"enemies":"Gremlin Nob","floor":8,"turns":3},{"damage":25,"enemies":"3 Sentries","floor":12,"turns":7},{"damage":18,"enemies":"Lagavulin","floor":14,"turns":6},{"damage":44,"enemies":"Slime Boss","floor":16,"turns":7}],"seed_played":"2289691604170596221","potions_obtained":[{"floor":1,"key":"ColorlessPotion"},{"floor":7,"key":"Ancient Potion"},{"floor":14,"key":"SmokeBomb"}],"is_trial":false,"path_per_floor":["M","?","M","M","?","R","M","E","T","?","R","E","R","E","R","B"],"character_chosen":"THE_SILENT","items_purchased":[],"campfire_rested":1,"item_purchase_floors":[],"current_hp_per_floor":[59,64,62,62,55,55,55,52,52,52,52,27,48,30,30,0,0],"gold":397,"neow_bonus":"UPGRADE_CARD","is_daily":false,"chose_seed":false,"campfire_upgraded":3,"win_rate":0.0,"timestamp":1614445695,"path_taken":["M","?","M","M","?","R","M","E","T","?","R","E","R","E","R","BOSS"],"items_purchased_type":[],"build_version":"2020-12-22","purchased_purges":0,"victory":false,"max_hp_per_floor":[66,71,71,71,71,71,71,71,71,71,71,71,71,71,71,71,71],"relic_stats":{"Darkstone Periapt":0,"counters":[8,39],"MawBank":84,"obtain_stats":[{"Darkstone Periapt":14,"Vajra":8,"MawBank":9,"White Beast Statue":12,"Ring of the Snake":0},{"Darkstone Periapt":7,"Vajra":5,"MawBank":5,"White Beast Statue":6,"Ring of the Snake":0},{"Darkstone Periapt":32,"Vajra":19,"MawBank":19,"White Beast Statue":26,"Ring of the Snake":0}],"Ring of the Snake":[16]},"card_choices":[{"not_picked":["Blur","Distraction"],"picked":"Dagger Throw","floor":1},{"not_picked":["Slice","Flying Knee"],"picked":"Blade Dance","floor":3},{"not_picked":["Reflex","Flechettes"],"picked":"Flying Knee","floor":4},{"not_picked":["Backflip","Slice"],"picked":"Leg Sweep","floor":7},{"not_picked":["Underhanded Strike","Heel Hook"],"picked":"Prepared","floor":8},{"not_picked":["Flying Knee","Dagger Throw"],"picked":"Dash","floor":12},{"not_picked":["Flechettes","Venomology"],"picked":"Skewer","floor":14}],"player_experience":2443919,"relics_obtained":[{"floor":8,"key":"Vajra"},{"floor":9,"key":"MawBank"},{"floor":12,"key":"White Beast Statue"},{"floor":14,"key":"Darkstone Periapt"}],"event_choices":[{"damage_healed":0,"gold_gain":0,"player_choice":"Donut","damage_taken":0,"max_hp_gain":5,"max_hp_loss":0,"event_name":"Big Fish","floor":2,"gold_loss":0},{"cards_removed":["Strike_G"],"damage_healed":0,"gold_gain":0,"player_choice":"Card Removal","damage_taken":7,"max_hp_gain":0,"max_hp_loss":0,"event_name":"Golden Wing","floor":5,"gold_loss":0},{"damage_healed":0,"gold_gain":50,"player_choice":"Pray","damage_taken":0,"max_hp_gain":0,"max_hp_loss":0,"event_name":"Golden Shrine","floor":10,"gold_loss":0}],"is_beta":false,"boss_relics":[],"items_purged_floors":[],"is_endless":false,"potions_floor_spawned":[1,7,14],"killed_by":"Slime Boss","ascension_level":20}}