{"host":"uzc99wulacbf3sqy","time":1614402183,"event":{"mods":["AchievementEnabler","BaseMod","Bestiary","Colored Map","Highlight Path","Minty Spire (QoL Compilation)","Quick Restart","Relic Stats"],"gold_per_floor":[110,127,202,212,229,255,273,299,299,299,264,289,313,338,350,459,471,499,511,540,552,582,594,635,108,131,131,162,162,179,198,198,302,302,322,322,322,342,362,362,393,393,393,407,421,456,471,217,217,217,217],"floor_reached":50,"language":"ENG","playtime":3011,"items_purged":["Clothesline","Strike_R"],"score":694,"play_id":"cf28bcd9-e7e8-4a40-9bb4-cf38c25e653e","local_time":"20210227020303","is_ascension_mode":true,"campfire_choices":[{"data":"Limit Break","floor":10.0,"key":"SMITH"},{"floor":15.0,"key":"REST"},{"data":"Feed","floor":23.0,"key":"SMITH"},{"data":"Dramatic Entrance","floor":29.0,"key":"SMITH"},{"data":"Heavy Blade","floor":32.0,"key":"SMITH"},{"data":"Demon Form","floor":40,"key":"SMITH"},{"data":"Perfected Strike","floor":42,"key":"SMITH"},{"data":"Bludgeon","floor":49,"key":"SMITH"}],"circlet_count":0,"master_deck":["Strike_R","Strike_R","Strike_R","Strike_R","Defend_R","Defend_R","Defend_R","Defend_R","Bash","Sword Boomerang","Iron Wave","Spot Weakness","Limit Break+1","Perfected Strike","Thunderclap","Shrug It Off","Uppercut","Feed+1","Twin Strike","Clothesline+1","Power Through+1","Dramatic Entrance+1","Perfected Strike+1","Heavy Blade+1","Demon Form+1","Ghostly Armor","Combust","Uppercut+1","Reaper","Pommel Strike+1","Dual Wield","Juggernaut","Whirlwind+1","Spot Weakness+1","Shrug It Off+1","Twin Strike+1","Bludgeon+1"],"relics":["Burning Blood","NeowsBlessing","Kunai","Vajra","Anchor","MawBank","Coffee Dripper","Enchiridion","Darkstone Periapt","Lee\u0027s Waffle","Strawberry","Ancient Tea Set","Bird Faced Urn","Oddly Smooth Stone","SacredBark","Self Forming Clay","MealTicket","Unceasing Top","Pear","Orrery"],"acts_visited":["Exordium","TheCity","TheBeyond"],"potions_floor_usage":[41,44,46,46,50],"damage_taken":[{"damage":0.0,"enemies":"Small Slimes","floor":1.0,"turns":1.0},{"damage":0.0,"enemies":"2 Louse","floor":2.0,"turns":1.0},{"damage":0.0,"enemies":"Cultist","floor":4.0,"turns":1.0},{"damage":2.0,"enemies":"Looter","floor":5.0,"turns":4.0},{"damage":16.0,"enemies":"Lagavulin","floor":6.0,"turns":5.0},{"damage":21.0,"enemies":"Lots of Slimes","floor":7.0,"turns":5.0},{"damage":10.0,"enemies":"Gremlin Nob","floor":8.0,"turns":4.0},{"damage":31.0,"enemies":"Lagavulin","floor":12.0,"turns":5.0},{"damage":6.0,"enemies":"3 Louse","floor":13.0,"turns":3.0},{"damage":10.0,"enemies":"Exordium Thugs","floor":14.0,"turns":5.0},{"damage":63.0,"enemies":"Hexaghost","floor":16.0,"turns":11.0},{"damage":20.0,"enemies":"Spheric Guardian","floor":18.0,"turns":4.0},{"damage":4.0,"enemies":"Shell Parasite","floor":20.0,"turns":3.0},{"damage":15.0,"enemies":"Cultist and Chosen","floor":22.0,"turns":6.0},{"damage":58.0,"enemies":"Gremlin Leader","floor":24.0,"turns":5.0},{"damage":2.0,"enemies":"Book of Stabbing","floor":28.0,"turns":5.0},{"damage":9.0,"enemies":"3 Cultists","floor":30.0,"turns":3.0},{"damage":4.0,"enemies":"Centurion and Healer","floor":31.0,"turns":4.0},{"damage":123.0,"enemies":"Collector","floor":33.0,"turns":7.0},{"damage":21.0,"enemies":"3 Darklings","floor":35.0,"turns":3.0},{"damage":0,"enemies":"3 Shapes","floor":38,"turns":4},{"damage":10,"enemies":"Jaw Worm Horde","floor":39,"turns":3},{"damage":53,"enemies":"Reptomancer","floor":41,"turns":6},{"damage":1,"enemies":"Sphere and 2 Shapes","floor":44,"turns":3},{"damage":14,"enemies":"4 Shapes","floor":45,"turns":4},{"damage":22,"enemies":"Nemesis","floor":46,"turns":5},{"damage":28,"enemies":"Writhing Mass","floor":47,"turns":5},{"damage":99,"enemies":"Donu and Deca","floor":50,"turns":7}],"seed_played":"-8061445329133162308","potions_obtained":[{"floor":2.0,"key":"Fire Potion"},{"floor":4.0,"key":"LiquidMemories"},{"floor":7.0,"key":"Fire Potion"},{"floor":12.0,"key":"Strength Potion"},{"floor":13.0,"key":"BlessingOfTheForge"},{"floor":16.0,"key":"EntropicBrew"},{"floor":22.0,"key":"LiquidMemories"},{"floor":28.0,"key":"GamblersBrew"},{"floor":30.0,"key":"DistilledChaos"},{"floor":33.0,"key":"Swift Potion"},{"floor":41,"key":"Fire Potion"},{"floor":44,"key":"LiquidMemories"},{"floor":45,"key":"Energy Potion"},{"floor":46,"key":"GamblersBrew"}],"is_trial":false,"path_per_floor":["M","M","?","M","M","E","M","E","T","R","?","E","M","M","R","B",null,"M","?","M","?","M","R","E","$","T","?","E","R","M","M","R","B",null,"M","T","?","M","M","R","E","R","T","M","M","E","M","$","R","B"],"character_chosen":"IRONCLAD","items_purchased":["Lee\u0027s Waffle","Strawberry","DuplicationPotion","Dramatic Entrance","Orrery"],"campfire_rested":1,"item_purchase_floors":[25,25,25,25,48],"current_hp_per_floor":[80,80,69,75,79,69,54,50,50,50,70,45,45,41,65,8,80,66,50,52,78,69,69,17,94,94,94,94,94,91,93,93,22,98,87,87,87,99,101,101,54,54,54,61,75,76,61,76,76,0,0],"gold":217,"neow_bonus":"THREE_ENEMY_KILL","is_daily":false,"chose_seed":false,"campfire_upgraded":7,"win_rate":0.0,"timestamp":1614402183,"path_taken":["M","M","?","M","M","E","M","E","T","R","?","E","M","M","R","BOSS","M","?","M","?","M","R","E","$","T","?","E","R","M","M","R","BOSS","M","?","?","M","M","R","E","R","T","M","M","E","?","$","R","BOSS"],"items_purchased_type":["Relic","Relic","Potion","Card","Relic"],"build_version":"2020-12-22","purchased_purges":2,"victory":false,"max_hp_per_floor":[80,80,80,80,80,80,80,80,80,80,80,80,80,80,80,80,80,80,80,80,80,80,80,80,94,94,94,94,94,94,94,94,98,98,102,102,102,106,110,110,110,110,110,110,110,120,120,120,120,120,120],"relic_stats":{"Darkstone Periapt":0,"Lee\u0027s Waffle":70,"counters":[28,122],"Self Forming Clay":[96],"Bird Faced Urn":[21],"MealTicket":15,"Kunai":[36],"MawBank":156,"obtain_stats":[{"Darkstone Periapt":24,"Lee\u0027s Waffle":25,"Pear":46,"NeowsBlessing":0,"Self Forming Clay":36,"SacredBark":34,"Vajra":8,"Enchiridion":19,"Oddly Smooth Stone":28,"MawBank":12,"Ancient Tea Set":26,"Burning Blood":0,"Anchor":9,"Strawberry":25,"Bird Faced Urn":27,"Orrery":48,"MealTicket":41,"Coffee Dripper":17,"Kunai":6,"Unceasing Top":43},{"Darkstone Periapt":15,"Lee\u0027s Waffle":15,"Pear":26,"NeowsBlessing":0,"Self Forming Clay":20,"SacredBark":19,"Vajra":7,"Enchiridion":12,"Oddly Smooth Stone":16,"MawBank":8,"Ancient Tea Set":15,"Burning Blood":0,"Anchor":7,"Strawberry":15,"Bird Faced Urn":15,"Orrery":27,"MealTicket":23,"Coffee Dripper":11,"Kunai":5,"Unceasing Top":23},{"Darkstone Periapt":63,"Lee\u0027s Waffle":63,"Pear":110,"NeowsBlessing":0,"Self Forming Clay":85,"SacredBark":82,"Vajra":21,"Enchiridion":49,"Oddly Smooth Stone":68,"MawBank":26,"Ancient Tea Set":63,"Burning Blood":0,"Anchor":21,"Strawberry":63,"Bird Faced Urn":63,"Orrery":115,"MealTicket":98,"Coffee Dripper":45,"Kunai":12,"Unceasing Top":98}],"Burning Blood":146,"Unceasing Top":[2]},"card_choices":[{"not_picked":["Anger","Intimidate"],"picked":"Sword Boomerang","floor":1.0},{"not_picked":["Seeing Red","Armaments"],"picked":"Clothesline","floor":2.0},{"not_picked":["Seeing Red","Metallicize"],"picked":"Iron Wave","floor":4.0},{"not_picked":["Pommel Strike","Metallicize"],"picked":"Spot Weakness","floor":5.0},{"not_picked":["Headbutt","Clothesline"],"picked":"Limit Break","floor":6.0},{"not_picked":["Flex","Armaments"],"picked":"Perfected Strike","floor":7.0},{"not_picked":["Twin Strike","Bloodletting"],"picked":"Thunderclap","floor":8.0},{"not_picked":["Thunderclap","Iron Wave"],"picked":"Shrug It Off","floor":12.0},{"not_picked":["Offering","Headbutt","Burning Pact"],"picked":"SKIP","floor":13.0},{"not_picked":["Entrench","Body Slam"],"picked":"Uppercut","floor":14.0},{"not_picked":["Berserk","Fiend Fire"],"picked":"Feed","floor":16.0},{"not_picked":["Clothesline","Shockwave"],"picked":"Reckless Charge+1","floor":18.0},{"not_picked":["Havoc+1","Rupture"],"picked":"Twin Strike","floor":20.0},{"not_picked":["Offering","Sword Boomerang"],"picked":"Clothesline+1","floor":22.0},{"not_picked":["Exhume","Twin Strike"],"picked":"Power Through+1","floor":24.0},{"not_picked":["Feed","Heavy Blade"],"picked":"Perfected Strike","floor":28.0},{"not_picked":["Sword Boomerang","Iron Wave","Bloodletting+1"],"picked":"SKIP","floor":30.0},{"not_picked":["Armaments","Thunderclap"],"picked":"Heavy Blade","floor":31.0},{"not_picked":["Berserk","Juggernaut"],"picked":"Demon Form","floor":33.0},{"not_picked":["True Grit+1","Evolve"],"picked":"Ghostly Armor","floor":35.0},{"not_picked":["Cleave+1","Thunderclap"],"picked":"Combust","floor":38},{"not_picked":["Clash+1","Power Through+1"],"picked":"Uppercut+1","floor":39},{"not_picked":["Disarm+1","Armaments"],"picked":"Reaper","floor":41},{"not_picked":["Sword Boomerang","Havoc","Flex"],"picked":"SKIP","floor":44},{"not_picked":["Iron Wave+1","True Grit"],"picked":"Pommel Strike+1","floor":45},{"not_picked":["Reckless Charge+1","Sever Soul"],"picked":"Dual Wield","floor":46},{"not_picked":["Sever Soul+1","Headbutt"],"picked":"Juggernaut","floor":47},{"not_picked":["Uppercut","Rampage"],"picked":"Whirlwind+1","floor":48},{"not_picked":["Bloodletting+1","Anger"],"picked":"Spot Weakness+1","floor":48},{"not_picked":["Rage","Berserk"],"picked":"Shrug It Off+1","floor":48},{"not_picked":["Havoc+1","Warcry+1"],"picked":"Twin Strike+1","floor":48},{"not_picked":["Shrug It Off","Armaments"],"picked":"Bludgeon","floor":48}],"player_experience":62352,"relics_obtained":[{"floor":6.0,"key":"Kunai"},{"floor":8.0,"key":"Vajra"},{"floor":9.0,"key":"Anchor"},{"floor":12.0,"key":"MawBank"},{"floor":19.0,"key":"Enchiridion"},{"floor":24.0,"key":"Darkstone Periapt"},{"floor":26.0,"key":"Ancient Tea Set"},{"floor":28.0,"key":"Oddly Smooth Stone"},{"floor":36.0,"key":"Self Forming Clay"},{"floor":41,"key":"MealTicket"},{"floor":43,"key":"Unceasing Top"},{"floor":46,"key":"Pear"}],"event_choices":[{"damage_healed":0.0,"max_hp_gain":0.0,"max_hp_loss":0.0,"gold_gain":75.0,"event_name":"World of Goop","player_choice":"Gather Gold","floor":3.0,"gold_loss":0.0,"damage_taken":11.0},{"damage_healed":20.0,"max_hp_gain":0.0,"max_hp_loss":0.0,"gold_gain":0.0,"event_name":"The Cleric","player_choice":"Healed","floor":11.0,"gold_loss":35.0,"damage_taken":0.0},{"damage_healed":0.0,"max_hp_gain":0.0,"max_hp_loss":0.0,"gold_gain":0.0,"event_name":"Cursed Tome","player_choice":"Obtained Book","floor":19.0,"gold_loss":0.0,"damage_taken":16.0},{"damage_healed":26.0,"max_hp_gain":0.0,"max_hp_loss":0.0,"gold_gain":0.0,"event_name":"The Library","player_choice":"Heal","floor":21.0,"gold_loss":0.0,"damage_taken":0.0},{"cards_removed":["Reckless Charge"],"damage_healed":0.0,"max_hp_gain":0.0,"max_hp_loss":0.0,"gold_gain":0.0,"event_name":"WeMeetAgain","player_choice":"Gave Card","floor":27.0,"gold_loss":0.0,"damage_taken":0.0,"relics_obtained":["Bird Faced Urn"]},{"damage_healed":0.0,"max_hp_gain":0.0,"max_hp_loss":0.0,"gold_gain":0.0,"event_name":"Match and Keep!","player_choice":"0 cards matched","floor":37.0,"gold_loss":0.0,"damage_taken":0.0,"cards_obtained":[]}],"is_beta":false,"boss_relics":[{"not_picked":["SlaversCollar","Black Star"],"picked":"Coffee Dripper"},{"not_picked":["Astrolabe","Empty Cage"],"picked":"SacredBark"}],"items_purged_floors":[25,48],"is_endless":false,"potions_floor_spawned":[2,4,7,12,13,16,22,28,30,31,33,41,44,45,46],"killed_by":"Donu and Deca","ascension_level":1}}