{"host":"0rn20prxkpuv2e47","time":1614430836,"event":{"mods":["100% Spire Juice","ATMod(阿瑾Mod)","Act Like it!","Arknights","BaseMod","Downfall","Gensokyo","Hallownest","Library of Ruina","Minty Spire (QoL Compilation)","MostiFishMod","Reimu（博丽灵梦）","Remilia（蕾米莉亚）","Robot Space Explorer","StSLib","The Animator","The Construct","The Cursed","The Mystic","The Servant 0.9.4","Warlord Emblem","[GremlinLeader]The Maniac","[IsaacMod]以撒尖塔","[功能]功能增强和修复MOD","noobMod","【功能Mod】聪明的最终Boss","【遗物卡牌】REMEMod"],"gold_per_floor":[113,130,85,100,95,114,139,139,139,139,139,166,166,191,191,477,477,495,495,585,565,565,579,705,959,1009,1135,1135,1262,1217,1217,1217,1778,1778,1795,1615,1605,1605,1694,1826,1826,1955,2026,2155,2155,2155,2284,2284,2284,2384],"floor_reached":51,"language":"ZHS","playtime":1857,"items_purged":["Strike_S","Defend_S","Defend_S","Strike_S","KidneyShot","Defend_S","Defend_S","Strike_S","Strike_S","DoubleEdge","Shame","Exchange","KidneyShot","Defy","SilverBlades","Rearm+1","Clumsy","Starlight","Starlight+1","Comet","SurpressingFire+1","Finesse","Enlightenment+1","Hallownest:curseDreamersLament","FloweringNight","Duplication"],"score":1540,"play_id":"a43ba269-58d5-42f3-86ca-c6ad7631b49b","local_time":"20210227210036","is_ascension_mode":true,"campfire_choices":[{"data":"FlawlessForm","floor":8,"key":"SMITH"},{"data":"Unruled","floor":11,"key":"SMITH"},{"data":"SurpressingFire","floor":13,"key":"SMITH"},{"data":"Rearm","floor":15,"key":"SMITH"},{"data":"REME_ShortnessOfBreath","floor":32,"key":"SMITH"},{"data":"Moondial","floor":41,"key":"SMITH"},{"data":"DoubleEdge","floor":45,"key":"SMITH"},{"data":"REME_TwoStrings","floor":49,"key":"SMITH"}],"circlet_count":0,"master_deck":["Luminosity","BottledTime+1","Unruled+1","FlawlessForm+1","DoubleEdge+1","Embodiment","Solidify+1","REME_ShortnessOfBreath+1","Solidify+1","SpecialFormula+1","Spin+1","BottledTime+1","MostiFishMod:StoryBook+1","MostiFishMod:StoryBook+1","Moondial+1","REME_TwoStrings+1","SpecialFormula","REME_TwoStrings+1"],"relics":["Uniform","ice","AT_ATBox","REME_ComplimentaryCards","HushsDoor","DaveBox","Chaos","MetatronsCube","SynthV:TestCard","AT_ChloranthyRing","PatriotShield","PageOfOzma","Letter Opener","AT_BellowingDragoncrestRing","KneeBrace","PageOfGalaxyChild","WarlordEmblem:BadgeProtect","Gensokyo:YoukaiFlower","Mastiff:ReiMu","construct:RocketBooster","Coffee Dripper","AT_BellowingDragoncrestRing","Hallownest:NailmastersGloryRelic","GreenFoldingFan","AT_TheCollector","ExusiaiGun","Dodecahedron","StrikeDummy","Torii","construct:ClawGrip","TheBean","BookOfRevelations","Shovel","WarlordEmblem:SoftArmor","PageOfLittleHelper","Hallownest:WatcherSealRelic","AT_RabadonDeathcap","DollysMirror","Hallownest:StagBellRelic1","AT_SunfireAegis","Calipers","Blue Candle","TheBible","construct:FoamFinger","WarlordEmblem:QuestMage","construct:WeddingRing","GuppysTail","WarlordEmblem:BrokenMantle","DoctorsRemote","PageOfMountain","BionicSphere","StoneMask","WarlordEmblem:BadgeWrath"],"acts_visited":["Gensokyo:Gensokyo","Hallownest:CityofTears","Hallownest:KingdomsEdge"],"potions_floor_usage":[1],"damage_taken":[{"damage":9,"enemies":"Gensokyo:Python","floor":1,"turns":3},{"damage":4,"enemies":"Gensokyo:3_Fairies","floor":2,"turns":4},{"damage":0,"enemies":"Gensokyo:2_Kodama","floor":4,"turns":1},{"damage":0,"enemies":"Gensokyo:VengefulSpirit","floor":6,"turns":1},{"damage":0,"enemies":"Gensokyo:Aya","floor":7,"turns":3},{"damage":0,"enemies":"Gensokyo:Mamizou","floor":12,"turns":5},{"damage":0,"enemies":"Gensokyo:Cirno","floor":14,"turns":4},{"damage":0,"enemies":"Gensokyo:Kokoro","floor":16,"turns":3},{"damage":0,"enemies":"Hallownest:3_Youths","floor":18,"turns":3},{"damage":0,"enemies":"Hallownest:2_Mistakes","floor":23,"turns":1},{"damage":0,"enemies":"Hallownest:eliteSoulWarrior","floor":24,"turns":1},{"damage":0,"enemies":"Hallownest:Nosk","floor":27,"turns":1},{"damage":14,"enemies":"Hallownest:eliteSoulWarrior","floor":29,"turns":1},{"damage":2,"enemies":"Hallownest:BossMantisLord","floor":33,"turns":1},{"damage":2,"enemies":"Hallownest:3_Siblings","floor":35,"turns":1},{"damage":14,"enemies":"Hallownest:eliteCollector","floor":40,"turns":1},{"damage":11,"enemies":"Hallownest:StalkingDevout","floor":42,"turns":1},{"damage":14,"enemies":"Hallownest:eliteHiveKnight","floor":44,"turns":1},{"damage":8,"enemies":"Hallownest:StalkingDevout","floor":47,"turns":1},{"damage":8,"enemies":"Hallownest:BossGreyPrinceZote","floor":50,"turns":1}],"seed_played":"-3422223010475615823","potions_obtained":[{"floor":1,"key":"REME_GoldPotion"},{"floor":7,"key":"MagicPotion:ReiMu"},{"floor":18,"key":"GrandPatriotsElixir:ReiMu"},{"floor":18,"key":"LiquidBronze"}],"is_trial":false,"path_per_floor":["M","M","$","M","$","M","E","R","T","?","R","E","R","E","R","B",null,"M","?","?","$","?","M","E","?","T","E","$","E","$","?","R","B",null,"M","?","$","?","?","E","R","E","T","E","R","$","E","$","R","B",null],"character_chosen":"THE_SERVANT","items_purchased":["AT_ChloranthyRing","PatriotShield","PageOfOzma","SilverBlades","Rearm","Starlight","Comet","Defy","Letter Opener","AT_BellowingDragoncrestRing","KneeBrace","BottledTime","Finesse","DoubleEdge","REME_ShortnessOfBreath","Solidify","GreenFoldingFan","AT_TheCollector","ExusiaiGun","Spin","Enlightenment","construct:ClawGrip","TheBean","BookOfRevelations","WarlordEmblem:SoftArmor","PageOfLittleHelper","MostiFishMod:StoryBook","Moondial","REME_TwoStrings","AT_SunfireAegis","Calipers","GuppysTail","WarlordEmblem:BrokenMantle","DoctorsRemote","SpecialFormula","REME_TwoStrings","BionicSphere","StoneMask","WarlordEmblem:BadgeWrath"],"campfire_rested":0,"item_purchase_floors":[3,3,3,3,3,3,3,3,5,5,5,5,5,5,17,17,21,21,21,21,21,28,28,28,30,30,30,34,34,37,37,46,46,46,46,46,48,48,48],"current_hp_per_floor":[56,52,52,52,52,52,52,52,52,52,52,52,52,52,52,52,58,58,58,58,58,58,60,60,60,60,60,60,56,56,56,56,60,50,50,50,50,45,30,26,26,33,33,45,45,45,50,50,50,51],"gold":2384,"neow_bonus":"UPGRADE_CARD","is_daily":false,"chose_seed":false,"campfire_upgraded":8,"win_rate":0.0,"timestamp":1614430836,"path_taken":["M","M","$","M","$","M","E","R","T","?","R","E","R","E","R","BOSS","M","?","?","$","?","?","E","?","T","E","$","E","$","?","R","BOSS","M","?","$","?","?","E","R","E","T","E","R","$","E","?","R","BOSS"],"items_purchased_type":["Relic","Relic","Relic","Card","Card","Card","Card","Card","Relic","Relic","Relic","Card","Card","Card","Card","Card","Relic","Relic","Relic","Card","Card","Relic","Relic","Relic","Relic","Relic","Card","Card","Card","Relic","Relic","Relic","Relic","Relic","Card","Card","Relic","Relic","Relic"],"build_version":"2020-12-22","purchased_purges":26,"victory":true,"max_hp_per_floor":[65,65,65,65,65,65,65,65,65,65,65,65,65,65,65,65,60,60,60,60,60,60,60,60,60,60,60,60,60,60,60,60,60,50,50,50,50,50,50,50,50,50,50,50,50,50,50,50,50,51],"card_choices":[{"not_picked":["Ricochet","ShatteredReality"],"picked":"Luminosity","floor":1},{"not_picked":["Rearm","Desolation","Reset","Defy"],"picked":"DoubleEdge","floor":2},{"not_picked":["Revamp","Unruled","BottledTime","Sabotage"],"picked":"SurpressingFire","floor":4},{"not_picked":["Sabotage","DoubleEdge","Defy","Gouge"],"picked":"Unruled","floor":6},{"not_picked":["Revamp","Unruled","KillingDoll","Defy"],"picked":"FlawlessForm","floor":7},{"not_picked":["Replace","PendulumOfEternity","TheWorld","StarChef"],"picked":"DoubleEdge","floor":12},{"not_picked":["Replace","Deny","DoubleEdge","Ricochet"],"picked":"Starlight","floor":14},{"not_picked":["Dilation","FloweringNight","ForgedInTime","Duplication"],"picked":"Embodiment","floor":16},{"not_picked":["ForgedInTime","MurderousAura","Dilation","Sunlight"],"picked":"Solidify","floor":16},{"not_picked":["TheWorld","Dilation","MurderousAura","Solidify"],"picked":"Duplication","floor":16},{"not_picked":["WasteNot","Revamp","Spin+1","Unruled"],"picked":"SpecialFormula+1","floor":18},{"not_picked":["Spin","DoubleEdge","SilverBlades+1","TimeTheft"],"picked":"BottledTime+1","floor":23},{"not_picked":["Replace","Misdirection","Spin","Starlight+1","ForgedInTime"],"picked":"SKIP","floor":24},{"not_picked":["Revamp","Alleviate+1","Embodiment","Manipulate","FanOfKnives"],"picked":"SKIP","floor":27},{"not_picked":["Revamp","Alleviate+1","Embodiment","Manipulate","FanOfKnives"],"picked":"SKIP","floor":27},{"not_picked":["DoubleEdge","Snipe","RealityMarble","Defy","Spin"],"picked":"SKIP","floor":29},{"not_picked":["TrueSight","Embodiment","SilverMatrix","SoulSculpture"],"picked":"FloweringNight","floor":33},{"not_picked":["Replace+1","Revamp+1","Ricochet","Moonlight+1","Alleviate"],"picked":"SKIP","floor":35},{"not_picked":["Revamp+1","ReturningBlade","Starlight+1","Potential","FlawlessForm"],"picked":"SKIP","floor":40},{"not_picked":["Defy+1","Deadline+1","Collapse","BestPractice+1","Foresight+1"],"picked":"SKIP","floor":42},{"not_picked":["Rearm","Spin+1","Embodiment","DualDimension","Alleviate+1"],"picked":"SKIP","floor":44},{"not_picked":["Rearm+1","Starlight","ShatteredReality+1","Replace","Alleviate+1"],"picked":"SKIP","floor":47}],"player_experience":167556,"relics_obtained":[{"floor":1,"key":"SynthV:TestCard"},{"floor":7,"key":"PageOfGalaxyChild"},{"floor":9,"key":"WarlordEmblem:BadgeProtect"},{"floor":12,"key":"Mastiff:ReiMu"},{"floor":14,"key":"construct:RocketBooster"},{"floor":16,"key":"Coffee Dripper"},{"floor":24,"key":"Dodecahedron"},{"floor":26,"key":"StrikeDummy"},{"floor":27,"key":"Torii"},{"floor":29,"key":"Shovel"},{"floor":33,"key":"AT_RabadonDeathcap"},{"floor":40,"key":"TheBible"},{"floor":42,"key":"construct:FoamFinger"},{"floor":43,"key":"WarlordEmblem:QuestMage"},{"floor":44,"key":"construct:WeddingRing"},{"floor":47,"key":"PageOfMountain"}],"event_choices":[],"is_beta":false,"boss_relics":[{"not_picked":["REME_ArchaeologicalTools","Pan"],"picked":"Diplopia"},{"not_picked":[]},{"not_picked":["SteamSale","DeadEye"],"picked":"DollysMirror"},{"not_picked":[]}],"items_purged_floors":[3,3,3,3,3,3,3,3,3,5,21,21,21,21,30,30,30,30,30,30,30,30,30,34,37,37],"is_endless":false,"potions_floor_spawned":[1,1,2,4,6,6,7,12,14,14,16,18,18,23,24,27,27,29,33,35,35,40,44,47],"ascension_level":5}}