{"host":"b5mzvrq4aqyf54kp","time":1614461552,"event":{"mods":["BaseMod","Minty Spire (QoL Compilation)","Relic Stats"],"gold_per_floor":[367,387,398,7,7,32,49,79,79,94,44,58,58,87,87,186,186,206,217,229,78,78,111,111,111,111,140,160,160,177,202,202,323,323,337,337,350,98,113,142,142,169,193,193,225,238,258,284,284,284,284,284,12,40,40],"floor_reached":56,"language":"ENG","playtime":6806,"items_purged":["Strike_R","Strike_R","Strike_R"],"score":2108,"play_id":"63f8d93a-1d85-4bb5-9346-e425e71777da","local_time":"20210227233232","is_ascension_mode":true,"campfire_choices":[{"data":"Hyperbeam","floor":15.0,"key":"SMITH"},{"data":"1","floor":29.0,"key":"LIFT"},{"data":"2","floor":32.0,"key":"LIFT"},{"data":"3","floor":44.0,"key":"LIFT"},{"floor":49,"key":"RECALL"},{"floor":52,"key":"REST"}],"circlet_count":0,"master_deck":["AscendersBane","Strike_R","Defend_R","Defend_R+1","Defend_R","Defend_R","Bash","Pommel Strike","Armaments","Anger","Reaper","Go for the Eyes","Pommel Strike","Hyperbeam+1","Bandage Up","Worship","Adrenaline","Flash of Steel","Flex","Conserve Battery","J.A.X.","PanicButton","Shrug It Off","Scrape","Protect+1","Mayhem+1","Demon Form+1","Acrobatics","Conserve Battery+1","Secret Technique+1","Secret Weapon","Dark Shackles","Protect+1","ThirdEye+1","Heavy Blade+1","Seek","JustLucky+1","True Grit+1","CutThroughFate+1"],"relics":["Burning Blood","PrismaticShard","FossilizedHelix","Eternal Feather","Letter Opener","Frozen Egg 2","Question Card","Black Star","Potion Belt","Girya","Toy Ornithopter","Dead Branch","Pen Nib","Mango","Bag of Marbles","Akabeko","Fusion Hammer","Medical Kit","Ginger","Gambling Chip","Pantograph","War Paint","TungstenRod","Dream Catcher","White Beast Statue","Bottled Lightning","Happy Flower","Orichalcum","Bag of Preparation"],"acts_visited":["Exordium","TheCity","TheBeyond","TheEnding"],"potions_floor_usage":[50,50,55,55,55,55,55,55,55,55,55],"damage_taken":[{"damage":7.0,"enemies":"Small Slimes","floor":1.0,"turns":4.0},{"damage":7.0,"enemies":"2 Louse","floor":2.0,"turns":3.0},{"damage":1.0,"enemies":"Cultist","floor":3.0,"turns":3.0},{"damage":25.0,"enemies":"Lagavulin","floor":6.0,"turns":7.0},{"damage":10.0,"enemies":"Exordium Thugs","floor":7.0,"turns":5.0},{"damage":10.0,"enemies":"3 Sentries","floor":8.0,"turns":7.0},{"damage":0.0,"enemies":"Blue Slaver","floor":10.0,"turns":3.0},{"damage":0.0,"enemies":"3 Louse","floor":12.0,"turns":1.0},{"damage":8.0,"enemies":"Gremlin Nob","floor":14.0,"turns":4.0},{"damage":71.0,"enemies":"Hexaghost","floor":16.0,"turns":9.0},{"damage":22.0,"enemies":"3 Byrds","floor":18.0,"turns":4.0},{"damage":17.0,"enemies":"2 Thieves","floor":19.0,"turns":4.0},{"damage":4.0,"enemies":"Centurion and Healer","floor":20.0,"turns":5.0},{"damage":18.0,"enemies":"Book of Stabbing","floor":23.0,"turns":4.0},{"damage":14.0,"enemies":"Slavers","floor":27.0,"turns":3.0},{"damage":25.0,"enemies":"Snecko","floor":28.0,"turns":6.0},{"damage":0.0,"enemies":"Sentry and Sphere","floor":30.0,"turns":3.0},{"damage":13.0,"enemies":"Book of Stabbing","floor":31.0,"turns":4.0},{"damage":24.0,"enemies":"Collector","floor":33.0,"turns":5.0},{"damage":0.0,"enemies":"Orb Walker","floor":35.0,"turns":3.0},{"damage":11.0,"enemies":"3 Darklings","floor":37.0,"turns":3.0},{"damage":0.0,"enemies":"Transient","floor":39.0,"turns":5.0},{"damage":0.0,"enemies":"Giant Head","floor":40.0,"turns":6.0},{"damage":7.0,"enemies":"Reptomancer","floor":42.0,"turns":5.0},{"damage":0.0,"enemies":"Giant Head","floor":45.0,"turns":5.0},{"damage":0,"enemies":"Spire Growth","floor":46,"turns":3},{"damage":2,"enemies":"3 Darklings","floor":47,"turns":5},{"damage":2,"enemies":"Nemesis","floor":48,"turns":5},{"damage":36,"enemies":"Awakened One","floor":50,"turns":9},{"damage":0,"enemies":"Shield and Spear","floor":54,"turns":2},{"damage":71,"enemies":"The Heart","floor":55,"turns":6}],"seed_played":"-3042076356530063699","potions_obtained":[{"floor":1.0,"key":"Fire Potion"},{"floor":6.0,"key":"GamblersBrew"},{"floor":10.0,"key":"Dexterity Potion"},{"floor":12.0,"key":"DistilledChaos"},{"floor":19.0,"key":"Weak Potion"},{"floor":20.0,"key":"EntropicBrew"},{"floor":23.0,"key":"Block Potion"},{"floor":27.0,"key":"Strength Potion"},{"floor":33.0,"key":"Strength Potion"},{"floor":35.0,"key":"ColorlessPotion"},{"floor":40.0,"key":"Explosive Potion"},{"floor":42.0,"key":"EntropicBrew"},{"floor":54,"key":"SkillPotion"}],"is_trial":false,"path_per_floor":["M","M","M","$","?","E","M","E","T","M","?","M","?","E","R","B",null,"M","M","M","$","?","E","?","?","T","E","M","R","M","E","R","B",null,"M","?","M","$","M","E","?","E","T","R","E","M","M","E","R","B",null,"R","$","E","B",null],"character_chosen":"IRONCLAD","items_purchased":["PrismaticShard","Reaper","Potion Belt","Medical Kit","Happy Flower"],"campfire_rested":1,"item_purchase_floors":[4,4,21,38,53],"current_hp_per_floor":[71,70,72,72,77,58,64,68,68,74,74,77,77,75,77,16,62,56,54,64,64,64,63,63,63,63,78,72,87,91,91,91,83,89,91,91,86,86,91,91,81,89,89,91,91,91,91,91,91,74,87,91,91,91,65],"gold":40,"neow_bonus":"TWO_FIFTY_GOLD","is_daily":false,"chose_seed":false,"campfire_upgraded":1,"win_rate":0.0,"timestamp":1614461552,"path_taken":["M","M","M","$","?","E","M","E","T","M","?","M","?","E","R","BOSS","M","M","?","$","?","E","?","?","T","E","M","R","M","E","R","BOSS","M","?","M","$","M","E","?","E","T","R","E","M","M","E","R","BOSS","R","$","E","BOSS"],"items_purchased_type":["Relic","Card","Relic","Relic","Relic"],"build_version":"2020-12-22","purchased_purges":3,"victory":true,"max_hp_per_floor":[72,72,72,72,77,77,77,77,77,77,77,77,77,77,77,77,77,77,77,77,77,77,77,77,77,77,91,91,91,91,91,91,91,91,91,91,91,91,91,91,91,91,91,91,91,91,91,91,91,91,91,91,91,91,91],"relic_stats":{"Happy Flower":[2],"counters":[31,141],"Dead Branch":[106],"Eternal Feather":23,"Pen Nib":[16],"Bag of Preparation":[2],"Letter Opener":[314],"Ginger":[5],"War Paint":["Secret Technique","Defend_R"],"Orichalcum":[6],"Question Card":25,"Medical Kit":[9],"Burning Blood":124,"Dream Catcher":1,"Gambling Chip":[24],"Pantograph":0,"Black Star":8,"obtain_stats":[{"Mango":27,"Bag of Preparation":54,"Ginger":40,"PrismaticShard":4,"Burning Blood":0,"Dream Catcher":45,"Gambling Chip":40,"Pantograph":42,"Fusion Hammer":34,"Potion Belt":21,"Girya":23,"Happy Flower":53,"Dead Branch":26,"Eternal Feather":8,"Pen Nib":27,"Letter Opener":9,"Frozen Egg 2":13,"War Paint":42,"Orichalcum":54,"Question Card":14,"Medical Kit":38,"Akabeko":31,"White Beast Statue":48,"Black Star":17,"Bag of Marbles":31,"Bottled Lightning":48,"FossilizedHelix":6,"Toy Ornithopter":23,"TungstenRod":45},{"Mango":15,"Bag of Preparation":30,"Ginger":23,"PrismaticShard":3,"Burning Blood":0,"Dream Catcher":25,"Gambling Chip":23,"Pantograph":24,"Fusion Hammer":19,"Potion Belt":13,"Girya":14,"Happy Flower":29,"Dead Branch":14,"Eternal Feather":6,"Pen Nib":15,"Letter Opener":6,"Frozen Egg 2":8,"War Paint":24,"Orichalcum":30,"Question Card":9,"Medical Kit":21,"Akabeko":18,"White Beast Statue":28,"Black Star":10,"Bag of Marbles":18,"Bottled Lightning":28,"FossilizedHelix":4,"Toy Ornithopter":14,"TungstenRod":25},{"Mango":66,"Bag of Preparation":135,"Ginger":101,"PrismaticShard":10,"Burning Blood":0,"Dream Catcher":111,"Gambling Chip":101,"Pantograph":106,"Fusion Hammer":84,"Potion Belt":59,"Girya":63,"Happy Flower":133,"Dead Branch":63,"Eternal Feather":29,"Pen Nib":66,"Letter Opener":29,"Frozen Egg 2":33,"War Paint":106,"Orichalcum":135,"Question Card":37,"Medical Kit":90,"Akabeko":79,"White Beast Statue":124,"Black Star":46,"Bag of Marbles":79,"Bottled Lightning":124,"FossilizedHelix":17,"Toy Ornithopter":63,"TungstenRod":111}],"Toy Ornithopter":70,"TungstenRod":34},"card_choices":[{"not_picked":["Rupture","Reckless Charge"],"picked":"Pommel Strike","floor":1.0},{"not_picked":["Pummel","True Grit"],"picked":"Armaments","floor":2.0},{"not_picked":["Dual Wield","Clothesline"],"picked":"Anger","floor":3.0},{"not_picked":["True Grit","WindmillStrike"],"picked":"Go for the Eyes","floor":6.0},{"not_picked":["FlyingSleeves","BootSequence"],"picked":"Pommel Strike","floor":7.0},{"not_picked":["Glacier","CrushJoints"],"picked":"Hyperbeam","floor":8.0},{"not_picked":["InnerPeace","Infinite Blades"],"picked":"Bandage Up","floor":10.0},{"not_picked":["Bane","EmptyBody"],"picked":"Worship","floor":12.0},{"not_picked":["JustLucky","Masterful Stab","Prepared"],"picked":"SKIP","floor":14.0},{"not_picked":["SpiritShield","Multi-Cast","Core Surge"],"picked":"Adrenaline","floor":16.0},{"not_picked":["Tactician","Panacea+1","PathToVictory"],"picked":"Flash of Steel","floor":18.0},{"not_picked":["Poisoned Stab","Coolheaded","Body Slam"],"picked":"Flex","floor":19.0},{"not_picked":["Barrage+1","Blizzard","Halt"],"picked":"Conserve Battery","floor":20.0},{"not_picked":["Clash+1","Core Surge","Anger"],"picked":"PanicButton","floor":23.0},{"not_picked":["Second Wind","Acrobatics","Quick Slash"],"picked":"Scrape","floor":27.0},{"not_picked":["Outmaneuver","Steam Power","Havoc"],"picked":"Protect+1","floor":28.0},{"not_picked":["Outmaneuver+1","Loop+1","Predator","Iron Wave"],"picked":"SKIP","floor":30.0},{"not_picked":["Redo","Protect","WaveOfTheHand"],"picked":"Mayhem+1","floor":31.0},{"not_picked":["Creative AI+1","Omniscience","Amplify"],"picked":"Demon Form+1","floor":33.0},{"not_picked":["Dagger Throw+1","Consume+1","Compile Driver"],"picked":"Acrobatics","floor":35.0},{"not_picked":["Steam+1","MentalFortress+1","Dark Embrace+1"],"picked":"Conserve Battery+1","floor":37.0},{"not_picked":["Steam","Halt+1","Deadly Poison+1","Reflex+1"],"picked":"SKIP","floor":39.0},{"not_picked":["FearNoEvil+1","Flying Knee+1","WreathOfFlame+1","EmptyBody"],"picked":"SKIP","floor":40.0},{"not_picked":["Purity","Sadistic Nature+1","The Bomb"],"picked":"Secret Technique","floor":41.0},{"not_picked":["Swift Strike","Sadistic Nature+1","Blind"],"picked":"Secret Weapon","floor":41.0},{"not_picked":["PanicButton","Thinking Ahead","HandOfGreed"],"picked":"Dark Shackles","floor":41.0},{"not_picked":["Consume","Rampage","EmptyBody+1"],"picked":"Protect+1","floor":42.0},{"not_picked":["Body Slam+1","Glacier+1","Purity+1"],"picked":"ThirdEye+1","floor":45},{"not_picked":["Perseverance+1","Rebound+1","Streamline+1"],"picked":"Heavy Blade+1","floor":46},{"not_picked":["Heel Hook","Halt","Cloak And Dagger+1"],"picked":"Seek","floor":47},{"not_picked":["Clash+1","Skim+1","Riddle With Holes"],"picked":"JustLucky+1","floor":48},{"not_picked":["SashWhip","FearNoEvil+1","Prostrate"],"picked":"True Grit+1","floor":52},{"not_picked":["FearNoEvil+1","Metallicize+1","Darkness"],"picked":"CutThroughFate+1","floor":54}],"player_experience":446603,"relics_obtained":[{"floor":6.0,"key":"FossilizedHelix"},{"floor":8.0,"key":"Eternal Feather"},{"floor":9.0,"key":"Letter Opener"},{"floor":14.0,"key":"Question Card"},{"floor":23.0,"key":"Girya"},{"floor":23.0,"key":"Toy Ornithopter"},{"floor":26.0,"key":"Dead Branch"},{"floor":27.0,"key":"Pen Nib"},{"floor":27.0,"key":"Mango"},{"floor":31.0,"key":"Bag of Marbles"},{"floor":31.0,"key":"Akabeko"},{"floor":40.0,"key":"Ginger"},{"floor":40.0,"key":"Gambling Chip"},{"floor":42.0,"key":"Pantograph"},{"floor":42.0,"key":"War Paint"},{"floor":45,"key":"TungstenRod"},{"floor":45,"key":"Dream Catcher"},{"floor":48,"key":"White Beast Statue"},{"floor":48,"key":"Bottled Lightning"},{"floor":54,"key":"Orichalcum"},{"floor":54,"key":"Bag of Preparation"}],"event_choices":[{"damage_healed":0.0,"max_hp_gain":5.0,"max_hp_loss":0.0,"gold_gain":0.0,"event_name":"Big Fish","player_choice":"Donut","floor":5.0,"gold_loss":0.0,"damage_taken":0.0},{"cards_removed":["Strike_R"],"damage_healed":0.0,"max_hp_gain":0.0,"max_hp_loss":0.0,"gold_gain":0.0,"event_name":"The Cleric","player_choice":"Card Removal","floor":11.0,"gold_loss":50.0,"damage_taken":0.0},{"damage_healed":0.0,"max_hp_gain":0.0,"max_hp_loss":0.0,"gold_gain":0.0,"event_name":"WeMeetAgain","player_choice":"Gave Potion","floor":13.0,"gold_loss":0.0,"damage_taken":0.0,"relics_obtained":["Frozen Egg 2"]},{"damage_healed":0.0,"max_hp_gain":0.0,"max_hp_loss":0.0,"gold_gain":0.0,"event_name":"Drug Dealer","player_choice":"Obtain J.A.X.","floor":22.0,"gold_loss":0.0,"damage_taken":0.0,"cards_obtained":["J.A.X."]},{"damage_healed":0.0,"max_hp_gain":0.0,"max_hp_loss":0.0,"gold_gain":0.0,"event_name":"Vampires","player_choice":"Ignored","floor":24.0,"gold_loss":0.0,"damage_taken":0.0},{"damage_healed":0.0,"max_hp_gain":0.0,"max_hp_loss":0.0,"gold_gain":0.0,"event_name":"The Library","player_choice":"Read","floor":25.0,"gold_loss":0.0,"damage_taken":0.0,"cards_obtained":["Shrug It Off"]},{"damage_healed":0.0,"max_hp_gain":0.0,"max_hp_loss":0.0,"gold_gain":0.0,"event_name":"Tomb of Lord Red Mask","player_choice":"Ignored","floor":36.0,"gold_loss":0.0,"damage_taken":0.0},{"damage_healed":0.0,"max_hp_gain":0.0,"max_hp_loss":0.0,"gold_gain":0.0,"event_name":"SensoryStone","player_choice":"Memory 3","floor":41.0,"gold_loss":0.0,"damage_taken":10.0}],"is_beta":false,"boss_relics":[{"not_picked":["Runic Dome","Ectoplasm"],"picked":"Black Star"},{"not_picked":["Calling Bell","Snecko Eye"],"picked":"Fusion Hammer"}],"items_purged_floors":[4,38,53],"is_endless":false,"potions_floor_spawned":[1,6,10,12,19,20,23,27,33,35,40,42,54],"ascension_level":10}}