{"host":"3sqvgza1l4ip9ny1","time":1614387804,"event":{"mods":["BaseMod","Minty Spire (QoL Compilation)"],"gold_per_floor":[109,126,139,139,158,158,188,188,256,256,291,291,310,335,335,438,438,457,467,467,467,477,509,532,558,558,572,572,589,589,607,607,607,607],"floor_reached":33,"language":"ENG","playtime":1592,"items_purged":[],"score":416,"play_id":"3a76569e-c962-44b1-a771-580dda6cc619","local_time":"20210227010324","is_ascension_mode":true,"campfire_choices":[{"data":"Burning Pact","floor":6,"key":"SMITH"},{"data":"Demon Form","floor":8,"key":"SMITH"},{"data":"Bash","floor":10,"key":"SMITH"},{"data":"Burning Pact","floor":15,"key":"SMITH"},{"data":"Rage","floor":28,"key":"SMITH"},{"data":"True Grit","floor":30,"key":"SMITH"},{"data":"Rage","floor":32,"key":"SMITH"}],"circlet_count":0,"master_deck":["Strike_R","Strike_R","Strike_R","Strike_R","Strike_R","Defend_R","Defend_R","Defend_R","Bash+1","Power Through","Headbutt","Twin Strike","Burning Pact+1","Demon Form+1","Reckless Charge","Reckless Charge","Burning Pact+1","Immolate","Feel No Pain","Headbutt+1","Rage+1","Writhe","Blood for Blood","Rage+1","Feel No Pain","True Grit+1","Dual Wield+1"],"relics":["Burning Blood","Turnip","CaptainsWheel","Darkstone Periapt","Bronze Scales","Tiny Chest","Coffee Dripper","Mercury Hourglass","Pear","Blood Vial","Toy Ornithopter","Gremlin Horn"],"acts_visited":["Exordium","TheCity"],"potions_floor_usage":[7,16,18,22,23,33,33],"damage_taken":[{"damage":7,"enemies":"Jaw Worm","floor":1,"turns":3},{"damage":0,"enemies":"Small Slimes","floor":2,"turns":4},{"damage":0,"enemies":"Cultist","floor":3,"turns":2},{"damage":0,"enemies":"Red Slaver","floor":5,"turns":3},{"damage":37,"enemies":"Gremlin Nob","floor":7,"turns":5},{"damage":35,"enemies":"3 Sentries","floor":11,"turns":10},{"damage":0,"enemies":"Gremlin Gang","floor":13,"turns":4},{"damage":0,"enemies":"Lagavulin","floor":14,"turns":5},{"damage":0,"enemies":"Slime Boss","floor":16,"turns":8},{"damage":19,"enemies":"Shell Parasite","floor":18,"turns":4},{"damage":2,"enemies":"Chosen","floor":19,"turns":4},{"damage":9,"enemies":"Centurion and Healer","floor":22,"turns":6},{"damage":19,"enemies":"Book of Stabbing","floor":23,"turns":5},{"damage":18,"enemies":"Shelled Parasite and Fungi","floor":27,"turns":5},{"damage":9,"enemies":"Snecko","floor":29,"turns":5},{"damage":10,"enemies":"Cultist and Chosen","floor":31,"turns":5},{"damage":85,"enemies":"Automaton","floor":33,"turns":6}],"seed_played":"4116453347635044295","potions_obtained":[{"floor":3,"key":"CultistPotion"},{"floor":7,"key":"BloodPotion"},{"floor":13,"key":"SkillPotion"},{"floor":14,"key":"Weak Potion"},{"floor":18,"key":"SkillPotion"},{"floor":22,"key":"ElixirPotion"},{"floor":23,"key":"Fruit Juice"}],"is_trial":false,"path_per_floor":["M","M","M","?","M","R","E","R","T","R","E","?","M","E","R","B",null,"M","M","?","?","M","E","T","T","T","M","R","M","R","M","R","B"],"character_chosen":"IRONCLAD","items_purchased":[],"campfire_rested":0,"item_purchase_floors":[],"current_hp_per_floor":[71,72,72,65,71,71,40,40,40,40,11,35,41,47,47,53,72,59,63,63,69,66,68,68,68,68,58,58,57,57,55,55,0,0],"gold":607,"neow_bonus":"ONE_RARE_RELIC","is_daily":false,"chose_seed":false,"campfire_upgraded":7,"win_rate":0.0,"timestamp":1614387804,"path_taken":["M","M","M","?","M","R","E","R","T","R","E","?","M","E","R","BOSS","M","M","?","?","?","E","?","?","T","M","R","?","R","M","R","BOSS"],"items_purchased_type":[],"build_version":"2020-12-22","purchased_purges":0,"victory":false,"max_hp_per_floor":[72,72,72,72,72,72,72,72,72,72,72,72,72,72,72,72,72,72,72,72,78,78,93,93,93,93,93,93,93,93,93,93,93,93],"card_choices":[{"not_picked":["Havoc","Iron Wave"],"picked":"Power Through","floor":1},{"not_picked":["Flex","Perfected Strike"],"picked":"Headbutt","floor":2},{"not_picked":["Battle Trance","Iron Wave"],"picked":"Twin Strike","floor":3},{"not_picked":["Hemokinesis","Headbutt"],"picked":"Burning Pact","floor":5},{"not_picked":["Sever Soul","Uppercut"],"picked":"Demon Form","floor":7},{"not_picked":["Clothesline","Body Slam"],"picked":"Reckless Charge","floor":11},{"not_picked":["Shrug It Off","Infernal Blade"],"picked":"Reckless Charge","floor":13},{"not_picked":["Iron Wave","True Grit"],"picked":"Burning Pact","floor":14},{"not_picked":["Exhume","Demon Form"],"picked":"Immolate","floor":16},{"not_picked":["Armaments","Iron Wave"],"picked":"Feel No Pain","floor":18},{"not_picked":["Perfected Strike+1","Armaments"],"picked":"Headbutt+1","floor":19},{"not_picked":["Reaper","Iron Wave"],"picked":"Blood for Blood","floor":22},{"not_picked":["Headbutt+1","Corruption"],"picked":"Rage","floor":23},{"not_picked":["Dropkick","Flex"],"picked":"Feel No Pain","floor":27},{"not_picked":["Heavy Blade","Clash"],"picked":"True Grit","floor":29},{"not_picked":["Cleave","Armaments"],"picked":"Dual Wield+1","floor":31}],"player_experience":243632,"relics_obtained":[{"floor":7,"key":"CaptainsWheel"},{"floor":9,"key":"Darkstone Periapt"},{"floor":11,"key":"Bronze Scales"},{"floor":14,"key":"Tiny Chest"},{"floor":23,"key":"Pear"},{"floor":24,"key":"Blood Vial"},{"floor":25,"key":"Toy Ornithopter"},{"floor":26,"key":"Gremlin Horn"}],"event_choices":[{"cards_removed":["Defend_R"],"damage_healed":0,"gold_gain":0,"player_choice":"Card Removal","damage_taken":7,"max_hp_gain":0,"max_hp_loss":0,"event_name":"Golden Wing","floor":4,"gold_loss":0},{"damage_healed":24,"gold_gain":0,"player_choice":"Banana","damage_taken":0,"max_hp_gain":0,"max_hp_loss":0,"event_name":"Big Fish","floor":12,"gold_loss":0},{"damage_healed":0,"gold_gain":0,"player_choice":"Read","damage_taken":0,"max_hp_gain":0,"max_hp_loss":0,"event_name":"The Library","floor":20,"gold_loss":0,"cards_obtained":["Rage"]},{"damage_healed":0,"gold_gain":0,"player_choice":"Opened","damage_taken":0,"relics_obtained":["Mercury Hourglass"],"max_hp_gain":0,"max_hp_loss":0,"event_name":"The Mausoleum","floor":21,"gold_loss":0,"cards_obtained":["Writhe"]}],"is_beta":false,"boss_relics":[{"not_picked":["Fusion Hammer","Runic Cube"],"picked":"Coffee Dripper"}],"items_purged_floors":[],"is_endless":false,"potions_floor_spawned":[3,7,13,14,18,22,23],"killed_by":"Automaton","ascension_level":3}}