{"host":"ztme5fio60r7om62","time":1614398751,"event":{"mods":["BaseMod","Highlight Path","Minty Spire (QoL Compilation)","Permanent Neow","everything is the same but u backflip on backflip"],"gold_per_floor":[113,133,145,48,48,82,101,132,132,163,163,183,29,41,41,145,145,161,70,87,99,114,147,147,163,190,222,240,42,56,70,70,175,175,188,188,239,239,0,0,29,29,111,111,125,176,186,198,198,198,198,198,48,78,78,78],"floor_reached":55,"language":"KOR","playtime":2752,"items_purged":["Decay","Strike_G","Defend_G","Writhe"],"score":911,"play_id":"1aa36fdf-700c-4387-80af-6576ec06aea4","local_time":"20210227130551","is_ascension_mode":false,"campfire_choices":[{"floor":11.0,"key":"RECALL"},{"floor":15.0,"key":"REST"},{"floor":24.0,"key":"REST"},{"floor":32.0,"key":"REST"},{"floor":40.0,"key":"REST"},{"floor":42.0,"key":"REST"},{"floor":44.0,"key":"REST"},{"floor":49.0,"key":"REST"},{"floor":52.0,"key":"REST"}],"circlet_count":0,"master_deck":["Strike_G","Strike_G","Defend_G","Defend_G","Defend_G","Survivor","Neutralize","Apotheosis+1","Deadly Poison","Backflip","Dagger Spray","Poisoned Stab","Sucker Punch","PiercingWail","Distraction+1","Blur+1","Deadly Poison+1","Deadly Poison+1","Well Laid Plans","Phantasmal Killer+1","All Out Attack+1","Burst+1","Predator+1","Calculated Gamble+1","Trip+1","PiercingWail+1","Die Die Die","Deflect+1","Malaise+1","Backflip+1","Outmaneuver+1","Deadly Poison+1","Backflip+1","Venomology+1","Expertise+1","Escape Plan+1","Caltrops+1","Acrobatics+1"],"relics":["Ring of the Snake","Paper Crane","Toxic Egg 2","Bottled Lightning","Bag of Preparation","Astrolabe","Potion Belt","Lantern","Fusion Hammer","CaptainsWheel","Red Mask","Pear","Singing Bowl","Anchor","Gremlin Horn"],"acts_visited":[],"potions_floor_usage":[55,55,55,55],"damage_taken":[{"damage":0.0,"enemies":"Jaw Worm","floor":1.0,"turns":5.0},{"damage":0.0,"enemies":"Cultist","floor":2.0,"turns":5.0},{"damage":0.0,"enemies":"2 Louse","floor":3.0,"turns":4.0},{"damage":0.0,"enemies":"Lagavulin","floor":6.0,"turns":5.0},{"damage":0.0,"enemies":"Large Slime","floor":7.0,"turns":4.0},{"damage":8.0,"enemies":"3 Sentries","floor":8.0,"turns":8.0},{"damage":8.0,"enemies":"Gremlin Nob","floor":10.0,"turns":5.0},{"damage":3.0,"enemies":"3 Louse","floor":12.0,"turns":2.0},{"damage":0.0,"enemies":"Looter","floor":14.0,"turns":2.0},{"damage":0.0,"enemies":"Slime Boss","floor":16.0,"turns":10.0},{"damage":2.0,"enemies":"Shell Parasite","floor":18.0,"turns":5.0},{"damage":0.0,"enemies":"Spheric Guardian","floor":20.0,"turns":4.0},{"damage":0.0,"enemies":"Chosen and Byrds","floor":21.0,"turns":4.0},{"damage":0.0,"enemies":"Snecko","floor":22.0,"turns":5.0},{"damage":0.0,"enemies":"Slavers","floor":23.0,"turns":4.0},{"damage":9.0,"enemies":"Centurion and Healer","floor":25.0,"turns":6.0},{"damage":0.0,"enemies":"Book of Stabbing","floor":27.0,"turns":5.0},{"damage":0.0,"enemies":"3 Cultists","floor":28.0,"turns":4.0},{"damage":1.0,"enemies":"Cultist and Chosen","floor":30.0,"turns":5.0},{"damage":2.0,"enemies":"Chosen and Byrds","floor":31.0,"turns":4.0},{"damage":15.0,"enemies":"Champ","floor":33.0,"turns":8.0},{"damage":0.0,"enemies":"Orb Walker","floor":35.0,"turns":3.0},{"damage":61.0,"enemies":"2 Orb Walkers","floor":37.0,"turns":6.0},{"damage":18.0,"enemies":"Nemesis","floor":41.0,"turns":7.0},{"damage":10.0,"enemies":"3 Darklings","floor":45.0,"turns":3.0},{"damage":18.0,"enemies":"Jaw Worm Horde","floor":47.0,"turns":3.0},{"damage":0.0,"enemies":"Sphere and 2 Shapes","floor":48.0,"turns":3.0},{"damage":13.0,"enemies":"Time Eater","floor":50.0,"turns":14.0},{"damage":7.0,"enemies":"Shield and Spear","floor":54.0,"turns":7.0},{"damage":0,"enemies":"The Heart","floor":55,"turns":2}],"seed_played":"3837863973126857007","potions_obtained":[{"floor":1.0,"key":"SmokeBomb"},{"floor":6.0,"key":"Energy Potion"},{"floor":10.0,"key":"Dexterity Potion"},{"floor":16.0,"key":"DistilledChaos"},{"floor":21.0,"key":"PowerPotion"},{"floor":25.0,"key":"Fire Potion"},{"floor":27.0,"key":"Strength Potion"},{"floor":35.0,"key":"FearPotion"},{"floor":41.0,"key":"FearPotion"},{"floor":45.0,"key":"SneckoOil"}],"is_trial":false,"path_per_floor":["M","M","M","$","?","E","M","E","T","E","R","M","$","M","R","B",null,"M","$","M","M","M","E","R","M","T","E","M","$","M","M","R","B",null,"M","?","?","?","?","R","E","R","T","R","M","T","M","M","R","B",null,"R","$","E","B"],"character_chosen":"THE_SILENT","items_purchased":["Poisoned Stab","Deadly Poison+1","Trip+1","Backflip+1","Outmaneuver+1"],"campfire_rested":8,"item_purchase_floors":[4,13,19,29,29],"current_hp_per_floor":[70,70,70,70,70,70,70,62,62,54,54,51,51,51,70,70,70,68,68,68,68,68,68,70,61,61,61,61,61,60,58,70,55,70,70,70,9,27,27,48,40,64,64,80,70,70,52,54,78,65,82,82,82,77,77,77],"gold":78,"neow_bonus":"RANDOM_COLORLESS_2","is_daily":false,"chose_seed":false,"campfire_upgraded":0,"win_rate":0.0,"timestamp":1614398751,"path_taken":["M","M","M","$","?","E","?","E","T","E","R","M","?","M","R","BOSS","M","$","M","?","M","E","R","M","T","E","M","$","M","M","R","BOSS","M","?","?","?","?","R","E","R","T","R","M","?","M","M","R","BOSS","R","$","E","BOSS"],"items_purchased_type":["Card","Card","Card","Card","Card"],"build_version":"2020-12-22","purchased_purges":4,"victory":false,"max_hp_per_floor":[70,70,70,70,70,70,70,70,70,70,70,70,70,70,70,70,70,70,70,70,70,70,70,70,70,70,70,70,70,70,70,70,70,70,70,70,70,70,70,70,80,80,80,80,80,80,80,82,82,82,82,82,82,84,84,84],"card_choices":[{"not_picked":["Violence","Secret Technique"],"picked":"Apotheosis","floor":0.0},{"not_picked":["Backflip","Dodge and Roll"],"picked":"Deadly Poison","floor":1.0},{"not_picked":["Dodge and Roll","Choke"],"picked":"Backflip","floor":2.0},{"not_picked":["Flechettes","Expertise"],"picked":"Dagger Spray","floor":3.0},{"not_picked":["Outmaneuver","Cloak And Dagger"],"picked":"Sucker Punch","floor":6.0},{"not_picked":["Masterful Stab","Acrobatics"],"picked":"PiercingWail","floor":7.0},{"not_picked":["Wraith Form v2","Outmaneuver+1"],"picked":"Distraction+1","floor":8.0},{"not_picked":["Heel Hook","Dash"],"picked":"Blur+1","floor":10.0},{"not_picked":["Sucker Punch","Cloak And Dagger+1"],"picked":"Deadly Poison+1","floor":12.0},{"not_picked":["Bane","Blade Dance+1"],"picked":"Well Laid Plans","floor":14.0},{"not_picked":["Unload","A Thousand Cuts"],"picked":"Phantasmal Killer+1","floor":16.0},{"not_picked":["Prepared+1","Dagger Spray"],"picked":"Calculated Gamble+1","floor":18.0},{"not_picked":["Accuracy+1","Blade Dance+1"],"picked":"PiercingWail+1","floor":20.0},{"not_picked":["Sucker Punch","Underhanded Strike+1","Endless Agony+1"],"picked":"SKIP","floor":21.0},{"not_picked":["Masterful Stab+1","Slice","Dagger Spray"],"picked":"SKIP","floor":22.0},{"not_picked":["Dagger Throw","Poisoned Stab"],"picked":"Die Die Die","floor":23.0},{"not_picked":["Dodge and Roll+1","Tactician+1"],"picked":"Deflect+1","floor":25.0},{"not_picked":["Cloak And Dagger+1","Blade Dance+1"],"picked":"Malaise+1","floor":27.0},{"not_picked":["Concentrate+1","Riddle With Holes","Blade Dance+1"],"picked":"SKIP","floor":28.0},{"not_picked":["Prepared+1","Backflip+1"],"picked":"Deadly Poison+1","floor":30.0},{"not_picked":["Infinite Blades","Dagger Throw"],"picked":"Backflip+1","floor":31.0},{"not_picked":["Malaise+1","Night Terror+1"],"picked":"Venomology+1","floor":33.0},{"not_picked":["Underhanded Strike","Slice+1"],"picked":"PiercingWail+1","floor":35.0},{"not_picked":["Dagger Throw+1","Backflip+1"],"picked":"Expertise+1","floor":37.0},{"not_picked":["All Out Attack+1","Flying Knee"],"picked":"Escape Plan+1","floor":41.0},{"not_picked":["Calculated Gamble+1","Poisoned Stab"],"picked":"Caltrops+1","floor":45.0},{"not_picked":["Sucker Punch","Infinite Blades"],"picked":"Acrobatics+1","floor":47.0},{"not_picked":["Outmaneuver+1","Choke","Phantasmal Killer+1"],"picked":"Singing Bowl","floor":48.0},{"not_picked":["Blade Dance+1","Outmaneuver+1","Dagger Throw"],"picked":"Singing Bowl","floor":54.0}],"player_experience":628341,"relics_obtained":[{"floor":6.0,"key":"Paper Crane"},{"floor":8.0,"key":"Toxic Egg 2"},{"floor":9.0,"key":"Bottled Lightning"},{"floor":10.0,"key":"Bag of Preparation"},{"floor":23.0,"key":"Potion Belt"},{"floor":27.0,"key":"Lantern"},{"floor":37.0,"key":"CaptainsWheel"},{"floor":41.0,"key":"Pear"},{"floor":43.0,"key":"Singing Bowl"},{"floor":46.0,"key":"Anchor"},{"floor":54.0,"key":"Gremlin Horn"}],"event_choices":[{"damage_healed":0.0,"max_hp_gain":0.0,"max_hp_loss":0.0,"gold_gain":0.0,"event_name":"Accursed Blacksmith","player_choice":"Forge","floor":5.0,"gold_loss":0.0,"damage_taken":0.0,"cards_upgraded":["Apotheosis"]},{"cards_removed":["PiercingWail"],"damage_healed":0.0,"max_hp_gain":0.0,"max_hp_loss":0.0,"gold_gain":0.0,"event_name":"Falling","player_choice":"Removed Skill","floor":36.0,"gold_loss":0.0,"damage_taken":0.0},{"damage_healed":0.0,"max_hp_gain":0.0,"max_hp_loss":0.0,"gold_gain":0.0,"event_name":"Mysterious Sphere","player_choice":"Fight","floor":37.0,"gold_loss":0.0,"damage_taken":0.0},{"damage_healed":18.0,"max_hp_gain":0.0,"max_hp_loss":0.0,"gold_gain":0.0,"event_name":"Winding Halls","player_choice":"Writhe","floor":38.0,"gold_loss":0.0,"damage_taken":0.0,"cards_obtained":["Writhe"]},{"damage_healed":0.0,"max_hp_gain":0.0,"max_hp_loss":0.0,"gold_gain":0.0,"event_name":"Tomb of Lord Red Mask","player_choice":"Paid","floor":39.0,"gold_loss":239.0,"damage_taken":0.0,"relics_obtained":["Red Mask"]}],"is_beta":false,"boss_relics":[{"not_picked":["Tiny House","Busted Crown"],"picked":"Astrolabe"},{"not_picked":["WristBlade","SlaversCollar"],"picked":"Fusion Hammer"}],"items_purged_floors":[4,13,29,53],"is_endless":false,"potions_floor_spawned":[1,6,10,16,18,21,22,25,27,35,41,45],"killed_by":"The Heart","ascension_level":0}}