{"host":"sav7uxregyirlf69","time":1614389335,"event":{"mods":["AchievementEnabler","BaseMod","Colored Map","DeckTracker","Keyboard Shortcuts","Minty Spire (QoL Compilation)","READ ME - Guardian Mod","StSLib","SuperFastMode"],"gold_per_floor":[119,119,136,156,231,231,243,257,257,257,272,272,287,305,305,377,377,387,437,148,148,161,194,194,213,213,213,25,42,52,68,68,147,147,166,191,66,0,11,43,43,43,43,43,56,56,85,97,97,97,97],"floor_reached":50,"language":"KOR","playtime":1848,"items_purged":["Strike_G","Strike_G","Defend_G"],"score":1182,"play_id":"8bf0cdfa-73aa-4687-9056-e877b9246fa4","local_time":"20210227102855","is_ascension_mode":true,"campfire_choices":[{"data":"Crippling Poison","floor":6,"key":"SMITH"},{"data":"Concentrate","floor":15,"key":"SMITH"},{"data":"Reflex","floor":24,"key":"SMITH"},{"data":"Cloak And Dagger","floor":27,"key":"SMITH"},{"floor":32,"key":"REST"},{"data":"Acrobatics","floor":42,"key":"SMITH"},{"data":"Reflex","floor":44,"key":"SMITH"},{"data":"Well Laid Plans","floor":46,"key":"SMITH"},{"floor":49,"key":"RECALL"}],"circlet_count":0,"master_deck":["AscendersBane","Defend_G+1","Defend_G","Defend_G","Survivor","Neutralize+1","Poisoned Stab","Crippling Poison+1","Blade Dance","Reflex+1","Backstab","Concentrate+1","Corpse Explosion","Reflex+1","Prepared","Escape Plan","Blade Dance","Cloak And Dagger+1","Well Laid Plans+1","Acrobatics+1","Blur","Acrobatics+1"],"relics":["Ring of the Snake","Centennial Puzzle","Kunai","Empty Cage","Orrery","InkBottle","SlaversCollar","Peace Pipe","Red Mask","Bottled Lightning","Thread and Needle","Lantern"],"acts_visited":["Exordium","TheCity","TheBeyond"],"potions_floor_usage":[16,16,23,23,33,48,50],"damage_taken":[{"damage":2,"enemies":"Jaw Worm","floor":1,"turns":6},{"damage":1,"enemies":"Small Slimes","floor":3,"turns":3},{"damage":2,"enemies":"2 Louse","floor":4,"turns":4},{"damage":1,"enemies":"Blue Slaver","floor":7,"turns":3},{"damage":5,"enemies":"3 Louse","floor":8,"turns":2},{"damage":0,"enemies":"Red Slaver","floor":11,"turns":4},{"damage":3,"enemies":"Blue Slaver","floor":13,"turns":3},{"damage":2,"enemies":"Looter","floor":14,"turns":2},{"damage":6,"enemies":"Hexaghost","floor":16,"turns":10},{"damage":4,"enemies":"2 Thieves","floor":18,"turns":3},{"damage":3,"enemies":"3 Byrds","floor":22,"turns":4},{"damage":2,"enemies":"Book of Stabbing","floor":23,"turns":5},{"damage":2,"enemies":"Centurion and Healer","floor":25,"turns":3},{"damage":8,"enemies":"Shelled Parasite and Fungi","floor":29,"turns":3},{"damage":0,"enemies":"Snecko","floor":30,"turns":5},{"damage":15,"enemies":"Centurion and Healer","floor":31,"turns":5},{"damage":2,"enemies":"Champ","floor":33,"turns":11},{"damage":4,"enemies":"3 Darklings","floor":35,"turns":3},{"damage":0,"enemies":"Mind Bloom Boss Battle","floor":36,"turns":6},{"damage":8,"enemies":"3 Shapes","floor":39,"turns":3},{"damage":0,"enemies":"Giant Head","floor":40,"turns":7},{"damage":9,"enemies":"Transient","floor":45,"turns":6},{"damage":0,"enemies":"Nemesis","floor":47,"turns":13},{"damage":0,"enemies":"4 Shapes","floor":48,"turns":2},{"damage":13,"enemies":"Time Eater","floor":50,"turns":21}],"seed_played":"-7321554227442715325","potions_obtained":[{"floor":1,"key":"LiquidMemories"},{"floor":7,"key":"Poison Potion"},{"floor":22,"key":"AttackPotion"},{"floor":25,"key":"Strength Potion"},{"floor":31,"key":"Dexterity Potion"},{"floor":40,"key":"Energy Potion"}],"is_trial":false,"path_per_floor":["M","?","M","M","?","R","M","M","T","?","M","?","M","M","R","B",null,"M","?","$","?","M","E","R","M","T","R","$","M","M","M","R","B",null,"M","?","$","?","M","E","$","R","T","R","M","R","E","M","R","B"],"character_chosen":"THE_SILENT","items_purchased":["Orrery","Explosive Potion","Well Laid Plans"],"campfire_rested":1,"item_purchase_floors":[20,20,28],"current_hp_per_floor":[57,37,36,34,23,23,22,17,17,17,17,17,14,12,12,6,51,47,47,47,47,44,42,42,40,40,40,40,32,32,17,36,34,58,54,54,54,54,46,46,46,46,46,46,37,37,37,37,37,24,24],"gold":97,"neow_bonus":"RANDOM_COMMON_RELIC","is_daily":false,"chose_seed":false,"campfire_upgraded":7,"win_rate":0.0,"timestamp":1614389335,"path_taken":["M","?","M","M","?","R","M","M","T","?","?","?","?","M","R","BOSS","M","?","$","?","M","E","R","?","T","R","?","M","M","M","R","BOSS","M","?","$","?","?","E","$","R","T","R","M","R","E","M","R","BOSS"],"items_purchased_type":["Relic","Potion","Card"],"build_version":"2020-12-22","purchased_purges":3,"victory":false,"max_hp_per_floor":[66,66,66,66,66,66,66,66,66,66,66,66,66,66,66,66,66,66,66,66,66,66,66,66,66,66,66,66,66,66,66,66,66,66,66,66,66,66,66,66,66,66,66,66,66,66,66,66,66,66,66],"card_choices":[{"not_picked":["Sucker Punch","Catalyst"],"picked":"Poisoned Stab","floor":1},{"not_picked":["Dagger Throw","Quick Slash"],"picked":"Crippling Poison","floor":3},{"not_picked":["Slice","Dagger Spray"],"picked":"Blade Dance","floor":4},{"not_picked":["Slice","Deflect"],"picked":"Reflex","floor":7},{"not_picked":["Sucker Punch","Leg Sweep"],"picked":"Backstab","floor":8},{"not_picked":["Deadly Poison","Acrobatics"],"picked":"Concentrate","floor":11},{"not_picked":["Poisoned Stab","Backflip"],"picked":"Corpse Explosion","floor":13},{"not_picked":["Masterful Stab","Outmaneuver","Infinite Blades"],"picked":"SKIP","floor":14},{"not_picked":["Crippling Poison","Dagger Throw","Deflect+1"],"picked":"SKIP","floor":18},{"not_picked":["Backflip","Dash"],"picked":"Reflex","floor":20},{"not_picked":["Bouncing Flask","Underhanded Strike"],"picked":"Prepared","floor":20},{"not_picked":["Infinite Blades+1","Quick Slash"],"picked":"Escape Plan","floor":22},{"not_picked":["Tools of the Trade","Flying Knee"],"picked":"Blade Dance","floor":23},{"not_picked":["Well Laid Plans","Acrobatics"],"picked":"Cloak And Dagger","floor":25},{"not_picked":["Slice","Deadly Poison"],"picked":"Acrobatics","floor":29},{"not_picked":["Quick Slash","Glass Knife","Acrobatics"],"picked":"SKIP","floor":30},{"not_picked":["Underhanded Strike","Slice","Deflect"],"picked":"SKIP","floor":31},{"not_picked":["Blade Dance","Underhanded Strike","Outmaneuver"],"picked":"SKIP","floor":35},{"not_picked":["All Out Attack+1","Distraction+1"],"picked":"Blur","floor":36},{"not_picked":["Prepared","Flying Knee","Acrobatics"],"picked":"SKIP","floor":39},{"not_picked":["Doppelganger","Quick Slash","Dash"],"picked":"SKIP","floor":40},{"not_picked":["Dagger Throw+1","Distraction","Flying Knee"],"picked":"SKIP","floor":45},{"not_picked":["Choke","Blade Dance"],"picked":"Acrobatics+1","floor":47},{"not_picked":["Blade Dance","Prepared","Expertise"],"picked":"SKIP","floor":48}],"player_experience":1715057,"relics_obtained":[{"floor":9,"key":"Kunai"},{"floor":23,"key":"InkBottle"},{"floor":36,"key":"Peace Pipe"},{"floor":40,"key":"Bottled Lightning"},{"floor":43,"key":"Thread and Needle"},{"floor":47,"key":"Lantern"}],"event_choices":[{"damage_healed":0,"gold_gain":0,"player_choice":"Entered Light","damage_taken":20,"max_hp_gain":0,"max_hp_loss":0,"event_name":"Shining Light","floor":2,"gold_loss":0,"cards_upgraded":["Defend_G","Neutralize"]},{"damage_healed":0,"gold_gain":75,"player_choice":"Gather Gold","damage_taken":11,"max_hp_gain":0,"max_hp_loss":0,"event_name":"World of Goop","floor":5,"gold_loss":0},{"damage_healed":0,"gold_gain":0,"player_choice":"Ignored","damage_taken":0,"max_hp_gain":0,"max_hp_loss":0,"event_name":"Liars Game","floor":10,"gold_loss":0},{"cards_removed":["Strike_G"],"damage_healed":0,"gold_gain":0,"player_choice":"Purged","damage_taken":0,"max_hp_gain":0,"max_hp_loss":0,"event_name":"Purifier","floor":12,"gold_loss":0},{"damage_healed":0,"gold_gain":50,"player_choice":"Stole From Cult","damage_taken":0,"max_hp_gain":0,"max_hp_loss":0,"event_name":"Nest","floor":19,"gold_loss":0},{"cards_removed":["Defend_G"],"damage_healed":0,"gold_gain":0,"player_choice":"Offered Basic","damage_taken":0,"max_hp_gain":0,"max_hp_loss":0,"event_name":"Bonfire Elementals","floor":21,"gold_loss":0},{"damage_healed":0,"gold_gain":0,"player_choice":"Fight","damage_taken":0,"max_hp_gain":0,"max_hp_loss":0,"event_name":"MindBloom","floor":36,"gold_loss":0},{"damage_healed":0,"gold_gain":0,"player_choice":"Paid","damage_taken":0,"relics_obtained":["Red Mask"],"max_hp_gain":0,"max_hp_loss":0,"event_name":"Tomb of Lord Red Mask","floor":38,"gold_loss":66}],"is_beta":false,"boss_relics":[{"not_picked":["Tiny House","Coffee Dripper"],"picked":"Empty Cage"},{"not_picked":["Fusion Hammer","Runic Dome"],"picked":"SlaversCollar"}],"items_purged_floors":[20,28,37],"is_endless":false,"potions_floor_spawned":[1,7,11,14,22,25,31,40,45,47],"killed_by":"Time Eater","ascension_level":20}}