{"host":"kzw87w9fb0mudblt","time":1614452636,"event":{"mods":["BaseMod","Colored Map","Minty Spire (QoL Compilation)","Replay The Spire","StSLib","SuperFastMode"],"gold_per_floor":[116,41,55,69,16,45,55,86,86,86,150,100,100,100,100,202,252,271,271,271,271,287,287,287,316,316,72,88,88,88,103,103,198,198,212,212,224,47,64,64,64,64,113,147,497,514,112,123,123,123],"floor_reached":51,"language":"ENG","playtime":7029,"items_purged":["Regret","Dualcast","Strike_B"],"score":760,"play_id":"3342548d-60f4-43ea-9089-61ad533dc5ac","local_time":"20210227200356","is_ascension_mode":true,"campfire_choices":[{"floor":10,"key":"REST"},{"data":"Gash","floor":13,"key":"SMITH"},{"data":"Scrape","floor":15,"key":"SMITH"},{"data":"Hologram","floor":23,"key":"SMITH"},{"floor":29,"key":"REST"},{"data":"Reprogram","floor":32,"key":"SMITH"},{"data":"Auto Shields","floor":40,"key":"SMITH"},{"data":"Steam","floor":49,"key":"SMITH"}],"circlet_count":0,"master_deck":["Strike_B+1","Defend_B+1","Defend_B+1","Defend_B","Defend_B","Zap","Melter","Reinforced Body","Gash+1","Steam+1","Scrape+1","Reprogram+1","Hologram+1","Auto Shields+1","Seek","Chill+1","ReplayGash","Gash+1","Gash","ReplayGash+1","Double Energy+1","Violence+1","Violence+1","Panacea"],"relics":["Cracked Core","Onion Ring","Matryoshka","Pantograph","Eternal Feather","Bottled Lightning","Replay:Antivirus Software","Tiny House","ReplayTheSpireMod:Ninjato","War Paint","Kunai","Vajra","Chemical X","Prayer Wheel","Inserter","Sundial","Blue Doll","Replay:Ringing Soul","Old Coin","DollysMirror"],"acts_visited":["Exordium","TheCity","TheBeyond"],"potions_floor_usage":[4,8,8,16,25,33,39,45,45,50,50,50],"damage_taken":[{"damage":0,"enemies":"2 Louse","floor":1,"turns":2},{"damage":0,"enemies":"Small Slimes","floor":3,"turns":2},{"damage":11,"enemies":"Jaw Worm","floor":4,"turns":2},{"damage":13,"enemies":"3 Sentries","floor":6,"turns":7},{"damage":0,"enemies":"Large Slime","floor":7,"turns":3},{"damage":20,"enemies":"Lagavulin","floor":8,"turns":5},{"damage":9,"enemies":"Gremlin Nob","floor":11,"turns":4},{"damage":45,"enemies":"The Guardian","floor":16,"turns":10},{"damage":0,"enemies":"Spheric Guardian","floor":18,"turns":2},{"damage":0,"enemies":"Chosen","floor":22,"turns":5},{"damage":56,"enemies":"Slavers","floor":25,"turns":8},{"damage":3,"enemies":"Snecko","floor":28,"turns":10},{"damage":0,"enemies":"Centurion and Healer","floor":31,"turns":7},{"damage":20,"enemies":"Automaton","floor":33,"turns":11},{"damage":12,"enemies":"3 Shapes","floor":35,"turns":6},{"damage":5,"enemies":"Orb Walker","floor":37,"turns":4},{"damage":4,"enemies":"Transient","floor":39,"turns":5},{"damage":0,"enemies":"R_Hoarder","floor":44,"turns":8},{"damage":15,"enemies":"Mind Bloom Boss Battle","floor":45,"turns":6},{"damage":11,"enemies":"Writhing Mass","floor":46,"turns":5},{"damage":0,"enemies":"Jaw Worm Horde","floor":48,"turns":2},{"damage":39,"enemies":"Awakened One","floor":50,"turns":11}],"seed_played":"1395704625649857120","potions_obtained":[{"floor":1,"key":"PowerPotion"},{"floor":3,"key":"FearPotion"},{"floor":7,"key":"LiquidMemories"},{"floor":11,"key":"Toxic Potion"},{"floor":17,"key":"Regen Potion"},{"floor":28,"key":"EssenceOfSteel"},{"floor":33,"key":"Weak Potion"},{"floor":35,"key":"Elixir"},{"floor":37,"key":"LiquidMemories"},{"floor":39,"key":"EssenceOfSteel"},{"floor":46,"key":"Weak Potion"},{"floor":48,"key":"GamblersBrew"}],"is_trial":false,"path_per_floor":["M","$","M","M","$","E","M","E","T","R","?","?","R","?","R","B",null,"M","?","?","?","M","R","?","E","T","$","M","R","$","M","R","B",null,"M","?","M","$","M","R","T","$","T","E","?","M","$","M","R","B",null],"character_chosen":"DEFECT","items_purchased":["Steam","Chemical X","Gash","Violence+1","DollysMirror","PowerPotion","Panacea"],"campfire_rested":2,"item_purchase_floors":[5,27,38,47,47,47,47],"current_hp_per_floor":[75,75,75,64,64,51,51,31,31,62,53,53,59,52,58,30,80,80,80,80,65,65,74,74,33,33,33,30,64,64,64,73,65,85,73,73,68,68,64,76,76,76,76,83,73,62,65,65,77,52],"gold":123,"neow_bonus":"RANDOM_EVENT","is_daily":false,"chose_seed":false,"campfire_upgraded":6,"win_rate":0.0,"timestamp":1614452636,"path_taken":["M","$","M","M","$","E","M","E","T","R","?","?","R","?","R","BOSS","M","?","?","?","M","R","?","E","T","?","M","R","$","M","R","BOSS","M","?","M","$","M","R","?","$","T","E","?","M","$","M","R","BOSS"],"items_purchased_type":["Card","Relic","Card","Card","Relic","Potion","Card"],"build_version":"2020-12-22","purchased_purges":3,"victory":true,"max_hp_per_floor":[75,75,75,75,75,75,75,75,75,75,75,75,75,75,75,75,80,80,80,80,85,85,85,85,85,85,85,85,85,85,85,85,85,85,85,85,85,85,85,85,85,85,85,88,88,88,91,91,91,91],"card_choices":[{"not_picked":["Darkness","Redo"],"picked":"Melter","floor":1},{"not_picked":["ReplayTheSpireMod:Calculation Training","Static Discharge"],"picked":"Reinforced Body","floor":3},{"not_picked":["Cold Snap","Barrage"],"picked":"Gash","floor":4},{"not_picked":["Static Discharge","Leap"],"picked":"Scrape","floor":6},{"not_picked":["Leap","Undo","Consume"],"picked":"SKIP","floor":7},{"not_picked":["Panic Button","Leap","Barrage"],"picked":"SKIP","floor":8},{"not_picked":["ReplayRNGCard","Rainbow"],"picked":"ReplayTheSpireMod:Fabricate Wheel","floor":16},{"not_picked":["Compile Driver","Force Field"],"picked":"Reprogram","floor":17},{"not_picked":["Barrage+1","Self Repair","White Noise"],"picked":"SKIP","floor":18},{"not_picked":["Redo+1","Doom and Gloom","Scrape"],"picked":"SKIP","floor":22},{"not_picked":["FIFO Queue","Leap+1"],"picked":"Auto Shields","floor":25},{"not_picked":["Steam+1","Consume+1"],"picked":"Seek","floor":28},{"not_picked":["Barrage","Streamline+1"],"picked":"Chill+1","floor":28},{"not_picked":["Rebound","Lockon"],"picked":"ReplayGash","floor":31},{"not_picked":["Steam","Leap+1","ReplayTheSpireMod:GoodbyeWorld"],"picked":"SKIP","floor":31},{"not_picked":["Steam","Leap+1","ReplayTheSpireMod:GoodbyeWorld"],"picked":"SKIP","floor":31},{"not_picked":["Rainbow","ReplayTheSpireMod:Fabricate Wheel"],"picked":"Machine Learning","floor":33},{"not_picked":["Skim","Auto Shields+1","Panic Button"],"picked":"SKIP","floor":35},{"not_picked":["Tempest+1","Hologram+1","Panic Button"],"picked":"SKIP","floor":35},{"not_picked":["Panic Button","Time Bomb"],"picked":"Gash+1","floor":37},{"not_picked":["Melter+1","Leap+1","Sweeping Beam"],"picked":"SKIP","floor":37},{"not_picked":["Panic Button","Capacitor+1"],"picked":"ReplayGash+1","floor":39},{"not_picked":["Conserve Battery+1","BootSequence","Sweeping Beam+1"],"picked":"SKIP","floor":39},{"not_picked":["Conserve Battery+1","BootSequence","Sweeping Beam+1"],"picked":"SKIP","floor":39},{"not_picked":["Time Bomb","Scrape+1"],"picked":"Double Energy+1","floor":44},{"not_picked":["Coolheaded","Stack+1","ReplayTheSpireMod:System Scan"],"picked":"SKIP","floor":46},{"not_picked":["ReplayTheSpireMod:GoodbyeWorld+1","Leap","Sweeping Beam+1"],"picked":"SKIP","floor":46},{"not_picked":["Steam","Static Discharge+1","Hologram+1"],"picked":"SKIP","floor":48},{"not_picked":["ReplayRNGCard","Panic Button+1","Chill"],"picked":"SKIP","floor":48}],"player_experience":60338,"relics_obtained":[{"floor":6,"key":"Matryoshka"},{"floor":8,"key":"Pantograph"},{"floor":9,"key":"Eternal Feather"},{"floor":9,"key":"Bottled Lightning"},{"floor":11,"key":"Replay:Antivirus Software"},{"floor":25,"key":"War Paint"},{"floor":26,"key":"Kunai"},{"floor":26,"key":"Vajra"},{"floor":41,"key":"Sundial"},{"floor":43,"key":"Blue Doll"},{"floor":44,"key":"Replay:Ringing Soul"},{"floor":45,"key":"Old Coin"}],"event_choices":[{"damage_healed":0,"gold_gain":0,"player_choice":"Box","damage_taken":0,"relics_obtained":["Onion Ring"],"max_hp_gain":0,"max_hp_loss":0,"event_name":"Big Fish","floor":0,"gold_loss":0,"cards_obtained":["Regret"]},{"damage_healed":0,"gold_gain":0,"player_choice":"Searched \u00272\u0027 times","damage_taken":0,"max_hp_gain":0,"max_hp_loss":0,"event_name":"Dead Adventurer","floor":11,"gold_loss":0},{"cards_removed":["Strike_B"],"damage_healed":0,"gold_gain":0,"player_choice":"Card Removal","damage_taken":0,"max_hp_gain":0,"max_hp_loss":0,"event_name":"The Cleric","floor":12,"gold_loss":50},{"cards_removed":["Strike_B"],"damage_healed":0,"gold_gain":0,"player_choice":"Card Removal","damage_taken":7,"max_hp_gain":0,"max_hp_loss":0,"event_name":"Golden Wing","floor":14,"gold_loss":0},{"damage_healed":0,"gold_gain":0,"player_choice":"Read","damage_taken":0,"max_hp_gain":0,"max_hp_loss":0,"event_name":"The Library","floor":19,"gold_loss":0,"cards_obtained":["Hologram"]},{"damage_healed":0,"gold_gain":0,"player_choice":"Ignored","damage_taken":0,"max_hp_gain":0,"max_hp_loss":0,"event_name":"Cursed Tome","floor":20,"gold_loss":0},{"damage_healed":0,"gold_gain":0,"player_choice":"Shed Blood","damage_taken":20,"max_hp_gain":5,"max_hp_loss":0,"event_name":"Forgotten Altar","floor":21,"gold_loss":0},{"cards_removed":["Machine Learning"],"damage_healed":0,"gold_gain":0,"player_choice":"Removed Power","damage_taken":0,"max_hp_gain":0,"max_hp_loss":0,"event_name":"Falling","floor":36,"gold_loss":0},{"damage_healed":0,"gold_gain":0,"player_choice":"Fight","damage_taken":0,"max_hp_gain":0,"max_hp_loss":0,"event_name":"MindBloom","floor":45,"gold_loss":0}],"is_beta":false,"boss_relics":[{"not_picked":["Runic Dome","Runic Pyramid"],"picked":"Tiny House"},{"not_picked":["Velvet Choker","ReplayTheSpireMod:Onyx Gauntlets"],"picked":"Inserter"}],"items_purged_floors":[2,27,38],"is_endless":false,"potions_floor_spawned":[1,3,7,11,28,33,35,37,39,46,48],"ascension_level":1}}