{"host":"z8t0156rta3bw9pl","time":1614438935,"event":{"mods":["Act Like it!","Arknights","Ascension Reborn","BaseMod","Colored Map","Downfall","Jedi Mod","Minty Spire (QoL Compilation)","Relic Stats","Replay The Spire","Shop Mod","StSLib","The Animator","¡¾ÒÅÎï¿¨ÅÆ¡¿REMEMod","óô»ðÖ¸ÄÏ"],"gold_per_floor":[99,112,131,144,264,283,283,297,310,13,133,133,33,57,81,199,199,2,24,38,38,51,22,50,63,98,98,120,20,43,55,74,196,196,96,113,113,113,132,33,33,33,33,33,36,36,48,28,42,42,42,79,15,15,15,15],"floor_reached":57,"language":"ZHS","playtime":4711,"items_purged":["downfall:Icky","Sword Boomerang","Slimebound:Equalize"],"score":1445,"play_id":"e4ccda3e-f948-4edf-839b-c66ab43b131c","local_time":"20210227231535","is_ascension_mode":true,"campfire_choices":[{"floor":1.0,"key":"RECALL"},{"floor":13.0,"key":"DIG"},{"data":"1","floor":35,"key":"LIFT"},{"data":"2","floor":44,"key":"LIFT"},{"data":"3","floor":46,"key":"LIFT"},{"data":"Offering","floor":54,"key":"SMITH"}],"circlet_count":0,"master_deck":["Slimebound:Tackle+1","Slimebound:Split+1","Slimebound:CorrosiveSpit+1","Secret Technique","Slimebound:SplitMire","Slimebound:LevelUp+1","Slimebound:Schlurp","Slimebound:LeechEnergy","Slimebound:SlimeTap","Slimebound:DouseInSlime","Enlightenment","Slimebound:ForwardTackle+1","Slimebound:Repurpose","expansioncontent:YouAreMine","Slimebound:SlimeSpikes+1","Slimebound:OozeBath","Slimebound:PrepareCrush","Slimebound:LeechEnergy+1","Slimebound:Repurpose","Slimebound:ItLooksTasty","Slimebound:MassFeed+1","Replay:SS_forest_2+1","Rupture+1","Slimebound:SplitAcid+1","Slimebound:LeadByExample+1","Slimebound:SlimeBrawl+1","Slimebound:SplitBruiser+1","Slimebound:Gluttony+1","Slimebound:MassRepurpose","Slimebound:CheckThePlaybook","Offering","Slimebound:SlimeTap+1","Slimebound:ComboTackle+1","Slimebound:ProtectTheBoss+1","Offering+1","Slimebound:Repurpose+1","Slimebound:SlimeSpikes+1","Rupture+1","Slimebound:Prepare+1","Slimebound:AcidTongue+1","ReplayTheSpireMod:Necrogeddon","Slimebound:OneTwoCombo","Slimebound:MegaLick","Slimebound:MinionMaster","Slimebound:SplitLeeching+1","Slimebound:LevelUp+1","Replay:SS_hec_1"],"relics":["REME_ComplimentaryCards","Gambling Chip","Mummified Hand","downfall:GremlinSack","ReplayFunnel","Replay:Multitool","m_BurningSludge","downfall:HeartBlessingRed","Nunchaku","Prayer Wheel","Coffee Dripper","SlaversCollar","MerchantsRug","Quantum Egg","Singing Bowl","Potion Belt","Pen Nib","Centennial Puzzle","downfall:HeartBlessingGreen","Pet Ghost","Girya","Astrolabe","downfall:HeartBlessingBlue","Turnip","Happy Flower","Replay:PocketPolymizer","Slimebound:AggressiveSlimeRelic","Bag of Marbles","Letter Opener","StoneCalendar","jedi:crownofsimplicity","Mercury Hourglass","Toolbox","Strawberry","Bottled Lightning"],"acts_visited":["Exordium","TheCity","TheBeyond","TheEnding"],"potions_floor_usage":[23,23,29,30,30,31,31,39,56,56,56,56],"damage_taken":[{"damage":0.0,"enemies":"2 Louse","floor":2.0,"turns":2.0},{"damage":0.0,"enemies":"Cultist","floor":3.0,"turns":2.0},{"damage":3.0,"enemies":"Small Slimes","floor":4.0,"turns":2.0},{"damage":11.0,"enemies":"Small Slimes","floor":5.0,"turns":3.0},{"damage":4.0,"enemies":"Exordium Wildlife","floor":6.0,"turns":3.0},{"damage":0.0,"enemies":"Blue Slaver","floor":8.0,"turns":3.0},{"damage":0.0,"enemies":"Gremlin Gang","floor":9.0,"turns":2.0},{"damage":12.0,"enemies":"downfall:FleeingMerchant","floor":10.0,"turns":4.0},{"damage":6.0,"enemies":"Exordium Thugs","floor":14.0,"turns":2.0},{"damage":0.0,"enemies":"Large Slime","floor":15.0,"turns":3.0},{"damage":0.0,"enemies":"IC_STATUS_ARCHETYPE","floor":16.0,"turns":2.0},{"damage":0.0,"enemies":"DF_ARCHETYPE_STREAMLINE","floor":18.0,"turns":3.0},{"damage":0,"enemies":"Shell Parasite","floor":19,"turns":2},{"damage":0,"enemies":"Chosen","floor":20,"turns":3},{"damage":3,"enemies":"Sentry and Sphere","floor":22,"turns":2},{"damage":3,"enemies":"downfall:FleeingMerchant","floor":23,"turns":4},{"damage":1,"enemies":"Snake Plant","floor":25,"turns":2},{"damage":6,"enemies":"REME_1_Revenger","floor":26,"turns":2},{"damage":20,"enemies":"Centurion and Healer","floor":28,"turns":2},{"damage":3,"enemies":"3 Cultists","floor":30,"turns":3},{"damage":6,"enemies":"Chosen and Byrds","floor":31,"turns":1},{"damage":0,"enemies":"Snecko","floor":32,"turns":2},{"damage":10,"enemies":"WA_ARCHETYPE_CALM","floor":33,"turns":1},{"damage":0,"enemies":"Orb Walker","floor":36,"turns":1},{"damage":6,"enemies":"3 Darklings","floor":39,"turns":1},{"damage":6,"enemies":"Spire Growth","floor":47,"turns":2},{"damage":6,"enemies":"Maw","floor":49,"turns":2},{"damage":6,"enemies":"DF_ARCHETYPE_ORBS","floor":50,"turns":2},{"damage":12,"enemies":"downfall:CharBossMerchant","floor":52,"turns":1},{"damage":12,"enemies":"downfall:NeowBoss","floor":55,"turns":3},{"damage":15,"enemies":"downfall:NeowBossFinal","floor":56,"turns":3}],"seed_played":"-8286770242308232866","potions_obtained":[{"floor":2.0,"key":"Ancient Potion"},{"floor":3.0,"key":"Strength Potion"},{"floor":3.0,"key":"jedi:mysterypotion"},{"floor":4.0,"key":"Block Potion"},{"floor":5.0,"key":"REME_GoldPotion"},{"floor":6.0,"key":"Death Potion"},{"floor":8.0,"key":"Slimebound:SpawnSlimePotion"},{"floor":8.0,"key":"REME_GoldPotion"},{"floor":9.0,"key":"GamblersBrew"},{"floor":10.0,"key":"EssenceOfSteel"},{"floor":14.0,"key":"FearPotion"},{"floor":15.0,"key":"DuplicationPotion"},{"floor":16.0,"key":"Venom Potion"},{"floor":16.0,"key":"ColorlessPotion"},{"floor":19,"key":"SpeedPotion"},{"floor":20,"key":"Fire Potion"},{"floor":22,"key":"Milkshake"},{"floor":22,"key":"Regen Potion"},{"floor":23,"key":"Fire Potion"},{"floor":25,"key":"Dexterity Potion"},{"floor":25,"key":"jedi:holywater"},{"floor":26,"key":"ColorlessPotion"},{"floor":28,"key":"jedi:mysterypotion"},{"floor":28,"key":"Toxic Potion"},{"floor":29,"key":"CultistPotion"},{"floor":30,"key":"SkillPotion"},{"floor":31,"key":"EssenceOfSteel"},{"floor":31,"key":"SkillPotion"},{"floor":32,"key":"Strength Potion"},{"floor":33,"key":"Weak Potion"},{"floor":36,"key":"Adrenaline Potion"},{"floor":36,"key":"SteroidPotion"},{"floor":39,"key":"BlessingOfTheForge"},{"floor":47,"key":"SkillPotion"},{"floor":49,"key":"Energy Potion"},{"floor":49,"key":"ColorlessPotion"},{"floor":52,"key":"SkillPotion"}],"is_trial":false,"path_per_floor":["R_BF","M","M","M","?","M","T","M","M","$","?","?","R","M","M","B",null,"R","M","M","?","M","$","T","M","E","?","M","R","M","M","M","B",null,"R","M","?","T","M","$","T","?","T","R","$","R","M","$","M","B",null,"E","$","R","B","B",null],"character_chosen":"SLIMEBOUND","items_purchased":["REME_LimitBreaker","expansioncontent:YouAreMine","MerchantsRug","Quantum Egg","Replay:SS_forest_2","Slimebound:MassRepurpose","Singing Bowl","Potion Belt","Slimebound:CheckThePlaybook","jedi:cryingmask","champ:CounterPotion","ReplayTheSpireMod:Necrogeddon","jedi:crownofsimplicity","Toolbox","Replay:SS_hec_1"],"campfire_rested":0,"item_purchase_floors":[10,10,18,18,18,23,23,23,23,40,40,40,45,48,53],"current_hp_per_floor":[71,71,71,71,63,68,68,71,71,68,68,68,68,70,71,77,77,77,77,77,77,77,77,77,81,83,83,72,72,80,91,93,97,99,109,111,111,111,113,113,113,113,113,113,113,113,119,119,126,132,132,132,132,132,136,132],"gold":15,"neow_bonus":"THREE_CARDS","is_daily":false,"chose_seed":false,"campfire_upgraded":1,"win_rate":0.0,"timestamp":1614438935,"path_taken":["R_BF","M","M","M","?","M","T","?","M","$","?","?","R","?","M","BOSS","R","M","?","?","?","$","T","M","E","?","M","R","M","M","M","BOSS","R","M","?","?","?","$","T","?","?","R","$","R","?","?","M","BOSS","E","$","R","BOSS","BOSS"],"items_purchased_type":["Relic","Card","Relic","Relic","Card","Card","Relic","Relic","Card","Relic","Potion","Card","Relic","Relic","Card"],"build_version":"2020-12-22","purchased_purges":3,"victory":true,"max_hp_per_floor":[71,71,71,71,71,71,71,71,71,71,71,71,71,71,71,77,77,77,77,77,77,77,77,77,81,83,83,87,87,89,91,93,99,99,109,111,111,111,113,113,113,113,113,113,113,113,119,119,126,132,132,138,138,138,144,150],"relic_stats":{"Singing Bowl":24,"Happy Flower":[4],"counters":[31,67],"Astrolabe":["Slimebound:Repurpose","Slimebound:SlimeSpikes","Rupture"],"StoneCalendar":[0],"Pen Nib":[7],"Letter Opener":[199],"Mercury Hourglass":[21],"Nunchaku":[9],"Centennial Puzzle":[30],"Mummified Hand":[104],"Gambling Chip":[56],"Prayer Wheel":12,"Turnip":[6],"obtain_stats":[{"ReplayFunnel":7,"Replay:PocketPolymizer":41,"Singing Bowl":23,"downfall:HeartBlessingGreen":29,"StoneCalendar":43,"Replay:Multitool":7,"Whetstone":26,"Pet Ghost":30,"Nunchaku":15,"Centennial Puzzle":28,"Mummified Hand":4,"downfall:HeartBlessingBlue":35,"Gambling Chip":2,"Strawberry":49,"Toolbox":48,"Prayer Wheel":16,"jedi:cryingmask":40,"Replay:Bottled Eggs":41,"Potion Belt":23,"MerchantsRug":18,"Girya":33,"Slimebound:AggressiveSlimeRelic":42,"downfall:HeartBlessingRed":13,"Happy Flower":38,"Replay:Grab Bag":17,"Quantum Egg":18,"Astrolabe":34,"jedi:purplefairy":13,"Pen Nib":24,"Letter Opener":43,"jedi:crownofsimplicity":45,"REME_LimitBreaker":10,"Mercury Hourglass":47,"SlaversCollar":17,"downfall:GremlinSack":5,"Pandora\u0027s Box":17,"Turnip":38,"Slimebound:AbsorbEndCombat":0,"Coffee Dripper":17,"Bag of Marbles":42,"Bottled Lightning":52,"REME_ComplimentaryCards":0,"m_BurningSludge":12},{"ReplayFunnel":5,"Replay:PocketPolymizer":25,"Singing Bowl":16,"downfall:HeartBlessingGreen":19,"StoneCalendar":25,"Replay:Multitool":5,"Whetstone":18,"Pet Ghost":20,"Nunchaku":10,"Centennial Puzzle":19,"Mummified Hand":3,"downfall:HeartBlessingBlue":23,"Gambling Chip":1,"Strawberry":27,"Toolbox":26,"Prayer Wheel":11,"jedi:cryingmask":25,"Replay:Bottled Eggs":25,"Potion Belt":16,"MerchantsRug":12,"Girya":23,"Slimebound:AggressiveSlimeRelic":25,"downfall:HeartBlessingRed":8,"Happy Flower":24,"Replay:Grab Bag":11,"Quantum Egg":12,"Astrolabe":23,"jedi:purplefairy":8,"Pen Nib":16,"Letter Opener":25,"jedi:crownofsimplicity":25,"REME_LimitBreaker":8,"Mercury Hourglass":26,"SlaversCollar":11,"downfall:GremlinSack":4,"Pandora\u0027s Box":11,"Turnip":24,"Slimebound:AbsorbEndCombat":0,"Coffee Dripper":11,"Bag of Marbles":25,"Bottled Lightning":29,"REME_ComplimentaryCards":0,"m_BurningSludge":8},{"ReplayFunnel":11,"Replay:PocketPolymizer":54,"Singing Bowl":40,"downfall:HeartBlessingGreen":46,"StoneCalendar":54,"Replay:Multitool":11,"Whetstone":44,"Pet Ghost":48,"Nunchaku":25,"Centennial Puzzle":46,"Mummified Hand":6,"downfall:HeartBlessingBlue":52,"Gambling Chip":2,"Strawberry":58,"Toolbox":56,"Prayer Wheel":27,"jedi:cryingmask":54,"Replay:Bottled Eggs":54,"Potion Belt":40,"MerchantsRug":30,"Girya":52,"Slimebound:AggressiveSlimeRelic":54,"downfall:HeartBlessingRed":20,"Happy Flower":53,"Replay:Grab Bag":27,"Quantum Egg":30,"Astrolabe":52,"jedi:purplefairy":20,"Pen Nib":40,"Letter Opener":54,"jedi:crownofsimplicity":54,"REME_LimitBreaker":20,"Mercury Hourglass":56,"SlaversCollar":27,"downfall:GremlinSack":9,"Pandora\u0027s Box":27,"Turnip":53,"Slimebound:AbsorbEndCombat":0,"Coffee Dripper":27,"Bag of Marbles":54,"Bottled Lightning":61,"REME_ComplimentaryCards":0,"m_BurningSludge":20}]},"card_choices":[{"not_picked":["Slimebound:Chomp","Slimebound:Nibble"],"picked":"Slimebound:SplitMire","floor":0.0},{"not_picked":["Slimebound:Prepare","Slimebound:GrowthPunch"],"picked":"Slimebound:LevelUp+1","floor":2.0},{"not_picked":["Slimebound:Prepare","Slimebound:AcidTongue"],"picked":"Slimebound:Schlurp","floor":3.0},{"not_picked":["Slimebound:Chomp","Slimebound:FinishingTackle"],"picked":"Slimebound:Equalize","floor":4.0},{"not_picked":["Slimebound:RollThrough","Slimebound:SlimeSpikes"],"picked":"Slimebound:SplitBruiser","floor":5.0},{"not_picked":["Slimebound:GoopTackle+1","Slimebound:Schlurp"],"picked":"Slimebound:ForwardTackle+1","floor":6.0},{"not_picked":["Slimebound:RejuvenatingLick","Slimebound:GoopTackle+1"],"picked":"Slimebound:LeechingTouch","floor":8.0},{"not_picked":["Slimebound:SlimeSlap","Slimebound:TongueLash"],"picked":"Slimebound:SamplingLick","floor":9.0},{"not_picked":["Slimebound:PressTheAttack+1","Slimebound:AcidTongue+1"],"picked":"Slimebound:Repurpose","floor":10.0},{"not_picked":["Slimebound:SlimeSpikes","Slimebound:RollThrough","Slimebound:AcidTongue+1"],"picked":"SKIP","floor":14.0},{"not_picked":["Slimebound:Equalize","Slimebound:SplitLeeching"],"picked":"Slimebound:SlimeSpikes+1","floor":15.0},{"not_picked":["Slimebound:CheckThePlaybook","Slimebound:FirmFortitude"],"picked":"Slimebound:OozeBath","floor":16.0},{"not_picked":["Slimebound:LeechEnergy","Slimebound:AcidTongue"],"picked":"Rupture+1","floor":19},{"not_picked":["Slimebound:FinishingTackle","Slimebound:FlameTackle+1"],"picked":"Slimebound:SplitAcid+1","floor":19},{"not_picked":["Slimebound:SlimeTap","Slimebound:SpikyOuterGoop+1"],"picked":"Slimebound:LeadByExample+1","floor":20},{"not_picked":["Slimebound:ViciousTackle","Slimebound:FlameTackle"],"picked":"Slimebound:SlimeBrawl","floor":20},{"not_picked":["Slimebound:HauntingLick","Slimebound:Grow"],"picked":"Slimebound:PressTheAttack","floor":22},{"not_picked":["Slimebound:FinishingTackle","Slimebound:FlameTackle+1"],"picked":"Slimebound:SplitBruiser+1","floor":22},{"not_picked":["Slimebound:MegaLick","Slimebound:FlameTackle+1"],"picked":"Slimebound:Gluttony+1","floor":23},{"not_picked":["Slimebound:HauntingLick","Slimebound:ViciousTackle+1","Slimebound:SplitAcid"],"picked":"Singing Bowl","floor":25},{"not_picked":["Pummel+1","Slimebound:SamplingLick","Slimebound:FlameTackle"],"picked":"Singing Bowl","floor":25},{"not_picked":["Slimebound:FinishingTackle+1","Slimebound:Nibble+1","Slimebound:Replication+1"],"picked":"Singing Bowl","floor":26},{"not_picked":["Slimebound:ComboTackle","Slimebound:Replication+1","Slimebound:Equalize+1"],"picked":"Singing Bowl","floor":28},{"not_picked":["Blood for Blood","Slimebound:SplitBruiser+1","Slimebound:SplitAcid+1"],"picked":"Singing Bowl","floor":28},{"not_picked":["Slimebound:FlameTackle+1","Twin Strike+1","Slimebound:Prepare+1"],"picked":"Singing Bowl","floor":30},{"not_picked":["Slimebound:PressTheAttack","Slimebound:LeechLife"],"picked":"Slimebound:SlimeTap+1","floor":30},{"not_picked":["Slimebound:LivingWall","Slimebound:SplitAcid","Slimebound:Prepare"],"picked":"Singing Bowl","floor":31},{"not_picked":["Slimebound:GoopSpray+1","Slimebound:Nibble+1"],"picked":"Slimebound:ComboTackle+1","floor":31},{"not_picked":["Slimebound:ItLooksTasty+1","Slimebound:SlimeTap+1"],"picked":"Slimebound:ProtectTheBoss+1","floor":32},{"not_picked":["Slimebound:Dissolve","Slimebound:LeechEnergy","Slimebound:SamplingLick"],"picked":"Singing Bowl","floor":32},{"not_picked":["Slimebound:Teamwork","Slimebound:PrepareCrush"],"picked":"Offering","floor":33},{"not_picked":["Slimebound:Replication+1","Slimebound:LevelUp"],"picked":"Slimebound:Prepare+1","floor":36},{"not_picked":["Slimebound:PressTheAttack+1","Slimebound:RollThrough+1","Slimebound:ItLooksTasty+1"],"picked":"Singing Bowl","floor":36},{"not_picked":["Slimebound:Chomp+1","Slimebound:RejuvenatingLick+1","Slimebound:DisruptingSlam+1"],"picked":"Singing Bowl","floor":39},{"not_picked":["Slimebound:SamplingLick+1","Slimebound:Repurpose+1"],"picked":"Slimebound:AcidTongue+1","floor":39},{"not_picked":["Slimebound:BestDefense+1","Slimebound:Dissolve+1"],"picked":"Slimebound:MinionMaster","floor":47},{"not_picked":["Slimebound:DisruptingSlam","Slimebound:Schlurp+1","Slimebound:FinishingTackle+1"],"picked":"Singing Bowl","floor":47},{"not_picked":["Slimebound:ComboTackle","Slimebound:Equalize+1"],"picked":"Slimebound:SplitLeeching+1","floor":49},{"not_picked":["Slimebound:ForwardTackle","Slimebound:PressTheAttack+1"],"picked":"Slimebound:LevelUp+1","floor":49},{"not_picked":["Slimebound:Equalize","Slimebound:GoopSpray","Slimebound:DouseInSlime"],"picked":"Singing Bowl","floor":52}],"player_experience":122628,"relics_obtained":[{"floor":2.0,"key":"Gambling Chip"},{"floor":4.0,"key":"Mummified Hand"},{"floor":5.0,"key":"downfall:GremlinSack"},{"floor":7.0,"key":"ReplayFunnel"},{"floor":7.0,"key":"Replay:Multitool"},{"floor":13.0,"key":"jedi:purplefairy"},{"floor":15.0,"key":"Nunchaku"},{"floor":16.0,"key":"Prayer Wheel"},{"floor":24,"key":"Pen Nib"},{"floor":26,"key":"Whetstone"},{"floor":28,"key":"Centennial Puzzle"},{"floor":30,"key":"Pet Ghost"},{"floor":33,"key":"Girya"},{"floor":38,"key":"Turnip"},{"floor":38,"key":"Happy Flower"},{"floor":41,"key":"Replay:Bottled Eggs"},{"floor":41,"key":"Replay:PocketPolymizer"},{"floor":42,"key":"Slimebound:AggressiveSlimeRelic"},{"floor":42,"key":"Bag of Marbles"},{"floor":43,"key":"Letter Opener"},{"floor":43,"key":"StoneCalendar"},{"floor":47,"key":"Mercury Hourglass"},{"floor":49,"key":"Strawberry"},{"floor":52,"key":"Bottled Lightning"}],"event_choices":[{"damage_healed":0,"gold_gain":0,"player_choice":"Read","damage_taken":0,"max_hp_gain":0,"max_hp_loss":0,"event_name":"The Library","floor":27,"gold_loss":0,"cards_obtained":["Offering"]},{"cards_removed":["Slimebound:PressTheAttack"],"damage_healed":0,"gold_gain":0,"player_choice":"Removed Attack","damage_taken":0,"max_hp_gain":0,"max_hp_loss":0,"event_name":"Falling","floor":37,"gold_loss":0}],"is_beta":false,"boss_relics":[{"not_picked":["Replay:Ancient Bell","jedi:hotpepper"],"picked":"Replay:Grab Bag"},{"not_picked":["Philosopher\u0027s Stone","Sozu"],"picked":"Coffee Dripper"},{"not_picked":["Runic Dome","Cursed Key"],"picked":"SlaversCollar"},{"not_picked":["REME_DuelDisc","Runic Pyramid"],"picked":"Pandora\u0027s Box"},{"not_picked":["jedi:paperlyon","Replay:Bronze Core"],"picked":"Astrolabe"}],"items_purged_floors":[10,18,40],"is_endless":false,"potions_floor_spawned":[3,8,14,16,18,22,25,28,31,36,49],"ascension_level":0}}