{"host":"gg","time":1614404083,"event":{"mods":["AchievementEnabler","BaseMod","Colored Map","Googly Eyes","Minty Spire (QoL Compilation)","Permanent Neow","Relic Stats","The IronCluck"],"gold_per_floor":[110,126,126,126,146,146,172,172,195,195,225,225,245,276,276,350,350,362,393,318,328,341,370,370,390,460,82,109,120,150,169,169,243,243,243],"floor_reached":34,"language":"ENG","playtime":2532,"items_purged":["Perfected Strike+1"],"score":860,"play_id":"8128609c-0293-4620-ad51-6b96fd772f87","local_time":"20210226213443","is_ascension_mode":true,"campfire_choices":[{"data":"Perfected Strike","floor":6.0,"key":"SMITH"},{"data":"Dropkick","floor":10.0,"key":"SMITH"},{"data":"Shockwave","floor":12.0,"key":"SMITH"},{"data":"Seeing Red","floor":15.0,"key":"SMITH"},{"floor":24,"key":"REST"},{"data":"Demon Form","floor":32,"key":"SMITH"}],"circlet_count":0,"master_deck":["AscendersBane","Strike_R","Strike_R","Defend_R","Defend_R","Defend_R","Defend_R","Bash+1","Dropkick+1","Thunderclap","Pommel Strike","Shockwave+1","Disarm","Seeing Red+1","Corruption","Cleave","Dark Embrace","Sword Boomerang","Inflame","Sword Boomerang","Shrug It Off","Power Through","Feed","Pummel","Flex+1","Demon Form+1","Entrench","Reaper"],"relics":["Burning Blood","Orichalcum","Bag of Preparation","Akabeko","Tiny Chest","Blue Candle","SlaversCollar","Red Mask","Mummified Hand","HornCleat","Paper Frog","Darkstone Periapt"],"acts_visited":["Exordium","TheCity"],"potions_floor_usage":[23,28,33],"damage_taken":[{"damage":5.0,"enemies":"Jaw Worm","floor":1.0,"turns":4.0},{"damage":4.0,"enemies":"Small Slimes","floor":2.0,"turns":4.0},{"damage":2.0,"enemies":"2 Louse","floor":5.0,"turns":3.0},{"damage":2.0,"enemies":"Gremlin Nob","floor":7.0,"turns":3.0},{"damage":28.0,"enemies":"Lagavulin","floor":11.0,"turns":5.0},{"damage":4.0,"enemies":"Red Slaver","floor":13.0,"turns":2.0},{"damage":12.0,"enemies":"3 Sentries","floor":14.0,"turns":6.0},{"damage":27.0,"enemies":"The Guardian","floor":16.0,"turns":13.0},{"damage":24.0,"enemies":"2 Thieves","floor":18.0,"turns":4.0},{"damage":17.0,"enemies":"Masked Bandits","floor":19.0,"turns":3.0},{"damage":0,"enemies":"3 Byrds","floor":21,"turns":6},{"damage":12,"enemies":"Cultist and Chosen","floor":22,"turns":5},{"damage":16,"enemies":"Book of Stabbing","floor":23,"turns":5},{"damage":6,"enemies":"Snecko","floor":25,"turns":3},{"damage":11,"enemies":"Gremlin Leader","floor":28,"turns":7},{"damage":3,"enemies":"Centurion and Healer","floor":29,"turns":6},{"damage":11,"enemies":"Book of Stabbing","floor":30,"turns":5},{"damage":12,"enemies":"Snake Plant","floor":31,"turns":3},{"damage":38,"enemies":"Automaton","floor":33,"turns":8}],"seed_played":"-79488410547336904","potions_obtained":[{"floor":1.0,"key":"AttackPotion"},{"floor":2.0,"key":"SpeedPotion"},{"floor":13.0,"key":"DistilledChaos"},{"floor":19.0,"key":"HeartOfIron"},{"floor":23,"key":"Energy Potion"},{"floor":28,"key":"SpeedPotion"},{"floor":33,"key":"PowerPotion"}],"is_trial":false,"path_per_floor":["M","M","?","?","M","R","E","?","T","R","E","R","M","E","R","B",null,"M","?","?","M","M","E","R","M","T","$","E","M","E","M","R","B",null],"character_chosen":"IRONCLAD","items_purchased":["Power Through","Feed","Explosive Potion"],"campfire_rested":1,"item_purchase_floors":[27,27,27],"current_hp_per_floor":[69,71,71,64,68,68,72,72,72,72,50,50,52,46,46,25,63,45,34,34,40,34,24,46,46,46,46,44,50,45,42,42,10,10,10],"gold":243,"neow_bonus":"RANDOM_COMMON_RELIC","is_daily":false,"chose_seed":false,"campfire_upgraded":5,"win_rate":0.0,"timestamp":1614404083,"path_taken":["M","M","?","?","M","R","E","?","T","R","E","R","M","E","R","BOSS","M","?","?","M","M","E","R","M","T","$","E","M","E","M","R","BOSS"],"items_purchased_type":["Card","Card","Potion"],"build_version":"2020-12-18","purchased_purges":1,"victory":false,"max_hp_per_floor":[75,75,75,75,75,75,75,75,75,75,75,75,75,75,75,75,75,75,75,75,75,75,75,75,75,75,75,78,81,81,84,84,84,84,84],"relic_stats":{"Darkstone Periapt":0,"counters":[19,95],"Mummified Hand":[19],"Blue Candle":[1],"Tiny Chest":0,"Bag of Preparation":[30],"Orichalcum":[336],"obtain_stats":[{"Darkstone Periapt":30,"SlaversCollar":17,"HornCleat":26,"Mummified Hand":23,"Blue Candle":14,"Tiny Chest":11,"Bag of Preparation":7,"Red Mask":19,"Orichalcum":0,"Burning Blood":0,"Akabeko":9,"Paper Frog":28},{"Darkstone Periapt":17,"SlaversCollar":8,"HornCleat":14,"Mummified Hand":13,"Blue Candle":7,"Tiny Chest":5,"Bag of Preparation":4,"Red Mask":10,"Orichalcum":0,"Burning Blood":0,"Akabeko":4,"Paper Frog":15},{"Darkstone Periapt":84,"SlaversCollar":40,"HornCleat":66,"Mummified Hand":63,"Blue Candle":27,"Tiny Chest":19,"Bag of Preparation":14,"Red Mask":47,"Orichalcum":0,"Burning Blood":0,"Akabeko":14,"Paper Frog":73}],"Burning Blood":114},"card_choices":[{"not_picked":["Rupture","Second Wind"],"picked":"Dropkick","floor":1.0},{"not_picked":["Warcry","True Grit"],"picked":"Perfected Strike","floor":2.0},{"not_picked":["Havoc","Armaments"],"picked":"Thunderclap","floor":5.0},{"not_picked":["True Grit","Fire Breathing"],"picked":"Pommel Strike","floor":7.0},{"not_picked":["Sentinel","Bloodletting"],"picked":"Shockwave","floor":11.0},{"not_picked":["Perfected Strike","Havoc"],"picked":"Disarm","floor":13.0},{"not_picked":["Rage","True Grit"],"picked":"Seeing Red","floor":14.0},{"not_picked":["Brutality","Barricade"],"picked":"Corruption","floor":16.0},{"not_picked":["Dark Embrace","Clothesline"],"picked":"Cleave","floor":18.0},{"not_picked":["Body Slam","Warcry"],"picked":"Dark Embrace","floor":19.0},{"not_picked":["Flex","Heavy Blade"],"picked":"Sword Boomerang","floor":21},{"not_picked":["Anger","Twin Strike"],"picked":"Inflame","floor":22},{"not_picked":["Bloodletting","Exhume"],"picked":"Sword Boomerang","floor":23},{"not_picked":["Cleave","Wild Strike"],"picked":"Shrug It Off","floor":25},{"not_picked":["Warcry","Headbutt"],"picked":"Pummel","floor":28},{"not_picked":["Havoc","Warcry"],"picked":"Flex+1","floor":29},{"not_picked":["Burning Pact","Heavy Blade"],"picked":"Demon Form","floor":30},{"not_picked":["Combust","Shrug It Off"],"picked":"Entrench","floor":31},{"not_picked":["Feed","Bludgeon"],"picked":"Reaper","floor":33}],"player_experience":1369235,"relics_obtained":[{"floor":7.0,"key":"Bag of Preparation"},{"floor":9.0,"key":"Akabeko"},{"floor":11.0,"key":"Tiny Chest"},{"floor":14.0,"key":"Blue Candle"},{"floor":19.0,"key":"Red Mask"},{"floor":23,"key":"Mummified Hand"},{"floor":26,"key":"HornCleat"},{"floor":28,"key":"Paper Frog"},{"floor":30,"key":"Darkstone Periapt"}],"event_choices":[{"damage_healed":0.0,"max_hp_gain":0.0,"max_hp_loss":0.0,"gold_gain":0.0,"event_name":"Living Wall","player_choice":"Grow","floor":3.0,"gold_loss":0.0,"damage_taken":0.0,"cards_upgraded":["Bash"]},{"cards_removed":["Strike_R"],"damage_healed":0.0,"max_hp_gain":0.0,"max_hp_loss":0.0,"gold_gain":0.0,"event_name":"Golden Wing","player_choice":"Card Removal","floor":4.0,"gold_loss":0.0,"damage_taken":7.0},{"cards_removed":["Strike_R"],"damage_healed":0.0,"max_hp_gain":0.0,"max_hp_loss":0.0,"gold_gain":0.0,"event_name":"Bonfire Elementals","player_choice":"Offered Basic","floor":8.0,"gold_loss":0.0,"damage_taken":0.0},{"damage_healed":0.0,"max_hp_gain":0.0,"max_hp_loss":0.0,"gold_gain":0.0,"event_name":"Masked Bandits","player_choice":"Fought Bandits","floor":19.0,"gold_loss":0.0,"damage_taken":0.0},{"cards_removed":["Strike_R"],"damage_healed":0,"gold_gain":0,"player_choice":"Gave Gold","damage_taken":0,"max_hp_gain":0,"max_hp_loss":0,"event_name":"Beggar","floor":20,"gold_loss":75}],"is_beta":true,"boss_relics":[{"not_picked":["Ectoplasm","Busted Crown"],"picked":"SlaversCollar"}],"items_purged_floors":[27],"is_endless":false,"potions_floor_spawned":[1,2,13,19,23,28,31,33],"ascension_level":20}}