{"host":"928gv66myv2vlnsd","time":1614441698,"event":{"mods":["BaseMod","Highlight Path","Minty Spire (QoL Compilation)","Relic Stats","StSLib"],"gold_per_floor":[110,110,7,22,22,55,55,89,135,163,181,181,181,193,193,193,193],"floor_reached":16,"language":"ENG","playtime":529,"items_purged":[],"score":286,"play_id":"6584b4cb-a541-4afa-bb6b-263b8b9c7769","local_time":"20210227110138","is_ascension_mode":true,"campfire_choices":[{"data":"Blood for Blood","floor":7,"key":"SMITH"},{"data":"Sword Boomerang","floor":13,"key":"SMITH"},{"data":"Fire Breathing","floor":15,"key":"SMITH"}],"circlet_count":0,"master_deck":["AscendersBane","Strike_R","Strike_R","Strike_R","Strike_R","Defend_R","Defend_R","Defend_R","Defend_R","Bash","Carnage","Blood for Blood+1","Shrug It Off","Feel No Pain","Battle Trance","Pummel","Immolate","Sword Boomerang+1","Fire Breathing+1"],"relics":["Burning Blood","NeowsBlessing","Orichalcum","Ornamental Fan","Strawberry","Blue Candle","Matryoshka"],"acts_visited":["Exordium"],"potions_floor_usage":[10,16],"damage_taken":[{"damage":0,"enemies":"Jaw Worm","floor":1,"turns":1},{"damage":0,"enemies":"Cultist","floor":4,"turns":1},{"damage":0,"enemies":"Lagavulin","floor":6,"turns":2},{"damage":18,"enemies":"3 Sentries","floor":8,"turns":15},{"damage":25,"enemies":"Gremlin Nob","floor":10,"turns":4},{"damage":0,"enemies":"2 Louse","floor":11,"turns":1},{"damage":13,"enemies":"Lots of Slimes","floor":14,"turns":3},{"damage":55,"enemies":"Hexaghost","floor":16,"turns":9}],"seed_played":"-7282929066731520430","potions_obtained":[{"floor":1,"key":"Strength Potion"},{"floor":4,"key":"Strength Potion"},{"floor":10,"key":"Fire Potion"}],"is_trial":false,"path_per_floor":["M","?","$","M","$","E","R","E","T","E","M","?","R","M","R","B"],"character_chosen":"IRONCLAD","items_purchased":["Shrug It Off","Feel No Pain"],"campfire_rested":0,"item_purchase_floors":[3,3],"current_hp_per_floor":[74,74,74,75,75,75,75,63,70,51,57,57,57,50,50,0,0],"gold":193,"neow_bonus":"THREE_ENEMY_KILL","is_daily":false,"chose_seed":false,"campfire_upgraded":3,"win_rate":0.0,"timestamp":1614441698,"path_taken":["M","?","?","M","$","E","R","E","T","E","?","?","R","?","R","BOSS"],"items_purchased_type":["Card","Card"],"build_version":"2020-12-22","purchased_purges":0,"victory":false,"max_hp_per_floor":[75,75,75,75,75,75,75,75,82,82,82,82,82,82,82,82,82],"relic_stats":{"counters":[8,36],"Ornamental Fan":[12],"Blue Candle":[0],"Orichalcum":[78],"obtain_stats":[{"Matryoshka":12,"NeowsBlessing":0,"Ornamental Fan":8,"Strawberry":9,"Blue Candle":10,"Orichalcum":6,"Burning Blood":0},{"Matryoshka":6,"NeowsBlessing":0,"Ornamental Fan":4,"Strawberry":4,"Blue Candle":5,"Orichalcum":3,"Burning Blood":0},{"Matryoshka":24,"NeowsBlessing":0,"Ornamental Fan":19,"Strawberry":19,"Blue Candle":23,"Orichalcum":4,"Burning Blood":0}],"Burning Blood":31},"card_choices":[{"not_picked":["Sever Soul","Flex"],"picked":"Carnage","floor":1},{"not_picked":["Carnage","Metallicize"],"picked":"Battle Trance","floor":4},{"not_picked":["Perfected Strike","Battle Trance","Reckless Charge"],"picked":"SKIP","floor":6},{"not_picked":["Intimidate","Juggernaut"],"picked":"Pummel","floor":8},{"not_picked":["Dual Wield","Dropkick"],"picked":"Immolate","floor":10},{"not_picked":["Rupture","Cleave"],"picked":"Sword Boomerang","floor":11},{"not_picked":["Heavy Blade","Twin Strike"],"picked":"Fire Breathing","floor":14}],"player_experience":1490548,"relics_obtained":[{"floor":6,"key":"Orichalcum"},{"floor":8,"key":"Ornamental Fan"},{"floor":9,"key":"Strawberry"},{"floor":10,"key":"Blue Candle"}],"event_choices":[{"damage_healed":0,"gold_gain":0,"cards_transformed":["Strike_R"],"player_choice":"Transformed","damage_taken":0,"max_hp_gain":0,"max_hp_loss":0,"event_name":"Transmorgrifier","floor":2,"gold_loss":0,"cards_obtained":["Blood for Blood"]},{"damage_healed":0,"gold_gain":0,"player_choice":"Gave Potion","damage_taken":0,"relics_obtained":["Matryoshka"],"max_hp_gain":0,"max_hp_loss":0,"event_name":"WeMeetAgain","floor":12,"gold_loss":0}],"is_beta":false,"boss_relics":[],"items_purged_floors":[],"is_endless":false,"potions_floor_spawned":[1,4,8,10],"killed_by":"Hexaghost","ascension_level":20}}