{"host":"8inpc3yxphy2r27y","time":1614438721,"event":{"mods":["ATMod(阿瑾Mod)","Act Like it!","Alarm Clock","Bard","BaseMod","Better Synergies","Better Vampires","Challenge The Spire","Conspire","Decade(王小明)","Defuse TimeMaze Blight","Downfall","Energized Spire","FanaticalFans","FoggyMod","FutureSeer","Gensokyo","GifTheSpireLib","Gremlin Mod","GungeonMod","Hallownest","Highlight Path","HumanHunterMod(怪物杀人mod)","Hunter 猎人","Jedi Mod","KinomotoSakuraMod(木之本樱)","LagranYue(拉格朗・月)","Library of Ruina","Library of Ruina Extra","Lobotomy","LobotomyExtend","Minty Spire (QoL Compilation)","MostiFishMod","Pale of the Ancients","Potion Indicator Mod","Quarter Circle Forward PUNCH!","Quick Restart","Reimu（博丽灵梦）","Relic Filter Mod","Relic Stats","Replay The Spire","RumiaBox-露米娅的神秘盒子","Ryuuou龙王","SIMod","Shop Mod","Spicy Shops","StSLib","TestMod","The Animator","The Bug Knight","The Cursed","The Gatherer","The Hierophant","The Poker Player","The Senshi","TheHeartMod","TheWitcher","UnlockEverythingMod","Waifu the Spire","Warlord Emblem","[GremlinLeader]The Maniac","[IsaacMod]以撒尖塔","[JumpMod]舞动尖塔","noobMod","【功能Mod】聪明的最终Boss","【遗物卡牌】REMEMod","篝火指南"],"gold_per_floor":[112,112,105,125,2,2,33,33,57,57,57,57,57,57,57,155,182,197,197,197],"floor_reached":19,"language":"ZHS","playtime":1170,"items_purged":[],"score":213,"play_id":"f3e3d6de-be0d-4ee8-8bc5-8ebf088ff267","local_time":"20210227231201","is_ascension_mode":false,"campfire_choices":[{"floor":6,"key":"RECALL"},{"data":"SunsetBlade","floor":8,"key":"SMITH"},{"data":"AT_FocusSwordFire","floor":15,"key":"SMITH"}],"circlet_count":0,"master_deck":["Dodge","LightDefense","LightAttack","LightAttack","LightAttack","LightDefense","LightDefense","LightDefense","ChargeAndCover","FocusedStrikes","AT_FocusSwordFire+1","AT_TearsDenial","EndlessBattle","SunsetBlade+1","Murderer","ShyLook","Parry2","Freischutz","SwordOfVolition","Funeral","UnforgettableMelody","CommonCold","animator:Curse_Nutcracker","Looming Evil","OldLady","SwordOfVolition"],"relics":["ice","Fans:FanaticalFans","HushsDoor","HowToJump","testmod-TestBox","LagranYue:RandomDrawCardRelic","testmod-CardMagician","Void","White Beast Statue","CogitoBucket","SynthV:TestCard","Baka","LetterFromLob","Hallownest:DreamNailRelic","PageOfApocalypseBird","AT_ChloranthyRing","Juzu Bracelet","Hallownest:SalubrasBlessingRelic","Hallownest:SheosBrushRelic","PageOfScarecrow","Replay:Ancient Bell","CeramicFish","Chameleon Ring","qcfpunch:Fighting_Gloves","HellTrain"],"acts_visited":["Hallownest:Greenpath","Gensokyo:Gensokyoer"],"potions_floor_usage":[],"damage_taken":[{"damage":0,"enemies":"2_ Uuma","floor":1,"turns":5},{"damage":0,"enemies":"Hallownest:2_MossCreeps","floor":3,"turns":6},{"damage":0,"enemies":"Hallownest:monsterHuskGuard","floor":4,"turns":6},{"damage":22,"enemies":"Hallownest:eliteVengeflyKing","floor":7,"turns":6},{"damage":24,"enemies":"Hallownest:BossBrokenVessel","floor":16,"turns":6},{"damage":8,"enemies":"Gensokyo:CosmicMonolith","floor":18,"turns":8}],"seed_played":"1536104353186487460","potions_obtained":[{"floor":1,"key":"DemoMod:LeadSkinPotion"},{"floor":3,"key":"EssenceOfSteel"},{"floor":4,"key":"ZuzhouPotion:ReiMu"}],"is_trial":false,"path_per_floor":["M","?","M","M","$","R","E","R","T","?","$","?","?","T","R","B",null,"M","?"],"character_chosen":"Librarian","items_purchased":["PageOfApocalypseBird"],"campfire_rested":0,"item_purchase_floors":[5],"current_hp_per_floor":[60,60,60,60,60,60,62,62,62,62,62,62,62,62,62,38,62,55,0,0],"gold":197,"neow_bonus":"","is_daily":false,"chose_seed":false,"campfire_upgraded":2,"win_rate":0.0,"timestamp":1614438721,"path_taken":["M","?","?","?","?","R","E","R","T","?","$","?","?","?","R","BOSS","M","?"],"items_purchased_type":["Relic"],"build_version":"2020-12-22","purchased_purges":0,"victory":false,"max_hp_per_floor":[77,77,62,62,62,62,62,62,62,62,62,62,62,62,62,62,62,62,62,62],"relic_stats":{"counters":[7,38],"CeramicFish":45,"Juzu Bracelet":1,"obtain_stats":[{"RabbitCall":0,"AT_ATBox":0,"DaveBox":0,"LagranYue:RandomDrawCardRelic":0,"CeramicFish":17,"DemoMod:GlassGuonStoneRelic":1,"ice":0,"Hallownest:DreamNailRelic":2,"Juzu Bracelet":10,"Fans:FanaticalFans":0,"Hallownest:SheosBrushRelic":13,"PageOfScarecrow":14,"CogitoBucket":0,"Chameleon Ring":17,"Void":0,"PageOfApocalypseBird":5,"KeepersGift":0,"AT_ChloranthyRing":7,"Hallownest:SalubrasBlessingRelic":12,"testmod-TestBox":0,"HowToJump":0,"testmod-CardMagician":0,"Baka":1,"Replay:Ancient Bell":17,"White Beast Statue":0,"PageOfLibrarian":0,"SynthV:TestCard":1,"qcfpunch:Fighting_Gloves":17,"LetterFromLob":1,"HellTrain":18,"HushsDoor":0,"REME_ComplimentaryCards":0},{"RabbitCall":0,"AT_ATBox":0,"DaveBox":0,"LagranYue:RandomDrawCardRelic":0,"CeramicFish":5,"DemoMod:GlassGuonStoneRelic":1,"ice":0,"Hallownest:DreamNailRelic":1,"Juzu Bracelet":4,"Fans:FanaticalFans":0,"Hallownest:SheosBrushRelic":4,"PageOfScarecrow":4,"CogitoBucket":0,"Chameleon Ring":5,"Void":0,"PageOfApocalypseBird":3,"KeepersGift":0,"AT_ChloranthyRing":4,"Hallownest:SalubrasBlessingRelic":4,"testmod-TestBox":0,"HowToJump":0,"testmod-CardMagician":0,"Baka":1,"Replay:Ancient Bell":5,"White Beast Statue":0,"PageOfLibrarian":0,"SynthV:TestCard":1,"qcfpunch:Fighting_Gloves":5,"LetterFromLob":1,"HellTrain":7,"HushsDoor":0,"REME_ComplimentaryCards":0},{"RabbitCall":0,"AT_ATBox":0,"DaveBox":0,"LagranYue:RandomDrawCardRelic":0,"CeramicFish":29,"DemoMod:GlassGuonStoneRelic":5,"ice":0,"Hallownest:DreamNailRelic":5,"Juzu Bracelet":23,"Fans:FanaticalFans":0,"Hallownest:SheosBrushRelic":23,"PageOfScarecrow":23,"CogitoBucket":0,"Chameleon Ring":29,"Void":0,"PageOfApocalypseBird":17,"KeepersGift":0,"AT_ChloranthyRing":23,"Hallownest:SalubrasBlessingRelic":23,"testmod-TestBox":0,"HowToJump":0,"testmod-CardMagician":0,"Baka":5,"Replay:Ancient Bell":29,"White Beast Statue":0,"PageOfLibrarian":0,"SynthV:TestCard":5,"qcfpunch:Fighting_Gloves":29,"LetterFromLob":5,"HellTrain":38,"HushsDoor":0,"REME_ComplimentaryCards":0}]},"card_choices":[{"not_picked":[],"picked":"ChaosCard","floor":0},{"not_picked":["SingingMachine","MeatLantern","LaLuna"],"picked":"Singing Bowl","floor":1},{"not_picked":["VoidDream","LittleHelper"],"picked":"QueenOfHatred","floor":1},{"not_picked":["StrikeDown","BlindFaith"],"picked":"EndlessBattle","floor":1},{"not_picked":["QuickSuppression","StrikeDown","AssaultOrder","CoordinatedAssault"],"picked":"SunsetBlade","floor":3},{"not_picked":["Porccubus","GreedKing","DreamingCurrent"],"picked":"Singing Bowl","floor":3},{"not_picked":["LaLuna","Laetitia"],"picked":"Murderer","floor":3},{"not_picked":["NakedNest","SpiderBud"],"picked":"ShyLook","floor":4},{"not_picked":["PinpointShot","BiAn","Rewind","StrikeDown"],"picked":"Parry2","floor":4},{"not_picked":["MHz","SpiderBud","UniverseFragment"],"picked":"Singing Bowl","floor":7},{"not_picked":["Alriune","LaLuna"],"picked":"Freischutz","floor":7},{"not_picked":["AutonomousRush","Concentration","BlindFaith","RagingStormLove"],"picked":"SwordOfVolition","floor":7},{"not_picked":["BigBadWolf","CherryBlossoms"],"picked":"Funeral","floor":16},{"not_picked":["ChargeUp","Disposal","SavageMode","BalefulBrand"],"picked":"UnforgettableMelody","floor":16},{"not_picked":["maniac:Scruple","AbeCurse","jedi:frostbite","SnafuTest:CurseRiot"],"picked":"CommonCold","floor":17},{"not_picked":["downfall:Aged","jedi:thedog","Hallownest:curseDreamersLament","maniac:Scruple"],"picked":"animator:Curse_Nutcracker","floor":17},{"not_picked":["jedi:BattleThirst","Overencumbered","maniac:Humiliation","jedi:thedog"],"picked":"Looming Evil","floor":17},{"not_picked":["WhitesApple","Scorched","OldLady"],"picked":"Singing Bowl","floor":18},{"not_picked":["MeatLantern","SpiderBud"],"picked":"OldLady","floor":18},{"not_picked":["GuidanceOfTheGears","DefenseOrder+1","DarkCloud","EnergyCycle"],"picked":"SwordOfVolition","floor":18}],"player_experience":249287,"relics_obtained":[{"floor":1,"key":"SynthV:TestCard"},{"floor":1,"key":"Baka"},{"floor":1,"key":"LetterFromLob"},{"floor":7,"key":"AT_ChloranthyRing"},{"floor":14,"key":"PageOfScarecrow"}],"event_choices":[{"damage_healed":0,"gold_gain":0,"player_choice":"Swap Relic","damage_taken":0,"relics_obtained":["Juzu Bracelet"],"max_hp_gain":0,"max_hp_loss":0,"event_name":"给自己的盒子","floor":10,"relics_lost":["RabbitCall"],"gold_loss":0}],"is_beta":false,"boss_relics":[{"not_picked":["energizedSpire:NeverEndingSparkler","MagicMushroom"],"picked":"Replay:Ancient Bell"},{"not_picked":["MawBank","Replay:Baseball"],"picked":"CeramicFish"},{"not_picked":["Molten Egg 2","SatanicBible"],"picked":"Chameleon Ring"},{"not_picked":["qcfpunch:Red_Cyclone_Teachings","AT_Kusabimaru"],"picked":"qcfpunch:Fighting_Gloves"},{"not_picked":[]}],"items_purged_floors":[],"is_endless":false,"potions_floor_spawned":[1,3,4,7,16,18],"ascension_level":0}}