{"host":"7cp3z5w0tcrrm8ys","time":1614394922,"event":{"mods":["AchievementEnabler","BaseMod","DeckTracker","Minty Spire (QoL Compilation)","StSLib","SuperFastMode"],"gold_per_floor":[367,51,0,19,19,19,46,46,46,46,46,77,97,125,125,204,204,224,243,54,54,73,73,105,105,105,117,130,158,158,158,158],"floor_reached":31,"language":"KOR","playtime":723,"items_purged":["Clumsy","Strike_R"],"score":632,"play_id":"7032ff3d-7b6e-4a47-8cbb-e27a8911783d","local_time":"20210227120202","is_ascension_mode":true,"campfire_choices":[{"data":"Sword Boomerang","floor":6,"key":"SMITH"},{"data":"Fire Breathing","floor":15,"key":"SMITH"},{"data":"True Grit","floor":23,"key":"SMITH"},{"floor":25,"key":"REST"}],"circlet_count":0,"master_deck":["AscendersBane","Strike_R+1","Strike_R","Strike_R","Defend_R","Defend_R","Defend_R","Defend_R","Bash","Sword Boomerang+1","Uppercut+1","Fire Breathing+1","Sword Boomerang+1","True Grit+1","Rage","Reaper","Shrug It Off","Evolve","Writhe","Offering","Shrug It Off","Feel No Pain"],"relics":["Burning Blood","Vajra","Ornamental Fan","HornCleat","Smiling Mask","Incense Burner","PreservedInsect","SlaversCollar","Oddly Smooth Stone","Red Skull","Art of War","Happy Flower"],"acts_visited":["Exordium","TheCity"],"potions_floor_usage":[7,14,19,22,27,27,29],"damage_taken":[{"damage":7,"enemies":"2 Louse","floor":1,"turns":4},{"damage":1,"enemies":"Cultist","floor":4,"turns":3},{"damage":20,"enemies":"Lagavulin","floor":7,"turns":5},{"damage":12,"enemies":"3 Sentries","floor":12,"turns":5},{"damage":12,"enemies":"Small Slimes","floor":13,"turns":2},{"damage":0,"enemies":"Gremlin Nob","floor":14,"turns":3},{"damage":28,"enemies":"Slime Boss","floor":16,"turns":7},{"damage":9,"enemies":"3 Byrds","floor":18,"turns":5},{"damage":4,"enemies":"Shell Parasite","floor":19,"turns":5},{"damage":11,"enemies":"Snake Plant","floor":22,"turns":6},{"damage":42,"enemies":"Gremlin Leader","floor":24,"turns":6},{"damage":31,"enemies":"Cultist and Chosen","floor":27,"turns":4},{"damage":28,"enemies":"Snecko","floor":28,"turns":6},{"damage":19,"enemies":"Slavers","floor":29,"turns":3},{"damage":48,"enemies":"3 Cultists","floor":31,"turns":4}],"seed_played":"837011117588612309","potions_obtained":[{"floor":4,"key":"DuplicationPotion"},{"floor":13,"key":"Fire Potion"},{"floor":16,"key":"SteroidPotion"},{"floor":22,"key":"DuplicationPotion"},{"floor":28,"key":"Explosive Potion"}],"is_trial":false,"path_per_floor":["M","$","?","M","?","R","E","$","T","?","?","E","M","E","R","B",null,"M","M","$","?","M","R","E","R","T","M","M","E","?","M"],"character_chosen":"IRONCLAD","items_purchased":["Vajra","Uppercut","DistilledChaos","SteroidPotion"],"campfire_rested":1,"item_purchase_floors":[2,2,20,20],"current_hp_per_floor":[67,67,67,72,72,72,58,58,58,35,35,29,23,29,29,7,58,58,60,60,60,55,55,19,41,41,50,33,32,32,0,0],"gold":158,"neow_bonus":"TWO_FIFTY_GOLD","is_daily":false,"chose_seed":false,"campfire_upgraded":3,"win_rate":0.0,"timestamp":1614394922,"path_taken":["M","$","?","?","?","R","E","?","T","?","?","E","M","E","R","BOSS","M","?","$","?","M","R","E","R","T","M","M","E","?","?"],"items_purchased_type":["Relic","Card","Potion","Potion"],"build_version":"2020-12-22","purchased_purges":2,"victory":false,"max_hp_per_floor":[75,75,75,75,75,75,75,75,75,75,75,75,75,75,75,75,75,75,75,75,75,75,75,75,75,75,75,75,75,75,75,75],"card_choices":[{"not_picked":["Warcry","Rupture"],"picked":"Sword Boomerang","floor":1},{"not_picked":["Combust","Armaments"],"picked":"Fire Breathing","floor":4},{"not_picked":["Flex","Twin Strike"],"picked":"Sword Boomerang","floor":7},{"not_picked":["Metallicize","Infernal Blade"],"picked":"True Grit","floor":12},{"not_picked":["Headbutt","Twin Strike"],"picked":"Rage","floor":13},{"not_picked":["Warcry","Perfected Strike","Metallicize"],"picked":"SKIP","floor":14},{"not_picked":["Brutality","Double Tap"],"picked":"Reaper","floor":16},{"not_picked":["Anger","Body Slam"],"picked":"Shrug It Off","floor":18},{"not_picked":["Carnage","Perfected Strike"],"picked":"Evolve","floor":19},{"not_picked":["Armaments","Pommel Strike","Headbutt"],"picked":"SKIP","floor":22},{"not_picked":["Seeing Red","Thunderclap"],"picked":"Offering","floor":24},{"not_picked":["Armaments","Flex","Rampage"],"picked":"SKIP","floor":27},{"not_picked":["Carnage","Clothesline"],"picked":"Shrug It Off","floor":28},{"not_picked":["Pummel","Dual Wield","Perfected Strike"],"picked":"SKIP","floor":29}],"player_experience":837429,"relics_obtained":[{"floor":7,"key":"HornCleat"},{"floor":9,"key":"Smiling Mask"},{"floor":12,"key":"Incense Burner"},{"floor":14,"key":"PreservedInsect"},{"floor":24,"key":"Red Skull"},{"floor":26,"key":"Art of War"},{"floor":29,"key":"Happy Flower"}],"event_choices":[{"damage_healed":0,"gold_gain":0,"player_choice":"Paid Gold","damage_taken":0,"relics_obtained":["Ornamental Fan"],"max_hp_gain":0,"max_hp_loss":0,"event_name":"WeMeetAgain","floor":3,"gold_loss":51},{"damage_healed":0,"gold_gain":0,"player_choice":"0 cards matched","damage_taken":0,"max_hp_gain":0,"max_hp_loss":0,"event_name":"Match and Keep!","floor":5,"gold_loss":0,"cards_obtained":[]},{"damage_healed":0,"gold_gain":0,"player_choice":"Entered Light","damage_taken":23,"max_hp_gain":0,"max_hp_loss":0,"event_name":"Shining Light","floor":10,"gold_loss":0,"cards_upgraded":["Uppercut","Strike_R"]},{"damage_healed":0,"gold_gain":0,"player_choice":"Upgraded","damage_taken":0,"max_hp_gain":0,"max_hp_loss":0,"event_name":"Upgrade Shrine","floor":11,"gold_loss":0,"cards_upgraded":["Sword Boomerang"]},{"damage_healed":0,"gold_gain":0,"player_choice":"Opened","damage_taken":0,"relics_obtained":["Oddly Smooth Stone"],"max_hp_gain":0,"max_hp_loss":0,"event_name":"The Mausoleum","floor":21,"gold_loss":0,"cards_obtained":["Writhe"]},{"damage_healed":0,"gold_gain":0,"cards_transformed":["Strike_R"],"player_choice":"Transformed","damage_taken":0,"max_hp_gain":0,"max_hp_loss":0,"event_name":"Transmorgrifier","floor":30,"gold_loss":0,"cards_obtained":["Feel No Pain"]}],"is_beta":false,"boss_relics":[{"not_picked":["Sozu","Philosopher\u0027s Stone"],"picked":"SlaversCollar"}],"items_purged_floors":[2,20],"is_endless":false,"potions_floor_spawned":[4,13,16,22,24,28],"killed_by":"3 Cultists","ascension_level":20}}