{"host":"fbf4ff5zs5coz2xl","time":1614417129,"event":{"mods":["BaseMod","Downfall","Minty Spire (QoL Compilation)","Permanent Neow","StSLib"],"gold_per_floor":[0,20,20,93,114,151,176,216,216,237,271,290,325,22,46,46,46,46],"floor_reached":16,"language":"ENG","playtime":1713,"items_purged":["Guardian:Strike_Guardian"],"score":194,"play_id":"f4242538-6671-4041-813e-7dceb70ec5e4","local_time":"20210227021209","is_ascension_mode":true,"campfire_choices":[{"data":"Magnetism","floor":1.0,"key":"SMITH"}],"circlet_count":0,"master_deck":["Guardian:Strike_Guardian","Guardian:Strike_Guardian","Guardian:Defend_Guardian","Guardian:Defend_Guardian","Guardian:Defend_Guardian","Guardian:Defend_Guardian","Guardian:CurlUp","Guardian:TwinSlam","Magnetism+1","Guardian:ChargeUp","Guardian:ShieldCharger","Guardian:FuturePlans","Guardian:CompilePackage","Guardian:TemporalStrike","Guardian:Preprogram","Guardian:PrismaticBeam","Guardian:TimeCapacitor","Guardian:Gem_Fragmented","Guardian:ConstructionForm","Guardian:BronzeOrb"],"relics":["Guardian:ModeShifter","CeramicFish","Boot","hexamod:BolsterEngine","Unceasing Top","Guardian:PickAxe","Bronze Scales","Ancient Tea Set","Blood Vial"],"acts_visited":["Exordium"],"potions_floor_usage":[15],"damage_taken":[{"damage":7.0,"enemies":"Small Slimes","floor":2.0,"turns":4.0},{"damage":30.0,"enemies":"Gremlin Nob","floor":4.0,"turns":6.0},{"damage":0.0,"enemies":"2 Louse","floor":5.0,"turns":2.0},{"damage":0.0,"enemies":"Lagavulin","floor":6.0,"turns":5.0},{"damage":2.0,"enemies":"3 Sentries","floor":8.0,"turns":9.0},{"damage":0.0,"enemies":"3 Sentries","floor":9.0,"turns":1.0},{"damage":0.0,"enemies":"Jaw Worm","floor":10.0,"turns":2.0},{"damage":12.0,"enemies":"Gremlin Nob","floor":11.0,"turns":4.0},{"damage":0,"enemies":"2 Fungi Beasts","floor":12,"turns":3},{"damage":8,"enemies":"3 Sentries","floor":13,"turns":7},{"damage":0,"enemies":"downfall:FleeingMerchant","floor":14,"turns":4},{"damage":16,"enemies":"Exordium Wildlife","floor":15,"turns":4},{"damage":10,"enemies":"DF_ARCHETYPE_STREAMLINE","floor":16,"turns":3}],"seed_played":"-824526201109748842","potions_obtained":[{"floor":2.0,"key":"Guardian:DefensiveModePotion"},{"floor":4.0,"key":"Guardian:AcceleratePotion"},{"floor":6.0,"key":"Block Potion"},{"floor":8.0,"key":"hexamod:SoulburnPotion"},{"floor":11.0,"key":"SpeedPotion"},{"floor":15,"key":"Guardian:BlockOnCardUsePotion"}],"is_trial":false,"path_per_floor":["R","M","?","?","M","E","T","E","?","M","E","M","E","$","M","B"],"character_chosen":"GUARDIAN","items_purchased":["Guardian:ConstructionForm","Blood Vial"],"campfire_rested":0,"item_purchase_floors":[14,14],"current_hp_per_floor":[80,73,73,43,43,43,43,41,41,41,29,29,21,21,7,0,0,0],"gold":46,"neow_bonus":"RANDOM_COLORLESS_2","is_daily":false,"chose_seed":false,"campfire_upgraded":1,"win_rate":0.0,"timestamp":1614417129,"path_taken":["R","M","?","?","?","E","T","E","?","M","E","M","E","$","M","BOSS"],"items_purchased_type":["Card","Relic"],"build_version":"2020-12-22","purchased_purges":1,"victory":false,"max_hp_per_floor":[80,80,80,80,80,80,80,80,80,80,80,80,80,80,80,80,80,80],"card_choices":[{"not_picked":["Sadistic Nature","Thinking Ahead"],"picked":"Magnetism","floor":0.0},{"not_picked":["Guardian:BronzeArmor","Guardian:PiercingHide"],"picked":"Guardian:Gem_Purple","floor":2.0},{"not_picked":["Guardian:VentSteam","Guardian:Emergency"],"picked":"Guardian:ChargeUp","floor":4.0},{"not_picked":["Guardian:Incinerate","Guardian:RollAttack"],"picked":"Guardian:ShieldCharger","floor":5.0},{"not_picked":["Guardian:TemporalShield","Guardian:Reroute"],"picked":"Guardian:FuturePlans","floor":6.0},{"not_picked":["Guardian:ChargeCore","Guardian:Gem_Crimson"],"picked":"Guardian:CompilePackage","floor":8.0},{"not_picked":["Guardian:PrimingBeam","Guardian:SpikerProtocol"],"picked":"Guardian:TemporalStrike","floor":10.0},{"not_picked":["Guardian:Emergency","Guardian:WalkerClaw"],"picked":"Guardian:Preprogram","floor":11.0},{"not_picked":["Guardian:CrystalBeam","Guardian:Gem_Lightblue"],"picked":"Guardian:PrismaticBeam","floor":12},{"not_picked":["Guardian:Reroute","Guardian:Preprogram"],"picked":"Guardian:TimeCapacitor","floor":13},{"not_picked":["Guardian:SpikerProtocol","Guardian:Gem_Lightblue"],"picked":"Guardian:Gem_Fragmented","floor":14},{"not_picked":["Guardian:BronzeArmor","Guardian:Gem_Red"],"picked":"Guardian:BronzeOrb","floor":15}],"player_experience":594402,"relics_obtained":[{"floor":4.0,"key":"CeramicFish"},{"floor":6.0,"key":"Boot"},{"floor":7.0,"key":"hexamod:BolsterEngine"},{"floor":8.0,"key":"Unceasing Top"},{"floor":11.0,"key":"Bronze Scales"},{"floor":13,"key":"Ancient Tea Set"}],"event_choices":[],"is_beta":false,"boss_relics":[],"items_purged_floors":[14],"is_endless":false,"potions_floor_spawned":[2,4,6,8,11,15],"killed_by":"DF_ARCHETYPE_STREAMLINE","ascension_level":5}}