{"host":"rtw1tnr74gozsrw1","time":1614409359,"event":{"mods":["BaseMod","Colored Map","Colored Powertips","Highlight Path","Infinite Spire","Minty Spire (QoL Compilation)","StSLib"],"gold_per_floor":[110,110,110,37,50,81,100,100,123,147,159,172,172,184,184,288,288,306,306,306],"floor_reached":19,"language":"ENG","playtime":431,"items_purged":[],"score":262,"play_id":"4232d35c-36d4-41a1-96ef-2d0806a5f787","local_time":"20210227080239","is_ascension_mode":true,"campfire_choices":[{"data":"Defragment","floor":8,"key":"SMITH"},{"data":"Self Repair","floor":13,"key":"SMITH"},{"data":"Self Repair","floor":15,"key":"SMITH"}],"circlet_count":0,"master_deck":["Defend_B","Defend_B","Defend_B","Defend_B","Zap","Dualcast","Ball Lightning","Defragment+1","Doom and Gloom","Self Repair+1","Conserve Battery","Self Repair+1","Electrodynamics","Reprogram+1","Storm+1","Chaos+1","Loop"],"relics":["Cracked Core","NeowsBlessing","Regal Pillow","PreservedInsect","Odd Mushroom","Astrolabe"],"acts_visited":["Exordium","TheCity"],"potions_floor_usage":[],"damage_taken":[{"damage":0,"enemies":"Jaw Worm","floor":1,"turns":1},{"damage":0,"enemies":"Small Slimes","floor":5,"turns":1},{"damage":0,"enemies":"Lagavulin","floor":6,"turns":1},{"damage":13,"enemies":"2 Louse","floor":7,"turns":2},{"damage":24,"enemies":"The Mushroom Lair","floor":10,"turns":4},{"damage":19,"enemies":"Looter","floor":11,"turns":4},{"damage":10,"enemies":"Lots of Slimes","floor":12,"turns":3},{"damage":12,"enemies":"Blue Slaver","floor":14,"turns":4},{"damage":38,"enemies":"Slime Boss","floor":16,"turns":5},{"damage":36,"enemies":"2 Thieves","floor":18,"turns":4},{"damage":0,"enemies":"Shell Parasite","floor":19,"turns":1}],"seed_played":"-6363220138910048631","potions_obtained":[{"floor":5,"key":"Swift Potion"},{"floor":7,"key":"FocusPotion"},{"floor":12,"key":"BlessingOfTheForge"}],"is_trial":false,"path_per_floor":["M","?","?","$","M","E","M","R","T","?","M","M","R","M","R","B",null,"M","M"],"character_chosen":"DEFECT","items_purchased":["Defragment"],"campfire_rested":0,"item_purchase_floors":[4],"current_hp_per_floor":[68,68,68,68,68,68,62,62,62,45,40,44,44,49,49,31,64,48,48,48],"gold":306,"neow_bonus":"THREE_ENEMY_KILL","is_daily":false,"chose_seed":false,"campfire_upgraded":3,"win_rate":0.0,"timestamp":1614409359,"path_taken":["M","?","?","$","M","E","M","R","T","?","M","M","R","M","R","BOSS","M","M"],"items_purchased_type":["Card"],"build_version":"2020-12-22","purchased_purges":0,"victory":false,"max_hp_per_floor":[75,75,75,75,75,75,75,75,75,75,75,75,75,75,75,75,75,75,75,75],"card_choices":[{"not_picked":["Rebound","Cold Snap"],"picked":"Ball Lightning","floor":1},{"not_picked":["Stack","Leap"],"picked":"Doom and Gloom","floor":5},{"not_picked":["Redo","Doom and Gloom"],"picked":"Self Repair","floor":6},{"not_picked":["Sweeping Beam","Stack"],"picked":"Conserve Battery","floor":7},{"not_picked":["Leap","Hologram"],"picked":"Self Repair","floor":10},{"not_picked":["Steam","Reinforced Body","Storm"],"picked":"SKIP","floor":11},{"not_picked":["Gash","Stack","Leap"],"picked":"SKIP","floor":12},{"not_picked":["Doom and Gloom","Ball Lightning","Aggregate"],"picked":"SKIP","floor":14},{"not_picked":["Multi-Cast","Meteor Strike"],"picked":"Electrodynamics","floor":16},{"not_picked":["Turbo","Sweeping Beam+1"],"picked":"Loop","floor":18}],"player_experience":173782,"relics_obtained":[{"floor":6,"key":"Regal Pillow"},{"floor":9,"key":"PreservedInsect"},{"floor":10,"key":"Odd Mushroom"}],"event_choices":[{"damage_healed":0,"gold_gain":0,"player_choice":"Fought Mushrooms","damage_taken":0,"max_hp_gain":0,"max_hp_loss":0,"event_name":"Mushrooms","floor":10,"gold_loss":0}],"is_beta":false,"boss_relics":[{"not_picked":["Nuclear Battery","Black Star"],"picked":"Astrolabe"}],"items_purged_floors":[],"is_endless":false,"potions_floor_spawned":[5,7,12,18],"killed_by":"Shell Parasite","ascension_level":7}}