{"host":"mithrandi","time":1614422323,"event":{"mods":["BaseMod","Colored Map","Highlight Path","Minty Spire (QoL Compilation)","SuperFastMode"],"gold_per_floor":[116,129,147,21,37,37,66,66,66,66,15,34,45,57,57,133,133,145,145,145,145],"floor_reached":20,"language":"ENG","playtime":704,"items_purged":["Strike_B"],"score":352,"play_id":"211dac43-6277-4952-bee5-7bc2d37700df","local_time":"20210227123843","is_ascension_mode":true,"campfire_choices":[{"data":"Doom and Gloom","floor":6.0,"key":"SMITH"},{"data":"Coolheaded","floor":8.0,"key":"SMITH"},{"data":"Loop","floor":10.0,"key":"SMITH"},{"data":"Hologram","floor":15.0,"key":"SMITH"}],"circlet_count":0,"master_deck":["AscendersBane","Strike_B","Strike_B","Strike_B","Defend_B","Defend_B","Defend_B","Defend_B","Zap","Dualcast","Doom and Gloom+1","Coolheaded+1","Loop+1","Ball Lightning","Sweeping Beam","Compile Driver+1","Ball Lightning+1","Hologram+1","Beam Cell+1","Sunder+1","Electrodynamics","Compile Driver+1"],"relics":["Cracked Core","NeowsBlessing","Molten Egg 2","InkBottle","Runic Pyramid","Eternal Feather"],"acts_visited":["Exordium","TheCity"],"potions_floor_usage":[20],"damage_taken":[{"damage":0.0,"enemies":"Cultist","floor":1.0,"turns":1.0},{"damage":0.0,"enemies":"2 Louse","floor":2.0,"turns":1.0},{"damage":0.0,"enemies":"Small Slimes","floor":3.0,"turns":1.0},{"damage":10.0,"enemies":"2 Fungi Beasts","floor":5.0,"turns":3.0},{"damage":4.0,"enemies":"Lagavulin","floor":7.0,"turns":9.0},{"damage":9.0,"enemies":"Red Slaver","floor":12.0,"turns":3.0},{"damage":0.0,"enemies":"Large Slime","floor":13.0,"turns":3.0},{"damage":6.0,"enemies":"Blue Slaver","floor":14.0,"turns":3.0},{"damage":27.0,"enemies":"The Guardian","floor":16.0,"turns":10.0},{"damage":28.0,"enemies":"2 Thieves","floor":18.0,"turns":3.0},{"damage":33,"enemies":"Shell Parasite","floor":20,"turns":2}],"seed_played":"4237023949810185171","potions_obtained":[{"floor":2.0,"key":"SpeedPotion"},{"floor":3.0,"key":"EssenceOfSteel"},{"floor":5.0,"key":"BlessingOfTheForge"},{"floor":13.0,"key":"GamblersBrew"},{"floor":14.0,"key":"PowerPotion"}],"is_trial":false,"path_per_floor":["M","M","M","$","M","R","E","R","T","R","$","M","M","M","R","B",null,"M","?","M"],"character_chosen":"DEFECT","items_purchased":["Ball Lightning","Ball Lightning+1"],"campfire_rested":0,"item_purchase_floors":[4,11],"current_hp_per_floor":[64,64,64,64,54,54,50,50,50,50,50,41,41,35,35,8,55,27,27,0,0],"gold":145,"neow_bonus":"THREE_ENEMY_KILL","is_daily":false,"chose_seed":false,"campfire_upgraded":4,"win_rate":0.0,"timestamp":1614422323,"path_taken":["M","M","?","$","M","R","E","R","T","R","?","M","M","M","R","BOSS","M","?","M"],"items_purchased_type":["Card","Card"],"build_version":"2020-12-18","purchased_purges":1,"victory":false,"max_hp_per_floor":[71,71,71,71,71,71,71,71,71,71,71,71,71,71,71,71,71,71,71,71,71],"card_choices":[{"not_picked":["Stack","Rip and Tear"],"picked":"Doom and Gloom","floor":1.0},{"not_picked":["Hologram","Cold Snap"],"picked":"Coolheaded","floor":2.0},{"not_picked":["Tempest","Gash"],"picked":"Loop","floor":3.0},{"not_picked":["Recycle","Stack"],"picked":"Sweeping Beam","floor":5.0},{"not_picked":["Rebound+1","Rainbow"],"picked":"Compile Driver+1","floor":7.0},{"not_picked":["Gash+1","Hello World"],"picked":"Hologram","floor":12.0},{"not_picked":["Steam Power","Streamline+1"],"picked":"Beam Cell+1","floor":13.0},{"not_picked":["Doom and Gloom+1","White Noise"],"picked":"Sunder+1","floor":14.0},{"not_picked":["Hyperbeam+1","Seek"],"picked":"Electrodynamics","floor":16.0},{"not_picked":["Chaos","Steam"],"picked":"Compile Driver+1","floor":18.0}],"player_experience":3173138,"relics_obtained":[{"floor":7.0,"key":"Molten Egg 2"},{"floor":9.0,"key":"InkBottle"},{"floor":19.0,"key":"Eternal Feather"}],"event_choices":[{"damage_healed":0.0,"max_hp_gain":0.0,"max_hp_loss":0.0,"gold_gain":0.0,"event_name":"Wheel of Change","player_choice":"Relic","floor":19.0,"gold_loss":0.0,"damage_taken":0.0}],"is_beta":true,"boss_relics":[{"not_picked":["Empty Cage","SacredBark"],"picked":"Runic Pyramid"}],"items_purged_floors":[4],"is_endless":false,"potions_floor_spawned":[2,3,5,13,14],"killed_by":"Shell Parasite","ascension_level":20}}