{"host":"s41rn2jhghpwfrvz","time":1614438934,"event":{"mods":["BaseMod","Minty Spire (QoL Compilation)","Quick Restart","Relic Stats","SuperFastMode"],"gold_per_floor":[110,110,128,128,128,128,53,81,81,108,125,155,174,191,191,265,265,275,175,175,192,242,274,293,318,318,351,362,387,404,436,436,514,514,527,577,602,602,615,643,656,689,689,720,431,460,479,479,479,479,479,479,479,116,142,142],"floor_reached":57,"language":"ENG","playtime":1480,"items_purged":["Endless Agony","Prostrate","Ghostly Armor+1","LessonLearned+1"],"score":3851,"play_id":"a6337f31-9029-464a-b54e-6494610b648d","local_time":"20210227171534","daily_mods":["SealedDeck","Diverse","Elite Swarm"],"is_ascension_mode":true,"campfire_choices":[{"data":"Whirlwind","floor":6,"key":"SMITH"},{"data":"Prostrate","floor":15,"key":"SMITH"},{"data":"Barricade","floor":32,"key":"SMITH"},{"floor":49,"key":"RECALL"},{"data":"Caltrops","floor":53,"key":"SMITH"}],"circlet_count":0,"master_deck":["AscendersBane","Whirlwind+1","Backflip+1","Flex+1","Beam Cell+1","Caltrops+1","Disarm+1","Prostrate+1","DeusExMachina+1","Backflip+1","Pommel Strike+1","Barricade+1","Offering+1"],"relics":["Burning Blood","Shuriken","Mercury Hourglass","Sundial","Du-Vu Doll","Gambling Chip","Runic Pyramid","Ornamental Fan","Bronze Scales","Letter Opener","Champion Belt","Happy Flower","TungstenRod","SlaversCollar","Ginger","Pocketwatch","Magic Flower","White Beast Statue","Toy Ornithopter","Potion Belt","PreservedInsect","Centennial Puzzle","Chemical X","War Paint"],"acts_visited":["Exordium","TheCity","TheBeyond","TheEnding"],"potions_floor_usage":[8,11,16,56,56],"damage_taken":[{"damage":0,"enemies":"Small Slimes","floor":1,"turns":3},{"damage":0,"enemies":"Cultist","floor":3,"turns":3},{"damage":39,"enemies":"3 Sentries","floor":8,"turns":8},{"damage":8,"enemies":"Gremlin Nob","floor":10,"turns":3},{"damage":0,"enemies":"Jaw Worm","floor":11,"turns":2},{"damage":0,"enemies":"Lagavulin","floor":12,"turns":3},{"damage":0,"enemies":"Exordium Wildlife","floor":13,"turns":1},{"damage":6,"enemies":"Exordium Thugs","floor":14,"turns":3},{"damage":0,"enemies":"Hexaghost","floor":16,"turns":2},{"damage":2,"enemies":"2 Thieves","floor":18,"turns":2},{"damage":12,"enemies":"Chosen","floor":21,"turns":4},{"damage":6,"enemies":"Slavers","floor":23,"turns":2},{"damage":0,"enemies":"Centurion and Healer","floor":24,"turns":3},{"damage":13,"enemies":"Gremlin Leader","floor":25,"turns":3},{"damage":0,"enemies":"Book of Stabbing","floor":27,"turns":2},{"damage":0,"enemies":"Snake Plant","floor":28,"turns":2},{"damage":0,"enemies":"Slavers","floor":29,"turns":1},{"damage":2,"enemies":"Shelled Parasite and Fungi","floor":30,"turns":3},{"damage":4,"enemies":"Book of Stabbing","floor":31,"turns":3},{"damage":0,"enemies":"Automaton","floor":33,"turns":3},{"damage":5,"enemies":"3 Shapes","floor":35,"turns":4},{"damage":34,"enemies":"2 Orb Walkers","floor":36,"turns":5},{"damage":5,"enemies":"Mind Bloom Boss Battle","floor":37,"turns":3},{"damage":5,"enemies":"3 Darklings","floor":39,"turns":1},{"damage":5,"enemies":"Nemesis","floor":40,"turns":3},{"damage":5,"enemies":"Jaw Worm Horde","floor":41,"turns":2},{"damage":5,"enemies":"Giant Head","floor":42,"turns":2},{"damage":5,"enemies":"Reptomancer","floor":44,"turns":2},{"damage":5,"enemies":"Giant Head","floor":46,"turns":2},{"damage":5,"enemies":"4 Shapes","floor":47,"turns":3},{"damage":5,"enemies":"Awakened One","floor":50,"turns":3},{"damage":5,"enemies":"Donu and Deca","floor":51,"turns":1},{"damage":5,"enemies":"Shield and Spear","floor":55,"turns":1},{"damage":5,"enemies":"The Heart","floor":56,"turns":5}],"seed_played":"6653489999514555562","potions_obtained":[{"floor":1,"key":"Block Potion"},{"floor":8,"key":"Swift Potion"},{"floor":10,"key":"EssenceOfSteel"},{"floor":12,"key":"DistilledChaos"},{"floor":23,"key":"SpeedPotion"},{"floor":44,"key":"BlessingOfTheForge"},{"floor":46,"key":"Explosive Potion"}],"is_trial":true,"path_per_floor":["M","?","M","?","T","R","$","E","T","E","M","E","M","M","R","B",null,"M","$","T","M","?","E","M","E","T","E","M","E","M","E","R","B",null,"M","?","?","?","M","E","M","E","T","E","$","E","M","?","R","B","B",null,"R","$","E","B",null],"character_chosen":"IRONCLAD","items_purchased":["PreservedInsect","Chemical X","Dexterity Potion"],"campfire_rested":0,"item_purchase_floors":[45,54,54],"current_hp_per_floor":[74,74,75,80,80,80,80,47,47,45,51,57,63,63,63,69,77,80,80,80,74,66,66,72,65,65,71,77,80,80,80,80,80,80,80,52,53,53,54,55,59,63,63,67,67,71,75,75,75,79,80,80,80,80,80,80],"gold":142,"neow_bonus":"","is_daily":false,"chose_seed":false,"campfire_upgraded":4,"win_rate":0.0,"timestamp":1614438934,"path_taken":["M","?","?","?","?","R","?","E","T","E","M","E","?","M","R","BOSS","M","$","?","M","?","E","?","E","T","E","M","E","?","E","R","BOSS","M","?","?","?","M","E","?","E","T","E","$","E","?","?","R","BOSS","BOSS","R","$","E","BOSS"],"items_purchased_type":["Relic","Relic","Potion"],"build_version":"2020-12-22","purchased_purges":4,"victory":true,"max_hp_per_floor":[75,75,75,80,80,80,80,80,80,80,80,80,80,80,80,80,80,80,80,80,80,80,80,80,80,80,80,80,80,80,80,80,80,80,80,80,80,80,80,80,80,80,80,80,80,80,80,80,80,80,80,80,80,80,80,80],"relic_stats":{"Happy Flower":[15],"counters":[34,91],"Magic Flower":[18],"PreservedInsect":207,"Letter Opener":[724],"Ginger":[3],"War Paint":[],"Burning Blood":198,"Mercury Hourglass":[337],"Centennial Puzzle":[19],"Shuriken":[38],"Sundial":[116],"Ornamental Fan":[152],"Gambling Chip":[26],"Bronze Scales":[158],"Champion Belt":[46],"Chemical X":[7],"obtain_stats":[{"Potion Belt":44,"Happy Flower":29,"Magic Flower":40,"PreservedInsect":45,"Letter Opener":25,"Ginger":36,"War Paint":55,"Burning Blood":0,"White Beast Statue":42,"Mercury Hourglass":8,"Du-Vu Doll":10,"SlaversCollar":34,"Centennial Puzzle":46,"Shuriken":5,"Sundial":9,"Ornamental Fan":20,"Gambling Chip":12,"Bronze Scales":23,"Champion Belt":27,"Chemical X":54,"TungstenRod":31,"Toy Ornithopter":43,"Runic Pyramid":17,"Pocketwatch":37},{"Potion Belt":28,"Happy Flower":17,"Magic Flower":25,"PreservedInsect":28,"Letter Opener":14,"Ginger":22,"War Paint":33,"Burning Blood":0,"White Beast Statue":27,"Mercury Hourglass":3,"Du-Vu Doll":4,"SlaversCollar":20,"Centennial Puzzle":29,"Shuriken":2,"Sundial":3,"Ornamental Fan":10,"Gambling Chip":6,"Bronze Scales":12,"Champion Belt":15,"Chemical X":32,"TungstenRod":19,"Toy Ornithopter":27,"Runic Pyramid":9,"Pocketwatch":23},{"Potion Belt":77,"Happy Flower":47,"Magic Flower":71,"PreservedInsect":77,"Letter Opener":42,"Ginger":64,"War Paint":86,"Burning Blood":0,"White Beast Statue":75,"Mercury Hourglass":14,"Du-Vu Doll":17,"SlaversCollar":56,"Centennial Puzzle":79,"Shuriken":6,"Sundial":14,"Ornamental Fan":30,"Gambling Chip":22,"Bronze Scales":36,"Champion Belt":44,"Chemical X":85,"TungstenRod":53,"Toy Ornithopter":75,"Runic Pyramid":28,"Pocketwatch":67}],"TungstenRod":18,"Toy Ornithopter":0,"Pocketwatch":[0]},"card_choices":[{"not_picked":["Quick Slash","Flying Knee","Blade Dance"],"picked":"SKIP","floor":1},{"not_picked":["Calculated Gamble","Envenom","Entrench"],"picked":"SKIP","floor":3},{"not_picked":["Burst","Machine Learning","Brilliance"],"picked":"SKIP","floor":8},{"not_picked":["Devotion","Establishment","Electrodynamics"],"picked":"SKIP","floor":10},{"not_picked":["Crippling Poison","Underhanded Strike","Clash"],"picked":"SKIP","floor":11},{"not_picked":["Reaper","Amplify"],"picked":"DeusExMachina","floor":12},{"not_picked":["ClearTheMind","Beam Cell"],"picked":"Backflip","floor":13},{"not_picked":["Bane","Catalyst","Auto Shields"],"picked":"SKIP","floor":14},{"not_picked":["Genetic Algorithm","Stack"],"picked":"Pommel Strike","floor":18},{"not_picked":["Headbutt","Evaluate","Crescendo"],"picked":"SKIP","floor":21},{"not_picked":["Bullet Time","Rainbow","Double Tap"],"picked":"SKIP","floor":23},{"not_picked":["Perseverance","Sanctity+1","Dagger Spray"],"picked":"SKIP","floor":24},{"not_picked":["Envenom","MasterReality"],"picked":"LessonLearned","floor":25},{"not_picked":["Core Surge","Multi-Cast","Bludgeon"],"picked":"SKIP","floor":27},{"not_picked":["FlyingSleeves","Stack","Crescendo"],"picked":"SKIP","floor":28},{"not_picked":["Corruption","LessonLearned"],"picked":"Barricade","floor":29},{"not_picked":["Battle Trance","Perfected Strike","Sword Boomerang"],"picked":"SKIP","floor":30},{"not_picked":["Die Die Die","Burst","Fiend Fire"],"picked":"SKIP","floor":31},{"not_picked":["Limit Break","Immolate"],"picked":"Offering","floor":33},{"not_picked":["Skim","Sweeping Beam+1","FearNoEvil+1"],"picked":"SKIP","floor":35},{"not_picked":["Calculated Gamble+1","FearNoEvil","Dagger Spray"],"picked":"SKIP","floor":39},{"not_picked":["Impervious","Judgement","Doppelganger"],"picked":"SKIP","floor":40},{"not_picked":["Backflip","Rage","EmptyBody+1"],"picked":"SKIP","floor":41},{"not_picked":["Echo Form","Die Die Die","Electrodynamics"],"picked":"SKIP","floor":42},{"not_picked":["Core Surge","Brilliance","Berserk"],"picked":"SKIP","floor":44},{"not_picked":["Bullet Time","Grand Finale","Rainbow"],"picked":"SKIP","floor":46},{"not_picked":["Wild Strike","Perseverance","SashWhip+1"],"picked":"SKIP","floor":47},{"not_picked":["Fission","Wish","Envenom"],"picked":"SKIP","floor":55}],"player_experience":2050862,"relics_obtained":[{"floor":5,"key":"Shuriken"},{"floor":8,"key":"Mercury Hourglass"},{"floor":9,"key":"Sundial"},{"floor":10,"key":"Du-Vu Doll"},{"floor":12,"key":"Gambling Chip"},{"floor":20,"key":"Ornamental Fan"},{"floor":23,"key":"Bronze Scales"},{"floor":25,"key":"Letter Opener"},{"floor":27,"key":"Champion Belt"},{"floor":29,"key":"Happy Flower"},{"floor":31,"key":"TungstenRod"},{"floor":36,"key":"Ginger"},{"floor":37,"key":"Pocketwatch"},{"floor":40,"key":"Magic Flower"},{"floor":42,"key":"White Beast Statue"},{"floor":43,"key":"Toy Ornithopter"},{"floor":44,"key":"Potion Belt"},{"floor":46,"key":"Centennial Puzzle"},{"floor":55,"key":"War Paint"}],"event_choices":[{"damage_healed":0,"gold_gain":0,"player_choice":"0 cards matched","damage_taken":0,"max_hp_gain":0,"max_hp_loss":0,"event_name":"Match and Keep!","floor":2,"gold_loss":0,"cards_obtained":[]},{"damage_healed":0,"gold_gain":0,"player_choice":"Donut","damage_taken":0,"max_hp_gain":5,"max_hp_loss":0,"event_name":"Big Fish","floor":4,"gold_loss":0},{"damage_healed":0,"gold_gain":50,"player_choice":"Touch","damage_taken":8,"max_hp_gain":0,"max_hp_loss":0,"event_name":"FaceTrader","floor":22,"gold_loss":0},{"damage_healed":0,"gold_gain":0,"player_choice":"Fight","damage_taken":0,"max_hp_gain":0,"max_hp_loss":0,"event_name":"Mysterious Sphere","floor":36,"gold_loss":0},{"damage_healed":0,"gold_gain":0,"player_choice":"Fight","damage_taken":0,"max_hp_gain":0,"max_hp_loss":0,"event_name":"MindBloom","floor":37,"gold_loss":0},{"damage_healed":0,"gold_gain":0,"player_choice":"Ignored","damage_taken":0,"max_hp_gain":0,"max_hp_loss":0,"event_name":"Tomb of Lord Red Mask","floor":38,"gold_loss":0},{"damage_healed":0,"gold_gain":0,"player_choice":"Ignored","damage_taken":0,"max_hp_gain":0,"max_hp_loss":0,"event_name":"SecretPortal","floor":48,"gold_loss":0}],"is_beta":false,"boss_relics":[{"not_picked":["Mark of Pain","Coffee Dripper"],"picked":"Runic Pyramid"},{"not_picked":["Black Blood","SacredBark"],"picked":"SlaversCollar"}],"items_purged_floors":[7,19,45,54],"is_endless":false,"potions_floor_spawned":[1,8,10,12,23,25,27,33,35,42,44,46,47,55],"ascension_level":20}}