{"host":"dbkc9h3etq50r1dq","time":1614458045,"event":{"mods":["100% Spire Juice","AchievementEnabler","BaseMod","Block Reminder","Colored Powertips","Curses Come First","Dark Map","Highlight Path","Keyboard Shortcuts","Minty Spire (QoL Compilation)","Permanent Neow","Potion Indicator Mod","Random Character Button","Rare Cards Sparkle","StSLib","SuperFastMode","Weighted Paths"],"gold_per_floor":[118,131,146,146,164,189,189,224,236,248,271,283,312,324,336,448,460,482,494,446,446],"floor_reached":20,"language":"ZHS","playtime":658,"items_purged":[],"score":276,"play_id":"e78f8aa7-252d-463b-9141-53cca5e72414","local_time":"20210228043405","is_ascension_mode":true,"campfire_choices":[{"floor":7.0,"key":"REST"},{"floor":12.0,"key":"REST"},{"floor":15.0,"key":"REST"}],"circlet_count":0,"master_deck":["AscendersBane","Strike_R","Strike_R","Strike_R","Strike_R","Strike_R","Defend_R","Defend_R","Defend_R","Bash","Shrug It Off","Armaments","Warcry","Sword Boomerang","Inflame","Feed","J.A.X."],"relics":["Burning Blood","Nunchaku","Mummified Hand","MawBank","Kunai","Black Star"],"acts_visited":["Exordium","TheCity"],"potions_floor_usage":[16,20],"damage_taken":[{"damage":4.0,"enemies":"Jaw Worm","floor":1.0,"turns":4.0},{"damage":1.0,"enemies":"Cultist","floor":2.0,"turns":3.0},{"damage":10.0,"enemies":"2 Louse","floor":3.0,"turns":3.0},{"damage":11.0,"enemies":"Looter","floor":5.0,"turns":4.0},{"damage":39.0,"enemies":"3 Sentries","floor":6.0,"turns":14.0},{"damage":39.0,"enemies":"Gremlin Nob","floor":8.0,"turns":5.0},{"damage":9.0,"enemies":"Gremlin Gang","floor":11.0,"turns":6.0},{"damage":1.0,"enemies":"2 Fungi Beasts","floor":13.0,"turns":3.0},{"damage":38,"enemies":"The Guardian","floor":16,"turns":12},{"damage":50,"enemies":"Shell Parasite","floor":18,"turns":7},{"damage":34,"enemies":"2 Thieves","floor":20,"turns":2}],"seed_played":"-250079212008192535","potions_obtained":[{"floor":2.0,"key":"Strength Potion"},{"floor":6.0,"key":"ElixirPotion"},{"floor":8.0,"key":"SneckoOil"},{"floor":13.0,"key":"LiquidMemories"},{"floor":16,"key":"GamblersBrew"}],"is_trial":false,"path_per_floor":["M","M","M","?","M","E","R","E","T","$","M","R","M","$","R","B",null,"M","?","M"],"character_chosen":"IRONCLAD","items_purchased":[],"campfire_rested":3,"item_purchase_floors":[],"current_hp_per_floor":[74,79,75,75,70,37,61,28,28,28,25,49,54,54,78,46,72,32,32,0,0],"gold":446,"neow_bonus":"RANDOM_COMMON_RELIC","is_daily":false,"chose_seed":false,"campfire_upgraded":0,"win_rate":0.0,"timestamp":1614458045,"path_taken":["M","M","M","?","M","E","R","E","T","$","M","R","?","?","R","BOSS","M","?","M"],"items_purchased_type":[],"build_version":"2020-12-22","purchased_purges":0,"victory":false,"max_hp_per_floor":[80,80,80,80,80,80,80,80,80,80,80,80,80,80,80,80,80,84,84,84,84],"card_choices":[{"not_picked":["Cleave","Burning Pact","Anger"],"picked":"SKIP","floor":1.0},{"not_picked":["Dropkick","Perfected Strike","Dark Embrace"],"picked":"SKIP","floor":2.0},{"not_picked":["Perfected Strike","Heavy Blade","Pommel Strike"],"picked":"SKIP","floor":3.0},{"not_picked":["Iron Wave","Perfected Strike"],"picked":"Shrug It Off","floor":5.0},{"not_picked":["Dual Wield","Cleave"],"picked":"Armaments","floor":6.0},{"not_picked":["Barricade","Sentinel"],"picked":"Warcry","floor":8.0},{"not_picked":["Shrug It Off","Clothesline"],"picked":"Sword Boomerang","floor":11.0},{"not_picked":["Iron Wave","Cleave"],"picked":"Inflame","floor":13.0},{"not_picked":["Impervious","Immolate"],"picked":"Feed","floor":16},{"not_picked":["Cleave","Clothesline","Havoc"],"picked":"SKIP","floor":18}],"player_experience":219581,"relics_obtained":[{"floor":6.0,"key":"Mummified Hand"},{"floor":8.0,"key":"MawBank"},{"floor":9.0,"key":"Kunai"}],"event_choices":[{"cards_removed":["Defend_R"],"damage_healed":0.0,"max_hp_gain":0.0,"max_hp_loss":0.0,"gold_gain":0.0,"event_name":"Purifier","player_choice":"Purged","floor":4.0,"gold_loss":0.0,"damage_taken":0.0},{"damage_healed":0,"gold_gain":0,"player_choice":"Obtain J.A.X.","damage_taken":0,"max_hp_gain":0,"max_hp_loss":0,"event_name":"Drug Dealer","floor":19,"gold_loss":0,"cards_obtained":["J.A.X."]}],"is_beta":false,"boss_relics":[{"not_picked":["Coffee Dripper","Runic Pyramid"],"picked":"Black Star"}],"items_purged_floors":[],"is_endless":false,"potions_floor_spawned":[2,6,8,13,16],"killed_by":"2 Thieves","ascension_level":10}}