{"host":"v9oq5ccz01n9mezq","time":1614457250,"event":{"mods":["BaseMod","Colored Map","Minty Spire (QoL Compilation)","Relic Stats"],"gold_per_floor":[116,132,148,159,171,171,204,204,204,218,218,218,247,247,247,351,351,362,373,373,390,402,402,419,419,444,471,485,512,527,559,559,664,664,676,690,311,323,323,323,323,323,323],"floor_reached":42,"language":"ENG","playtime":1350,"items_purged":[],"score":627,"play_id":"8ce54ea5-db17-4390-8fce-864d746e42da","local_time":"20210227152050","is_ascension_mode":true,"campfire_choices":[{"data":"Whirlwind","floor":6,"key":"SMITH"},{"data":"Flex","floor":8,"key":"SMITH"},{"data":"Spot Weakness","floor":12,"key":"SMITH"},{"data":"Shrug It Off","floor":15,"key":"SMITH"},{"data":"Exhume","floor":23,"key":"SMITH"},{"data":"Flex","floor":25,"key":"SMITH"},{"data":"Double Tap","floor":32,"key":"SMITH"},{"floor":40,"key":"REST"}],"circlet_count":0,"master_deck":["Strike_R","Strike_R","Strike_R","Defend_R","Defend_R","Whirlwind+1","Flex+1","Corruption","Shrug It Off+1","Spot Weakness+1","Flex+1","Exhume+1","Twin Strike+1","Heavy Blade+1","Spot Weakness","Shrug It Off+1","Double Tap+1","Thunderclap","Limit Break","Demon Form+1","Brutality+1","Dark Embrace+1","Perfected Strike+1","Fiend Fire","Shockwave+1"],"relics":["Burning Blood","Bag of Preparation","Lantern","StrikeDummy","InkBottle","Mark of Pain","Potion Belt","Art of War","Omamori","Matryoshka","Astrolabe","Incense Burner"],"acts_visited":["Exordium","TheCity","TheBeyond"],"potions_floor_usage":[10,13,16,21,21,27,29,33,35],"damage_taken":[{"damage":2,"enemies":"2 Louse","floor":1,"turns":3},{"damage":1,"enemies":"Jaw Worm","floor":2,"turns":3},{"damage":6,"enemies":"Cultist","floor":3,"turns":3},{"damage":6,"enemies":"2 Fungi Beasts","floor":4,"turns":2},{"damage":5,"enemies":"3 Louse","floor":5,"turns":2},{"damage":39,"enemies":"Lagavulin","floor":7,"turns":6},{"damage":12,"enemies":"Exordium Thugs","floor":10,"turns":2},{"damage":0,"enemies":"3 Sentries","floor":13,"turns":1},{"damage":0,"enemies":"Slime Boss","floor":16,"turns":3},{"damage":15,"enemies":"3 Byrds","floor":18,"turns":4},{"damage":5,"enemies":"Chosen","floor":19,"turns":2},{"damage":15,"enemies":"Snake Plant","floor":21,"turns":3},{"damage":10,"enemies":"Shelled Parasite and Fungi","floor":22,"turns":2},{"damage":1,"enemies":"Cultist and Chosen","floor":24,"turns":4},{"damage":7,"enemies":"Slavers","floor":27,"turns":2},{"damage":10,"enemies":"3 Cultists","floor":28,"turns":4},{"damage":0,"enemies":"Gremlin Leader","floor":29,"turns":3},{"damage":0,"enemies":"Chosen and Byrds","floor":30,"turns":2},{"damage":26,"enemies":"Slavers","floor":31,"turns":4},{"damage":42,"enemies":"Collector","floor":33,"turns":5},{"damage":32,"enemies":"3 Darklings","floor":35,"turns":3},{"damage":7,"enemies":"3 Shapes","floor":36,"turns":4},{"damage":34,"enemies":"Maw","floor":38,"turns":5},{"damage":51,"enemies":"Reptomancer","floor":42,"turns":3}],"seed_played":"-2454734489483680398","potions_obtained":[{"floor":2,"key":"SkillPotion"},{"floor":5,"key":"ColorlessPotion"},{"floor":10,"key":"BlessingOfTheForge"},{"floor":13,"key":"BloodPotion"},{"floor":16,"key":"SkillPotion"},{"floor":18,"key":"SkillPotion"},{"floor":19,"key":"Strength Potion"},{"floor":22,"key":"PowerPotion"},{"floor":28,"key":"Weak Potion"},{"floor":33,"key":"Weak Potion"}],"is_trial":false,"path_per_floor":["M","M","M","M","M","R","E","R","T","M","?","R","E","?","R","B",null,"M","M","?","M","M","R","M","R","T","E","M","E","M","E","R","B",null,"M","M","$","M","?","R","?","E"],"character_chosen":"IRONCLAD","items_purchased":["Incense Burner","Fiend Fire"],"campfire_rested":1,"item_purchase_floors":[37,37],"current_hp_per_floor":[80,80,80,80,80,80,47,47,47,41,41,41,47,47,47,53,80,71,72,72,79,75,75,80,80,80,79,75,80,80,60,60,24,80,54,53,53,25,25,49,49,0,0],"gold":323,"neow_bonus":"RANDOM_COMMON_RELIC","is_daily":false,"chose_seed":false,"campfire_upgraded":7,"win_rate":0.0,"timestamp":1614457250,"path_taken":["M","M","M","M","M","R","E","R","T","M","?","R","E","?","R","BOSS","M","M","?","M","?","R","M","R","T","E","M","E","M","E","R","BOSS","M","M","$","M","?","R","?","E"],"items_purchased_type":["Relic","Card"],"build_version":"2020-12-22","purchased_purges":0,"victory":false,"max_hp_per_floor":[80,80,80,80,80,80,80,80,80,80,80,80,80,80,80,80,80,80,80,80,80,80,80,80,80,80,80,80,80,80,80,80,80,80,80,80,80,80,80,80,80,80,80],"relic_stats":{"counters":[24,75],"Astrolabe":["Demon Form","Brutality","Dark Embrace"],"Bag of Preparation":[48],"Art of War":[1],"obtain_stats":[{"Potion Belt":26,"Lantern":7,"Matryoshka":31,"Astrolabe":34,"Mark of Pain":17,"Bag of Preparation":0,"Art of War":27,"Omamori":29,"Incense Burner":37,"StrikeDummy":9,"Burning Blood":0,"InkBottle":13},{"Potion Belt":14,"Lantern":6,"Matryoshka":19,"Astrolabe":20,"Mark of Pain":9,"Bag of Preparation":0,"Art of War":15,"Omamori":17,"Incense Burner":22,"StrikeDummy":6,"Burning Blood":0,"InkBottle":8},{"Potion Belt":40,"Lantern":19,"Matryoshka":55,"Astrolabe":60,"Mark of Pain":25,"Bag of Preparation":0,"Art of War":42,"Omamori":49,"Incense Burner":67,"StrikeDummy":19,"Burning Blood":0,"InkBottle":22}],"Burning Blood":121,"InkBottle":[20]},"card_choices":[{"not_picked":["Cleave","Entrench"],"picked":"Whirlwind","floor":1},{"not_picked":["Armaments","Searing Blow"],"picked":"Flex","floor":2},{"not_picked":["Pommel Strike","Rage"],"picked":"Corruption","floor":3},{"not_picked":["True Grit","Disarm"],"picked":"Shrug It Off","floor":4},{"not_picked":["Heavy Blade","Twin Strike","Rampage"],"picked":"SKIP","floor":5},{"not_picked":["Wild Strike","Warcry"],"picked":"Spot Weakness","floor":7},{"not_picked":["Clothesline","Headbutt"],"picked":"Flex","floor":10},{"not_picked":["Hemokinesis","Heavy Blade","Corruption"],"picked":"SKIP","floor":13},{"not_picked":["Berserk","Brutality"],"picked":"Exhume","floor":16},{"not_picked":["Clash","Headbutt"],"picked":"Twin Strike+1","floor":18},{"not_picked":["Warcry","Thunderclap"],"picked":"Heavy Blade+1","floor":19},{"not_picked":["Warcry","Infernal Blade","Sever Soul"],"picked":"SKIP","floor":21},{"not_picked":["Perfected Strike","Fire Breathing+1"],"picked":"Spot Weakness","floor":22},{"not_picked":["Armaments","Searing Blow","Cleave"],"picked":"SKIP","floor":24},{"not_picked":["Fire Breathing","Second Wind+1","Sword Boomerang"],"picked":"SKIP","floor":27},{"not_picked":["Blood for Blood","Havoc"],"picked":"Shrug It Off+1","floor":28},{"not_picked":["Thunderclap","Cleave"],"picked":"Double Tap","floor":29},{"not_picked":["Dual Wield","Clothesline"],"picked":"Thunderclap","floor":30},{"not_picked":["Anger+1","Heavy Blade","Carnage"],"picked":"SKIP","floor":31},{"not_picked":["Demon Form","Berserk"],"picked":"Limit Break","floor":33},{"not_picked":["Clash+1","Cleave","Clothesline"],"picked":"SKIP","floor":35},{"not_picked":["Havoc","Power Through"],"picked":"Perfected Strike+1","floor":36},{"not_picked":["Immolate","Anger+1"],"picked":"Shockwave+1","floor":38}],"player_experience":153132,"relics_obtained":[{"floor":7,"key":"Lantern"},{"floor":9,"key":"StrikeDummy"},{"floor":13,"key":"InkBottle"},{"floor":26,"key":"Potion Belt"},{"floor":27,"key":"Art of War"},{"floor":29,"key":"Omamori"},{"floor":31,"key":"Matryoshka"}],"event_choices":[{"damage_healed":0,"gold_gain":0,"player_choice":"Ignored","damage_taken":0,"max_hp_gain":0,"max_hp_loss":0,"event_name":"Liars Game","floor":11,"gold_loss":0},{"damage_healed":0,"gold_gain":0,"cards_transformed":["Defend_R"],"player_choice":"Change","damage_taken":0,"max_hp_gain":0,"max_hp_loss":0,"event_name":"Living Wall","floor":14,"gold_loss":0,"cards_obtained":["Body Slam"]},{"cards_removed":["Body Slam"],"damage_healed":0,"gold_gain":0,"player_choice":"Purged","damage_taken":0,"max_hp_gain":0,"max_hp_loss":0,"event_name":"Purifier","floor":20,"gold_loss":0},{"cards_removed":["Strike_R"],"damage_healed":0,"gold_gain":0,"player_choice":"Removed Attack","damage_taken":0,"max_hp_gain":0,"max_hp_loss":0,"event_name":"Falling","floor":39,"gold_loss":0},{"damage_healed":0,"gold_gain":0,"player_choice":"Ignored","damage_taken":0,"max_hp_gain":0,"max_hp_loss":0,"event_name":"Mysterious Sphere","floor":41,"gold_loss":0}],"is_beta":false,"boss_relics":[{"not_picked":["Calling Bell","Busted Crown"],"picked":"Mark of Pain"},{"not_picked":["Velvet Choker","SlaversCollar"],"picked":"Astrolabe"}],"items_purged_floors":[],"is_endless":false,"potions_floor_spawned":[2,5,10,13,16,18,19,22,28,33],"killed_by":"Reptomancer","ascension_level":1}}