{"host":"s8caws4n06h39s1x","time":1614451778,"event":{"mods":["Act Like it!","BaseMod","Bestiary","Colored Powertips","Curses Come First","Highlight Path","Minty Spire (QoL Compilation)","Quick Restart","StSLib"],"gold_per_floor":[144,189,189,94,139,229,229,229,254,353,353,398,100,109,109,427,427,481,526,580,495,549,549,202,202,211,301,400,499,205,250,250,559,559,604,658,191,225,0,90,144,198,207,261,270,369,414,468,468,477],"floor_reached":51,"language":"ENG","playtime":2789,"items_purged":[],"score":1055,"play_id":"6f0ecc77-c346-467c-a5c5-fc0b1ba32d5e","local_time":"20210227194938","daily_mods":["Cursed Run","Diverse","Midas"],"is_ascension_mode":false,"campfire_choices":[{"floor":8,"key":"REST"},{"floor":15,"key":"REST"},{"floor":23,"key":"REST"},{"floor":25,"key":"REST"},{"floor":32,"key":"REST"},{"floor":49,"key":"REST"}],"circlet_count":0,"master_deck":["Defend_B","Defend_B","Defend_B","Defend_B","Zap","Dualcast","Glacier","Corruption","Dramatic Entrance","Writhe","Storm","Sweeping Beam","Mind Blast","Nirvana","Injury","Injury","Juggernaut","Aggregate","Bite","Bite","Bite","Bite","Bite","DeceiveReality","Wallop","Wireheading","Dramatic Entrance","Regret","Double Energy+1","Hello World","Finesse","ThirdEye","Normality","Cold Snap+1","Apotheosis","Parasite","Flame Barrier","ThirdEye","Writhe","Fire Breathing+1","Juggernaut","EmptyBody+1","Dodge and Roll+1","Pain"],"relics":["Cursed Key","Darkstone Periapt","Du-Vu Doll","Matryoshka","CeramicFish","Ancient Tea Set","DataDisk","Tiny Chest","StrikeDummy","Velvet Choker","Sundial","HornCleat","Cables","Lizard Tail","Potion Belt","Anchor","Black Star","Ice Cream","Centennial Puzzle","Red Mask","TungstenRod","Gambling Chip","Symbiotic Virus","Girya","Bottled Lightning"],"acts_visited":["Exordium","TheCity","TheBeyond"],"potions_floor_usage":[20,50,50,50,50],"damage_taken":[{"damage":0,"enemies":"Small Slimes","floor":1,"turns":3},{"damage":0,"enemies":"Cultist","floor":2,"turns":3},{"damage":0,"enemies":"2 Louse","floor":5,"turns":3},{"damage":4,"enemies":"3 Sentries","floor":6,"turns":10},{"damage":17,"enemies":"Gremlin Nob","floor":10,"turns":5},{"damage":0,"enemies":"Large Slime","floor":12,"turns":4},{"damage":14,"enemies":"The Guardian","floor":16,"turns":13},{"damage":0,"enemies":"Spheric Guardian","floor":18,"turns":1},{"damage":12,"enemies":"Shell Parasite","floor":20,"turns":3},{"damage":27,"enemies":"Centurion and Healer","floor":22,"turns":5},{"damage":8,"enemies":"Book of Stabbing","floor":27,"turns":5},{"damage":46,"enemies":"Gremlin Leader","floor":29,"turns":5},{"damage":2,"enemies":"3 Cultists","floor":31,"turns":5},{"damage":47,"enemies":"Collector","floor":33,"turns":8},{"damage":2,"enemies":"3 Darklings","floor":35,"turns":4},{"damage":0,"enemies":"3 Shapes","floor":36,"turns":2},{"damage":56,"enemies":"Reptomancer","floor":40,"turns":6},{"damage":17,"enemies":"3 Darklings","floor":41,"turns":6},{"damage":0,"enemies":"Sphere and 2 Shapes","floor":42,"turns":1},{"damage":2,"enemies":"Transient","floor":44,"turns":5},{"damage":0,"enemies":"Nemesis","floor":46,"turns":5},{"damage":0,"enemies":"Spire Growth","floor":47,"turns":3},{"damage":0,"enemies":"Sphere and 2 Shapes","floor":48,"turns":4},{"damage":25,"enemies":"Awakened One","floor":50,"turns":9}],"seed_played":"-2463471341485849212","potions_obtained":[{"floor":1,"key":"BlessingOfTheForge"},{"floor":6,"key":"Swift Potion"},{"floor":10,"key":"Dexterity Potion"},{"floor":20,"key":"Ancient Potion"},{"floor":29,"key":"SpeedPotion"},{"floor":33,"key":"Dexterity Potion"},{"floor":47,"key":"EssenceOfSteel"}],"is_trial":false,"path_per_floor":["M","M","?","$","M","E","?","R","T","E","?","M","$","T","R","B",null,"M","?","M","?","M","R","$","R","T","E","?","E","$","M","R","B",null,"M","M","$","T","?","E","M","M","T","M","?","E","M","M","R","B",null],"character_chosen":"DEFECT","items_purchased":["Dramatic Entrance","DataDisk","Sweeping Beam","Mind Blast","Nirvana","HornCleat","Wireheading","Dramatic Entrance","Anchor","Hello World","Finesse","ThirdEye","Ice Cream","Apotheosis"],"campfire_rested":6,"item_purchase_floors":[4,13,13,13,13,24,24,24,30,30,30,30,37,37],"current_hp_per_floor":[75,75,75,75,75,71,56,75,81,64,64,66,66,72,87,79,93,93,93,87,87,68,93,93,93,99,93,93,57,57,63,92,63,105,105,105,105,111,111,64,51,51,57,64,64,72,72,75,110,103],"gold":477,"neow_bonus":"","is_daily":true,"chose_seed":false,"campfire_upgraded":0,"win_rate":0.0,"timestamp":1614451778,"path_taken":["M","M","?","$","M","E","?","R","T","E","?","?","$","?","R","BOSS","M","?","M","?","M","R","$","R","T","E","?","E","$","M","R","BOSS","M","M","$","?","?","E","M","M","T","M","?","E","M","M","R","BOSS"],"items_purchased_type":["Card","Relic","Card","Card","Card","Relic","Card","Card","Relic","Card","Card","Card","Relic","Card"],"build_version":"2020-12-22","purchased_purges":0,"victory":true,"max_hp_per_floor":[75,75,75,75,75,75,75,75,81,81,81,81,81,87,87,93,93,93,93,93,93,93,93,93,93,99,99,99,99,99,99,99,105,105,105,105,105,111,111,111,111,111,117,117,117,117,117,117,117,123],"card_choices":[{"not_picked":["Infernal Blade","Catalyst"],"picked":"Slice","floor":1},{"not_picked":["PathToVictory","Poisoned Stab"],"picked":"Glacier","floor":2},{"not_picked":["Meditate","Deflect","Dual Wield"],"picked":"SKIP","floor":5},{"not_picked":["Wallop","CutThroughFate","Conclude"],"picked":"SKIP","floor":6},{"not_picked":["Hemokinesis","Force Field"],"picked":"Storm","floor":10},{"not_picked":["Venomology","Blood for Blood","Havoc"],"picked":"SKIP","floor":12},{"not_picked":["Bullet Time","Fission"],"picked":"Juggernaut","floor":16},{"not_picked":["Study","CarveReality"],"picked":"Aggregate","floor":18},{"not_picked":["Melter","Headbutt"],"picked":"DeceiveReality","floor":20},{"not_picked":["BowlingBash","Bloodletting"],"picked":"Wallop","floor":22},{"not_picked":["Steam Power+1","Flying Knee","Heavy Blade"],"picked":"SKIP","floor":27},{"not_picked":["Perfected Strike","Slice+1"],"picked":"Double Energy+1","floor":29},{"not_picked":["Distraction","Twin Strike","FlurryOfBlows"],"picked":"SKIP","floor":31},{"not_picked":["Flying Knee","Cleave+1","Whirlwind+1"],"picked":"SKIP","floor":35},{"not_picked":["Fasting2+1","Stack+1"],"picked":"Cold Snap+1","floor":36},{"not_picked":["Berserk","Cloak And Dagger+1","Rip and Tear+1"],"picked":"SKIP","floor":40},{"not_picked":["Sword Boomerang+1","Hello World+1"],"picked":"Flame Barrier","floor":41},{"not_picked":["Dash+1","Twin Strike"],"picked":"ThirdEye","floor":42},{"not_picked":["Dash+1","Darkness+1"],"picked":"Fire Breathing+1","floor":44},{"not_picked":["Omniscience","PathToVictory+1"],"picked":"EmptyBody+1","floor":46},{"not_picked":["PathToVictory+1","Halt+1","Outmaneuver"],"picked":"SKIP","floor":47},{"not_picked":["Undo","Shrug It Off"],"picked":"Dodge and Roll+1","floor":48}],"player_experience":520134,"relics_obtained":[{"floor":6,"key":"Matryoshka"},{"floor":9,"key":"Blood Vial"},{"floor":9,"key":"CeramicFish"},{"floor":10,"key":"Ancient Tea Set"},{"floor":14,"key":"Tiny Chest"},{"floor":14,"key":"StrikeDummy"},{"floor":26,"key":"Cables"},{"floor":27,"key":"Lizard Tail"},{"floor":29,"key":"Potion Belt"},{"floor":38,"key":"Centennial Puzzle"},{"floor":40,"key":"TungstenRod"},{"floor":40,"key":"Gambling Chip"},{"floor":43,"key":"Symbiotic Virus"},{"floor":46,"key":"Girya"},{"floor":46,"key":"Bottled Lightning"}],"event_choices":[{"damage_healed":0,"gold_gain":0,"cards_transformed":["Slice"],"player_choice":"Change","damage_taken":0,"max_hp_gain":0,"max_hp_loss":0,"event_name":"Living Wall","floor":3,"gold_loss":0,"cards_obtained":["Corruption"]},{"damage_healed":0,"gold_gain":0,"player_choice":"Entered Light","damage_taken":15,"max_hp_gain":0,"max_hp_loss":0,"event_name":"Shining Light","floor":7,"gold_loss":0,"cards_upgraded":["Strike_B","Strike_B"]},{"damage_healed":0,"gold_gain":0,"player_choice":"0 cards matched","damage_taken":0,"max_hp_gain":0,"max_hp_loss":0,"event_name":"Match and Keep!","floor":11,"gold_loss":0,"cards_obtained":[]},{"damage_healed":0,"gold_gain":0,"player_choice":"Became a vampire (Vial)","damage_taken":0,"max_hp_gain":0,"max_hp_loss":0,"event_name":"Vampires","floor":19,"relics_lost":["Blood Vial"],"gold_loss":0,"cards_obtained":["Bite","Bite","Bite","Bite","Bite"]},{"damage_healed":0,"gold_gain":0,"player_choice":"Obtained Relic","damage_taken":0,"relics_obtained":["Sundial"],"max_hp_gain":0,"max_hp_loss":0,"event_name":"Addict","floor":21,"gold_loss":85},{"damage_healed":0,"gold_gain":99,"player_choice":"Stole From Cult","damage_taken":0,"max_hp_gain":0,"max_hp_loss":0,"event_name":"Nest","floor":28,"gold_loss":0},{"damage_healed":0,"gold_gain":0,"player_choice":"Paid","damage_taken":0,"relics_obtained":["Red Mask"],"max_hp_gain":0,"max_hp_loss":0,"event_name":"Tomb of Lord Red Mask","floor":39,"gold_loss":225},{"damage_healed":0,"gold_gain":0,"player_choice":"Copied","damage_taken":0,"max_hp_gain":0,"max_hp_loss":0,"event_name":"Duplicator","floor":45,"gold_loss":0,"cards_obtained":["Juggernaut"]}],"is_beta":false,"boss_relics":[{"not_picked":["Coffee Dripper","Runic Dome"],"picked":"Velvet Choker"},{"not_picked":["Runic Pyramid","Busted Crown"],"picked":"Black Star"}],"items_purged_floors":[],"is_endless":false,"potions_floor_spawned":[1,6,10,20,27,29,33,40,42,44,47,48],"ascension_level":0}}