{"host":"qgrlfjrqk9z96gfi","time":1614404187,"event":{"mods":["BaseMod","Block Reminder","Colored Map","Custom Start","DeckTracker","Minty Spire (QoL Compilation)"],"gold_per_floor":[368,43,43,43,64,107,107,107,107],"floor_reached":8,"language":"ENG","playtime":377,"items_purged":[],"score":108,"play_id":"b4d7726c-f911-4574-877d-4bfbb442bffc","local_time":"20210226193627","is_ascension_mode":true,"campfire_choices":[{"floor":7,"key":"REST"}],"circlet_count":0,"master_deck":["AscendersBane","Strike_G+1","Strike_G","Strike_G+1","Strike_G+1","Strike_G","Defend_G+1","Defend_G","Defend_G","Defend_G","Defend_G","Survivor","Neutralize","Escape Plan","Blade Dance","Accuracy","Cloak And Dagger","Blade Dance","Footwork"],"relics":["Ring of the Snake","TwistedFunnel","Golden Idol","Whetstone"],"acts_visited":["Exordium"],"potions_floor_usage":[],"damage_taken":[{"damage":4,"enemies":"Small Slimes","floor":1,"turns":4},{"damage":0,"enemies":"2 Louse","floor":5,"turns":2},{"damage":34,"enemies":"Gremlin Nob","floor":6,"turns":4},{"damage":24,"enemies":"3 Sentries","floor":8,"turns":6}],"seed_played":"-4376450123025491224","potions_obtained":[],"is_trial":false,"path_per_floor":["M","$","?","?","M","E","R","E"],"character_chosen":"THE_SILENT","items_purchased":["Blade Dance","Accuracy","Cloak And Dagger","TwistedFunnel"],"campfire_rested":1,"item_purchase_floors":[2,2,2,2],"current_hp_per_floor":[55,55,37,37,37,3,19,0,0],"gold":107,"neow_bonus":"TWO_FIFTY_GOLD","is_daily":false,"chose_seed":false,"campfire_upgraded":0,"win_rate":0.0,"timestamp":1614404187,"path_taken":["M","$","?","?","M","E","R","E"],"items_purchased_type":["Card","Card","Card","Relic"],"build_version":"2020-12-22","purchased_purges":0,"victory":false,"max_hp_per_floor":[60,60,60,54,54,54,54,54,54],"card_choices":[{"not_picked":["Outmaneuver","Acrobatics"],"picked":"Escape Plan","floor":1},{"not_picked":["Deflect","Dodge and Roll"],"picked":"Blade Dance","floor":5},{"not_picked":["Deflect","PiercingWail"],"picked":"Footwork","floor":6}],"player_experience":1203879,"relics_obtained":[{"floor":6,"key":"Whetstone"}],"event_choices":[{"damage_healed":0,"gold_gain":0,"player_choice":"Entered Light","damage_taken":18,"max_hp_gain":0,"max_hp_loss":0,"event_name":"Shining Light","floor":3,"gold_loss":0,"cards_upgraded":["Defend_G","Strike_G"]},{"damage_healed":0,"gold_gain":0,"player_choice":"Lose Max HP","damage_taken":0,"relics_obtained":["Golden Idol"],"max_hp_gain":0,"max_hp_loss":6,"event_name":"Golden Idol","floor":4,"gold_loss":0}],"is_beta":false,"boss_relics":[],"items_purged_floors":[],"is_endless":false,"potions_floor_spawned":[],"killed_by":"3 Sentries","ascension_level":20}}