{"host":"928gv66myv2vlnsd","time":1614442820,"event":{"mods":["BaseMod","Highlight Path","Minty Spire (QoL Compilation)","Relic Stats","StSLib"],"gold_per_floor":[166,180,140,156,170,195,210,210,257,257,275,275,286,211,211,288,288,307,307,307,319,330,330,330,330,353,353,372,372,372],"floor_reached":29,"language":"ENG","playtime":1109,"items_purged":[],"score":454,"play_id":"567a8862-ccb8-46a2-9839-009a7120c8e1","local_time":"20210227112020","is_ascension_mode":true,"campfire_choices":[{"floor":8,"key":"REST"},{"data":"Flame Barrier","floor":10,"key":"SMITH"},{"floor":15,"key":"REST"},{"floor":23,"key":"REST"},{"data":"Entrench","floor":25,"key":"SMITH"},{"data":"Body Slam","floor":27,"key":"SMITH"}],"circlet_count":0,"master_deck":["AscendersBane","Strike_R","Strike_R","Strike_R","Strike_R+1","Defend_R","Defend_R","Defend_R","Defend_R","Bash","Uppercut","Hemokinesis","Armaments","Flame Barrier+1","Shrug It Off","Whirlwind","Spot Weakness","Headbutt","True Grit","Barricade","True Grit+1","RitualDagger","Body Slam+1","Entrench+1"],"relics":["Tiny House","Happy Flower","Red Skull","Philosopher\u0027s Stone","NlothsMask"],"acts_visited":["Exordium","TheCity"],"potions_floor_usage":[6,16,18],"damage_taken":[{"damage":1,"enemies":"Cultist","floor":1,"turns":3},{"damage":6,"enemies":"Small Slimes","floor":2,"turns":3},{"damage":10,"enemies":"2 Louse","floor":4,"turns":3},{"damage":5,"enemies":"2 Fungi Beasts","floor":5,"turns":4},{"damage":28,"enemies":"Gremlin Nob","floor":6,"turns":4},{"damage":14,"enemies":"Exordium Thugs","floor":7,"turns":4},{"damage":4,"enemies":"Blue Slaver","floor":11,"turns":3},{"damage":10,"enemies":"Gremlin Gang","floor":13,"turns":2},{"damage":22,"enemies":"The Guardian","floor":16,"turns":13},{"damage":25,"enemies":"2 Thieves","floor":18,"turns":3},{"damage":26,"enemies":"Spheric Guardian","floor":21,"turns":7},{"damage":1,"enemies":"Centurion and Healer","floor":22,"turns":7},{"damage":17,"enemies":"Snecko","floor":28,"turns":8},{"damage":26,"enemies":"3 Cultists","floor":29,"turns":4}],"seed_played":"7803010812727069249","potions_obtained":[{"floor":0,"key":"SpeedPotion"},{"floor":2,"key":"Dexterity Potion"},{"floor":3,"key":"SteroidPotion"},{"floor":3,"key":"GamblersBrew"},{"floor":3,"key":"ColorlessPotion"},{"floor":11,"key":"SteroidPotion"},{"floor":22,"key":"FearPotion"},{"floor":28,"key":"Strength Potion"}],"is_trial":false,"path_per_floor":["M","M","?","M","M","E","M","R","T","R","M","?","M","?","R","B",null,"M","?","?","M","M","R","?","R","T","R","M","M"],"character_chosen":"IRONCLAD","items_purchased":[],"campfire_rested":3,"item_purchase_floors":[],"current_hp_per_floor":[72,66,66,56,51,23,9,33,33,33,29,29,19,19,43,21,65,40,34,34,8,7,31,31,31,31,31,14,0,0],"gold":372,"neow_bonus":"BOSS_RELIC","is_daily":false,"chose_seed":false,"campfire_upgraded":3,"win_rate":0.0,"timestamp":1614442820,"path_taken":["M","M","?","?","M","E","M","R","T","R","?","?","?","?","R","BOSS","M","?","?","?","M","R","?","R","T","R","M","M"],"items_purchased_type":[],"build_version":"2020-12-22","purchased_purges":0,"victory":false,"max_hp_per_floor":[80,80,80,80,80,80,80,80,80,80,80,80,80,80,80,80,80,80,80,80,80,80,80,80,80,80,80,80,80,80],"relic_stats":{"Happy Flower":[17],"counters":[14,68],"obtain_stats":[{"Tiny House":0,"Happy Flower":6,"Philosopher\u0027s Stone":17,"Burning Blood":0,"Red Skull":9,"NlothsMask":20},{"Tiny House":0,"Happy Flower":5,"Philosopher\u0027s Stone":9,"Burning Blood":0,"Red Skull":6,"NlothsMask":10},{"Tiny House":0,"Happy Flower":17,"Philosopher\u0027s Stone":39,"Burning Blood":0,"Red Skull":21,"NlothsMask":42}]},"card_choices":[{"not_picked":["Perfected Strike","Cleave"],"picked":"Uppercut","floor":0},{"not_picked":["Havoc","Sword Boomerang"],"picked":"Hemokinesis","floor":1},{"not_picked":["Sword Boomerang","Perfected Strike"],"picked":"Armaments","floor":2},{"not_picked":["Clash","Fire Breathing"],"picked":"Flame Barrier","floor":4},{"not_picked":["Reckless Charge","Body Slam"],"picked":"Shrug It Off","floor":5},{"not_picked":["Flex","Wild Strike"],"picked":"Whirlwind","floor":6},{"not_picked":["Uppercut","Perfected Strike"],"picked":"Spot Weakness","floor":7},{"not_picked":["Pummel","Clothesline"],"picked":"Headbutt","floor":11},{"not_picked":["Havoc","Cleave"],"picked":"True Grit","floor":13},{"not_picked":["Double Tap","Corruption"],"picked":"Barricade","floor":16},{"not_picked":["Wild Strike","Heavy Blade"],"picked":"True Grit+1","floor":18},{"not_picked":["Flex","Sword Boomerang"],"picked":"Body Slam","floor":21},{"not_picked":["Anger","Bloodletting"],"picked":"Entrench","floor":22},{"not_picked":["Iron Wave","Wild Strike","Heavy Blade"],"picked":"SKIP","floor":28},{"not_picked":["Iron Wave","Wild Strike","Heavy Blade"],"picked":"SKIP","floor":28}],"player_experience":1491077,"relics_obtained":[{"floor":6,"key":"Happy Flower"},{"floor":9,"key":"Red Skull"}],"event_choices":[{"damage_healed":0,"gold_gain":0,"player_choice":"Bought 3 Potions","damage_taken":0,"max_hp_gain":0,"max_hp_loss":0,"event_name":"The Woman in Blue","floor":3,"gold_loss":0},{"damage_healed":0,"gold_gain":0,"player_choice":"Cursed","damage_taken":0,"max_hp_gain":0,"max_hp_loss":0,"event_name":"Wheel of Change","floor":12,"gold_loss":0,"cards_obtained":["Decay"]},{"cards_removed":["Decay"],"damage_healed":0,"gold_gain":0,"player_choice":"Card Removal","damage_taken":0,"max_hp_gain":0,"max_hp_loss":0,"event_name":"The Cleric","floor":14,"gold_loss":75},{"damage_healed":0,"gold_gain":0,"player_choice":"Joined the Cult","damage_taken":6,"max_hp_gain":0,"max_hp_loss":0,"event_name":"Nest","floor":19,"gold_loss":0,"cards_obtained":["RitualDagger"]},{"damage_healed":0,"gold_gain":0,"player_choice":"Trade","damage_taken":0,"relics_obtained":["NlothsMask"],"max_hp_gain":0,"max_hp_loss":0,"event_name":"FaceTrader","floor":20,"gold_loss":0},{"cards_removed":["Strike_R"],"damage_healed":0,"gold_gain":0,"player_choice":"Offered Basic","damage_taken":0,"max_hp_gain":0,"max_hp_loss":0,"event_name":"Bonfire Elementals","floor":24,"gold_loss":0}],"is_beta":false,"boss_relics":[{"not_picked":["Empty Cage","Ectoplasm"],"picked":"Philosopher\u0027s Stone"}],"items_purged_floors":[],"is_endless":false,"potions_floor_spawned":[2,4,11,13,22,28],"killed_by":"3 Cultists","ascension_level":20}}