{"host":"649x15fmap4sa1sx","time":1614455026,"event":{"mods":["2.2 Compatiblity","AchievementEnabler","BaseMod","BetterRewards","Colored Map","Conspire","Downfall","Hubris","Infinite Spire","Minty Spire (QoL Compilation)","Permanent Neow","Reliquary","Replay The Spire","Shop Mod","StSLib","The IronCluck"],"gold_per_floor":[11,11,24,24,38,69,69,69,120,120,150,150,110,145,145,145,145],"floor_reached":16,"language":"ENG","playtime":566,"items_purged":[],"score":133,"play_id":"493ba644-f167-4598-b363-54cb74c06a06","local_time":"20210227134346","is_ascension_mode":true,"campfire_choices":[{"floor":7,"key":"REST"},{"floor":10,"key":"REST"}],"circlet_count":0,"master_deck":["Strike_B","Strike_B","Strike_B","Strike_B","Defend_B","Defend_B","Defend_B","Zap+1","Dualcast","Beam Cell","Go for the Eyes+1","Gash","Thunder Strike","Tempest"],"relics":["Cracked Core","Replay:Multitool","reliquary:JackalopeAntler","reliquary:Boomerang","Cables","Meat on the Bone"],"acts_visited":["Exordium"],"potions_floor_usage":[14,16,16,16],"damage_taken":[{"damage":4,"enemies":"Jaw Worm","floor":1,"turns":3},{"damage":13,"enemies":"Small Slimes","floor":3,"turns":2},{"damage":1,"enemies":"Cultist","floor":5,"turns":3},{"damage":44,"enemies":"3 Sentries","floor":6,"turns":9},{"damage":30,"enemies":"Gremlin Nob","floor":11,"turns":4},{"damage":35,"enemies":"3 Sentries","floor":14,"turns":8},{"damage":44,"enemies":"The Guardian","floor":16,"turns":6}],"seed_played":"959150544840483229","potions_obtained":[{"floor":13,"key":"Energy Potion"},{"floor":13,"key":"PotionOfCapacity"},{"floor":13,"key":"GamblersBrew"},{"floor":14,"key":"AttackPotion"}],"is_trial":false,"path_per_floor":["M","?","M","?","M","E","R","$","T","R","E","?","?","E","R","B"],"character_chosen":"DEFECT","items_purchased":[],"campfire_rested":2,"item_purchase_floors":[],"current_hp_per_floor":[71,71,58,58,57,13,35,35,35,57,27,52,52,17,39,0,0],"gold":145,"neow_bonus":"ONE_RARE_RELIC","is_daily":false,"chose_seed":false,"campfire_upgraded":0,"win_rate":0.0,"timestamp":1614455026,"path_taken":["M","?","M","?","?","E","R","?","T","R","E","?","?","E","R","BOSS"],"items_purchased_type":[],"build_version":"2020-12-22","purchased_purges":0,"victory":false,"max_hp_per_floor":[75,75,75,75,75,75,75,75,75,75,75,75,75,75,75,75,75],"card_choices":[{"not_picked":["Panic Button","Turbo"],"picked":"Beam Cell","floor":1},{"not_picked":["hubris:PowerSurge","Cold Snap"],"picked":"Go for the Eyes","floor":3},{"not_picked":["Stack","Conserve Battery"],"picked":"Gash","floor":5},{"not_picked":["Cold Snap","Force Field"],"picked":"Thunder Strike","floor":6},{"not_picked":["Redo","Cold Snap","Rebound"],"picked":"SKIP","floor":11},{"not_picked":["ReplayTheSpireMod:System Scan","conspire:SharedLibrary"],"picked":"Tempest","floor":14}],"player_experience":237938,"relics_obtained":[{"floor":6,"key":"reliquary:JackalopeAntler"},{"floor":9,"key":"reliquary:Boomerang"},{"floor":11,"key":"Cables"},{"floor":14,"key":"Meat on the Bone"}],"event_choices":[{"damage_healed":0,"gold_gain":0,"player_choice":"Forge","damage_taken":0,"max_hp_gain":0,"max_hp_loss":0,"event_name":"Accursed Blacksmith","floor":4,"gold_loss":0,"cards_upgraded":["Zap"]},{"damage_healed":25,"gold_gain":0,"player_choice":"Banana","damage_taken":0,"max_hp_gain":0,"max_hp_loss":0,"event_name":"Big Fish","floor":12,"gold_loss":0},{"damage_healed":0,"gold_gain":0,"player_choice":"Bought 3 Potions","damage_taken":0,"max_hp_gain":0,"max_hp_loss":0,"event_name":"The Woman in Blue","floor":13,"gold_loss":0}],"is_beta":false,"boss_relics":[],"items_purged_floors":[],"is_endless":false,"potions_floor_spawned":[14],"killed_by":"The Guardian","ascension_level":3}}