{"host":"ynimr9ugvc6f046i","time":1614390015,"event":{"mods":["2.2 Compatiblity","BaseMod","Colored Map","DeckTracker","Highlight Path","Keyboard Shortcuts","Minty Spire (QoL Compilation)","Permanent Neow","Quick Restart","StSLib","SuperFastMode"],"gold_per_floor":[115,128,128,128,142,142,168,180,257,257,287,300,319,331,331,405,405,423,323,323],"floor_reached":19,"language":"KOR","playtime":322,"items_purged":[],"score":362,"play_id":"259338f5-7cb5-4c81-895c-97f70ca5801a","local_time":"20210227104015","is_ascension_mode":true,"campfire_choices":[{"data":"Apotheosis","floor":6.0,"key":"SMITH"},{"data":"Blood for Blood","floor":10.0,"key":"SMITH"},{"data":"Body Slam","floor":15.0,"key":"SMITH"}],"circlet_count":0,"master_deck":["AscendersBane","Strike_R","Strike_R","Strike_R","Strike_R","Strike_R","Defend_R","Defend_R","Defend_R","Defend_R","Bash","Apotheosis+1","Body Slam+1","Blood for Blood+1","Carnage","Second Wind","Barricade","Warcry+1"],"relics":["Burning Blood","Turnip","Toxic Egg 2","Regal Pillow","Fusion Hammer"],"acts_visited":["Exordium","TheCity"],"potions_floor_usage":[16,16],"damage_taken":[{"damage":16.0,"enemies":"Cultist","floor":1.0,"turns":5.0},{"damage":16.0,"enemies":"Jaw Worm","floor":2.0,"turns":4.0},{"damage":5.0,"enemies":"2 Louse","floor":5.0,"turns":4.0},{"damage":16.0,"enemies":"Lagavulin","floor":7.0,"turns":7.0},{"damage":12.0,"enemies":"Looter","floor":8.0,"turns":3.0},{"damage":8.0,"enemies":"Gremlin Nob","floor":11.0,"turns":3.0},{"damage":9.0,"enemies":"2 Fungi Beasts","floor":12.0,"turns":3.0},{"damage":10.0,"enemies":"Large Slime","floor":13.0,"turns":5.0},{"damage":16.0,"enemies":"Blue Slaver","floor":14.0,"turns":3.0},{"damage":8,"enemies":"Hexaghost","floor":16,"turns":7},{"damage":19,"enemies":"Shell Parasite","floor":18,"turns":3},{"damage":42,"enemies":"2 Thieves","floor":19,"turns":3}],"seed_played":"8829084905417908534","potions_obtained":[{"floor":1.0,"key":"AttackPotion"},{"floor":7.0,"key":"Energy Potion"},{"floor":12.0,"key":"CultistPotion"}],"is_trial":false,"path_per_floor":["M","M","?","?","M","R","E","M","T","R","E","M","M","M","R","B",null,"M","M"],"character_chosen":"IRONCLAD","items_purchased":[],"campfire_rested":0,"item_purchase_floors":[],"current_hp_per_floor":[58,48,48,48,49,49,39,33,33,33,31,28,24,14,14,12,54,41,0,0],"gold":323,"neow_bonus":"RANDOM_COLORLESS_2","is_daily":false,"chose_seed":false,"campfire_upgraded":3,"win_rate":0.0,"timestamp":1614390015,"path_taken":["M","M","?","?","M","R","E","M","T","R","E","M","?","M","R","BOSS","M","M"],"items_purchased_type":[],"build_version":"2020-12-22","purchased_purges":0,"victory":false,"max_hp_per_floor":[68,68,68,68,68,68,68,68,68,68,68,68,68,68,68,68,68,68,68,68],"card_choices":[{"not_picked":["Sadistic Nature","Violence"],"picked":"Apotheosis","floor":0.0},{"not_picked":["Havoc","Warcry"],"picked":"Body Slam","floor":1.0},{"not_picked":["Perfected Strike","Rupture"],"picked":"Blood for Blood","floor":2.0},{"not_picked":["Cleave","Iron Wave","Headbutt"],"picked":"SKIP","floor":5.0},{"not_picked":["Bloodletting","Sever Soul"],"picked":"Carnage","floor":7.0},{"not_picked":["Bloodletting","Anger"],"picked":"Second Wind","floor":8.0},{"not_picked":["Bloodletting+1","Armaments+1","Thunderclap"],"picked":"SKIP","floor":11.0},{"not_picked":["Uppercut","Metallicize","Anger"],"picked":"SKIP","floor":12.0},{"not_picked":["Infernal Blade+1","Clash","Blood for Blood"],"picked":"SKIP","floor":13.0},{"not_picked":["Twin Strike","Corruption","True Grit+1"],"picked":"SKIP","floor":14.0},{"not_picked":["Immolate","Demon Form"],"picked":"Barricade","floor":16},{"not_picked":["Anger","Wild Strike"],"picked":"Warcry+1","floor":18}],"player_experience":586001,"relics_obtained":[{"floor":7.0,"key":"Turnip"},{"floor":9.0,"key":"Toxic Egg 2"},{"floor":11.0,"key":"Regal Pillow"}],"event_choices":[{"damage_healed":0.0,"max_hp_gain":0.0,"max_hp_loss":0.0,"gold_gain":0.0,"event_name":"Liars Game","player_choice":"Ignored","floor":3.0,"gold_loss":0.0,"damage_taken":0.0},{"damage_healed":0.0,"max_hp_gain":0.0,"max_hp_loss":0.0,"gold_gain":0.0,"event_name":"Match and Keep!","player_choice":"0 cards matched","floor":4.0,"gold_loss":0.0,"damage_taken":0.0,"cards_obtained":[]}],"is_beta":false,"boss_relics":[{"not_picked":["Runic Cube","SlaversCollar"],"picked":"Fusion Hammer"}],"items_purged_floors":[],"is_endless":false,"potions_floor_spawned":[1,7,12,13,14],"killed_by":"2 Thieves","ascension_level":20}}