{"host":"wy4vwr4x0uqk666t","time":1614455572,"event":{"mods":["Aspiration","BaseMod","BetterRewards","Colored Map","Colored Powertips","Curses Come First","Defuse TimeMaze Blight","Downfall","Hubris","Infinite Spire","Lobotomy","Minty Spire (QoL Compilation)","Quick Restart","Replay The Spire","StSLib"],"gold_per_floor":[159,198,198,198,52,145,220,310,335,431,431,521,605,647,647,944,944,995,1040,980,980,1073,1166,1265,1355,1379,1463,1463,1568,1568,1652,1652,1949,2049,2094,2094,2094,2151,2178,2293,2293,2386,2386,2503,1913,2031,2150,2260,2260,2555,2555,2602,2602,2669,2669,2759,2852,2952,3055,3055,3157,3201,3309,2788,2788,2788,3078,3078,3121,3121,3121,3121,3172,3172],"floor_reached":73,"language":"ENG","playtime":18434,"items_purged":["Blade Dance"],"score":2120,"play_id":"85ef2551-963d-44e8-87b8-85b84dc55c68","local_time":"20210227205252","daily_mods":["Draft","Hoarder","Heirloom","Time Dilation","Flight","DeadlyEvents","Elite Swarm","Lethality","Midas"],"is_ascension_mode":false,"campfire_choices":[{"floor":11,"key":"REST"},{"floor":28,"key":"REST"},{"floor":30,"key":"REST"},{"floor":32,"key":"REST"},{"floor":49,"key":"REST"},{"data":"Blade Dance","floor":66,"key":"PURGE"}],"circlet_count":0,"master_deck":["Footwork","Footwork","Footwork","Cloak And Dagger","Cloak And Dagger","Cloak And Dagger","Deadly Poison","Deadly Poison","Deadly Poison","Crippling Poison","Crippling Poison","Crippling Poison","ReplayTheSpireMod:Scrap Shanks","ReplayTheSpireMod:Scrap Shanks","ReplayTheSpireMod:Scrap Shanks","Blade Dance+1","Blade Dance","Blade Dance","Blade Dance","Deadly Poison","Deadly Poison","Deadly Poison","Fluid Movement","Fluid Movement","Fluid Movement","Accuracy","Accuracy","Accuracy","ReplayTheSpireMod:The Works","ReplayTheSpireMod:The Works","Cloak And Dagger+1","Cloak And Dagger","Cloak And Dagger","Hidden Blade","Hidden Blade","Hidden Blade+1","Cloak And Dagger","Cloak And Dagger","Cloak And Dagger+1","Dagger Spray","Dagger Spray","Dagger Spray","Venomology","Venomology","Venomology","Envenom","Envenom","Envenom","Adrenaline","Adrenaline","Adrenaline","Phantasmal Killer","Phantasmal Killer","Phantasmal Killer","After Image","After Image","After Image","Wraith Form v2+1","Wraith Form v2","Wraith Form v2","Terror","Terror","Terror","Venomology","Fluid Movement+1","Fluid Movement+1","Fluid Movement+1","ReplayTheSpireMod:Black Plague","ReplayTheSpireMod:Black Plague","ReplayTheSpireMod:Black Plague","Bullet Time+1","Bullet Time","Bullet Time","hubris:DuctTapeCard","hubris:DuctTapeCard","hubris:DuctTapeCard","Night Terror","Night Terror","Night Terror","Bullet Time","Bullet Time+1","Malaise","Malaise+1","Malaise","PiercingWail+1","PiercingWail+1","PiercingWail+1","hubris:Fate","hubris:Fate","hubris:Fate","Burst","Burst","Burst","Wraith Form v2","Wraith Form v2","Wraith Form v2","A Thousand Cuts","A Thousand Cuts","A Thousand Cuts","Storm of Steel","Storm of Steel","Storm of Steel","Wraith Form v2","Wraith Form v2","Wraith Form v2","After Image","After Image","After Image","infinitespire:Fortify","infinitespire:Fortify","infinitespire:Fortify"],"relics":["Snecko Eye","Pocketwatch","Sling","hubris:ToyBattleship","Replay:Mystery Machine","Pet Ghost","Omamori","Meat on the Bone","infinitespire:CursedDice","StoneCalendar","Replay:Bottled Steam","Slimebound:StickyStick","hubris:DuctTape","Happy Flower","Bottled Flame","Tiny Chest","Replay:Bottled Flurry","Bird Faced Urn","Ginger","Replay:Wanted Poster","Replay:Bandana","aspiration:HiddenCompartment","HornCleat","Replay:WaspNest","Snake Skull","Byrd Skull","War Paint","Guide Book","aspiration:HummingbirdHeart","hubris:TinFlute","Replay:Towering Pillar of Hats","HoveringKite","bronze:DecasWashers","Replay:Accelerometer","Boot","infinitespire:CheckeredPen","Prayer Wheel","Garlic","Quantum Egg","hubris:CuriousFeather","hubris:Zylophone","Slimebound:PreparedRelic","ReplayTheSpireMod:Shallot","Membership Card","Replay:Ringing Soul","CaptainsWheel","hubris:Stopwatch","Ring of Fury","Ring of Misfortune","hubris:Icosahedron","Molten Egg 2"],"acts_visited":["Exordium","TheCity","TheBeyond","Exordium","TheCity"],"potions_floor_usage":[8,10,10,10,10,16,16,16,18,18,18,19,19,19,22,23,25,25,25,27,27,27,27,27,29,31,31,33,33,33,33,33,33,38,38,40,40,40,40,40,40,40,42,42,42,44,44,44,44,44,44,46,46,46,46,47,47,47,47,47,48,48,48,48,50,50,50,50,50,52,54,54,54,56,56,57,58,59,61,61,61,61,62,62,62,63,63,63,69],"damage_taken":[{"damage":11,"enemies":"2 Louse","floor":1,"turns":2},{"damage":6,"enemies":"Cultist","floor":2,"turns":3},{"damage":0,"enemies":"Gremlin Nob","floor":6,"turns":2},{"damage":15,"enemies":"Lagavulin","floor":7,"turns":3},{"damage":12,"enemies":"3 Sentries","floor":8,"turns":2},{"damage":11,"enemies":"Gremlin Nob","floor":10,"turns":3},{"damage":4,"enemies":"Lagavulin","floor":12,"turns":3},{"damage":0,"enemies":"3 Sentries","floor":13,"turns":2},{"damage":0,"enemies":"Small Slimes","floor":14,"turns":1},{"damage":0,"enemies":"Slime Boss","floor":16,"turns":5},{"damage":5,"enemies":"2 Thieves","floor":18,"turns":2},{"damage":0,"enemies":"Chosen","floor":19,"turns":3},{"damage":18,"enemies":"Book of Stabbing","floor":22,"turns":2},{"damage":0,"enemies":"Nightmare","floor":23,"turns":2},{"damage":0,"enemies":"Book of Stabbing","floor":24,"turns":2},{"damage":42,"enemies":"Slavers","floor":25,"turns":4},{"damage":17,"enemies":"Book of Stabbing","floor":27,"turns":2},{"damage":0,"enemies":"Replay:Snechameleon","floor":29,"turns":2},{"damage":0,"enemies":"Book of Stabbing","floor":31,"turns":4},{"damage":6,"enemies":"hubris:MusketHawk","floor":33,"turns":3},{"damage":1,"enemies":"3 Darklings","floor":35,"turns":2},{"damage":18,"enemies":"Orb Walker","floor":38,"turns":4},{"damage":1,"enemies":"Nemesis","floor":40,"turns":3},{"damage":1,"enemies":"Reptomancer","floor":42,"turns":2},{"damage":4,"enemies":"Nemesis","floor":44,"turns":5},{"damage":0,"enemies":"Giant Head","floor":46,"turns":6},{"damage":0,"enemies":"Reptomancer","floor":47,"turns":2},{"damage":0,"enemies":"Giant Head","floor":48,"turns":5},{"damage":12,"enemies":"infinitespire:MassOfShapes","floor":50,"turns":5},{"damage":0,"enemies":"Small Slimes","floor":52,"turns":3},{"damage":0,"enemies":"Gremlin Nob","floor":54,"turns":2},{"damage":0,"enemies":"Lagavulin","floor":56,"turns":2},{"damage":0,"enemies":"3 Sentries","floor":57,"turns":4},{"damage":0,"enemies":"Gremlin Nob","floor":58,"turns":2},{"damage":0,"enemies":"3 Sentries","floor":59,"turns":1},{"damage":0,"enemies":"Lagavulin","floor":61,"turns":2},{"damage":0,"enemies":"Nightmare","floor":62,"turns":4},{"damage":0,"enemies":"Gremlin Nob","floor":63,"turns":1},{"damage":0,"enemies":"The Guardian","floor":67,"turns":2},{"damage":0,"enemies":"Spheric Guardian","floor":69,"turns":1},{"damage":0,"enemies":"3 Byrds","floor":73,"turns":1}],"seed_played":"-6935924344302951085","potions_obtained":[{"floor":1,"key":"Cursed Concoction"},{"floor":2,"key":"Poison Potion"},{"floor":13,"key":"DistilledChaos"},{"floor":16,"key":"ColorlessPotion"},{"floor":18,"key":"AttackPotion"},{"floor":25,"key":"Slimebound:ThreeZeroPotion"},{"floor":29,"key":"Fire Potion"},{"floor":38,"key":"PowerPotion"},{"floor":40,"key":"SpeedPotion"},{"floor":46,"key":"sneckomod:MuddlingPotion"},{"floor":48,"key":"Adrenaline Potion"},{"floor":50,"key":"GamblersBrew"},{"floor":52,"key":"FairyPotion"},{"floor":56,"key":"hexamod:SoulburnPotion"},{"floor":59,"key":"Weak Potion"},{"floor":73,"key":"PowerPotion"}],"is_trial":true,"path_per_floor":["M","M","?","?","$","E","E","E","T","E","R","E","E","M","R_BF","B",null,"M","M","?","AVR","E","NM","E","E","T","E","R","E","R","E","R","B",null,"M","?","?","M","T","E","AVR","E","T","E","$","E","E","E","R","B",null,"M","?","E","T","E","E","E","E","T","E","NM","E","$","AVR","R_BF","B",null,"M","?","?","T","M"],"character_chosen":"THE_SILENT","items_purchased":["Sling","Byrd Skull","War Paint","Guide Book","ReplayTheSpireMod:Shallot","Membership Card","Replay:Ringing Soul"],"campfire_rested":5,"item_purchase_floors":[5,45,45,45,64,64,64],"current_hp_per_floor":[59,53,39,39,39,39,24,12,12,1,22,30,42,42,63,63,70,65,65,65,65,47,47,47,29,29,24,45,45,66,70,70,70,70,70,70,70,54,54,63,63,66,66,66,66,70,70,70,70,64,70,70,70,70,70,70,70,70,70,70,70,70,70,70,73,73,73,73,73,73,73,73,73,73],"gold":3172,"neow_bonus":"","is_daily":false,"chose_seed":false,"campfire_upgraded":0,"win_rate":0.0,"timestamp":1614455572,"path_taken":["M","M","?","?","$","E","E","E","T","E","R","?","E","?","R_BF","BOSS","M","M","?","AVR","?","NM","E","E","T","E","R","E","R","E","R","BOSS","M","?","?","?","?","E","AVR","?","T","E","$","E","E","E","R","BOSS","M","?","?","?","?","E","E","E","T","E","NM","E","$","AVR","R_BF","BOSS","M","?","?","?","?"],"items_purchased_type":["Relic","Relic","Relic","Relic","Relic","Relic","Relic"],"build_version":"2020-12-22","purchased_purges":1,"victory":false,"max_hp_per_floor":[70,70,70,70,70,70,70,70,70,70,70,70,70,70,70,70,70,70,70,70,70,70,70,70,70,70,70,70,70,70,70,70,70,70,70,70,70,70,70,70,70,70,70,70,70,70,70,70,70,70,70,70,70,70,70,70,70,70,70,70,70,70,70,70,73,73,73,73,73,73,73,73,73,73],"card_choices":[{"not_picked":["Prepared","Poisoned Stab"],"picked":"Footwork","floor":0},{"not_picked":["hubris:SlightOfHand","Predator"],"picked":"Cloak And Dagger","floor":0},{"not_picked":["Hidden Blade","Poisoned Stab"],"picked":"Deadly Poison","floor":0},{"not_picked":["Deadly Poison","Prepared"],"picked":"Crippling Poison","floor":0},{"not_picked":["Distraction","Acrobatics"],"picked":"ReplayTheSpireMod:Scrap Shanks","floor":0},{"not_picked":["PiercingWail","Acrobatics"],"picked":"Blade Dance","floor":0},{"not_picked":["Flying Knee","Underhanded Strike"],"picked":"Blade Dance","floor":0},{"not_picked":["Dagger Spray","Dagger Throw"],"picked":"Deadly Poison","floor":0},{"not_picked":["hubris:SlightOfHand","Dagger Throw"],"picked":"Fluid Movement","floor":0},{"not_picked":["Sucker Punch","Blade Dance"],"picked":"Accuracy","floor":0},{"not_picked":["Quick Slash","hubris:SlightOfHand"],"picked":"ReplayTheSpireMod:The Works","floor":0},{"not_picked":["Quick Slash","Prepared"],"picked":"Cloak And Dagger","floor":0},{"not_picked":["Riddle With Holes","Prepared"],"picked":"Hidden Blade","floor":0},{"not_picked":["Dash","Flying Knee"],"picked":"Cloak And Dagger","floor":0},{"not_picked":["Slice","Underhanded Strike"],"picked":"Dagger Spray","floor":0},{"not_picked":["Outmaneuver","Cloak And Dagger","Slice"],"picked":"SKIP","floor":1},{"not_picked":["hubris:SlightOfHand","Bane","Sucker Punch"],"picked":"SKIP","floor":2},{"not_picked":["Malaise","Burst"],"picked":"Venomology","floor":6},{"not_picked":["Night Terror","Die Die Die"],"picked":"Envenom","floor":7},{"not_picked":["Die Die Die","Corpse Explosion"],"picked":"Adrenaline","floor":8},{"not_picked":["Glass Knife","ReplayTheSpireMod:From All Sides"],"picked":"Phantasmal Killer","floor":10},{"not_picked":["Malaise","A Thousand Cuts"],"picked":"After Image","floor":12},{"not_picked":["Replay:Bag of Tricks","Grand Finale"],"picked":"Wraith Form v2","floor":13},{"not_picked":["hubris:SlightOfHand","Quick Slash"],"picked":"Terror","floor":14},{"not_picked":["Unload","Glass Knife"],"picked":"Venomology","floor":16},{"not_picked":["Blade Dance+1","Dagger Spray","Dodge and Roll+1"],"picked":"SKIP","floor":18},{"not_picked":["Dagger Throw","Dagger Spray"],"picked":"Fluid Movement+1","floor":19},{"not_picked":["Poison Darts","aspiration:Lunge"],"picked":"Bullet Time","floor":22},{"not_picked":["Atom Bomb","Phantasmal Killer"],"picked":"Night Terror","floor":23},{"not_picked":["Storm of Steel","Atom Bomb"],"picked":"Bullet Time","floor":24},{"not_picked":["Tools of the Trade","ReplayTheSpireMod:Necrosis"],"picked":"Malaise","floor":25},{"not_picked":["Corpse Explosion","Adrenaline","aspiration:Lunge"],"picked":"SKIP","floor":27},{"not_picked":["Corpse Explosion","Die Die Die","Poison Darts"],"picked":"SKIP","floor":29},{"not_picked":["Tools of the Trade","Replay:Bag of Tricks","ReplayTheSpireMod:From All Sides"],"picked":"SKIP","floor":31},{"not_picked":["ReplayTheSpireMod:Speed Training+1","Deflect","Endless Agony+1"],"picked":"SKIP","floor":35},{"not_picked":["Flying Knee+1","Deflect+1"],"picked":"PiercingWail+1","floor":38},{"not_picked":["Grand Finale","ReplayTheSpireMod:Necrosis","Glass Knife"],"picked":"SKIP","floor":40},{"not_picked":["Doppelganger","After Image"],"picked":"Burst","floor":42},{"not_picked":["ReplayTheSpireMod:From All Sides","Night Terror","Doppelganger"],"picked":"SKIP","floor":44},{"not_picked":["Tools of the Trade","Glass Knife","Phantasmal Killer"],"picked":"SKIP","floor":46},{"not_picked":["Glass Knife","Poison Darts"],"picked":"Wraith Form v2","floor":47},{"not_picked":["Phantasmal Killer","Atom Bomb","Bullet Time"],"picked":"SKIP","floor":48},{"not_picked":["Bullet Time","Burst"],"picked":"A Thousand Cuts","floor":50},{"not_picked":["hubris:Counter","Escape Plan","Slice"],"picked":"SKIP","floor":52},{"not_picked":["Corpse Explosion","Glass Knife","Night Terror"],"picked":"SKIP","floor":54},{"not_picked":["ReplayTheSpireMod:From All Sides","Unload"],"picked":"Storm of Steel","floor":56},{"not_picked":["Malaise","Corpse Explosion"],"picked":"Wraith Form v2","floor":57},{"not_picked":["Bullet Time","Glass Knife"],"picked":"After Image","floor":58},{"not_picked":["Atom Bomb","Malaise","Die Die Die"],"picked":"SKIP","floor":59},{"not_picked":["aspiration:Lunge","Corpse Explosion","Phantasmal Killer"],"picked":"SKIP","floor":61},{"not_picked":["ReplayTheSpireMod:From All Sides","Tools of the Trade","Bullet Time"],"picked":"SKIP","floor":62},{"not_picked":["Atom Bomb","Poison Darts","Night Terror"],"picked":"SKIP","floor":63},{"not_picked":["Dagger Throw","Fluid Movement+1","Flying Knee"],"picked":"SKIP","floor":69},{"not_picked":["Underhanded Strike","Blade Dance","Heel Hook+1"],"picked":"SKIP","floor":69},{"not_picked":["ReplayTheSpireMod:Exploit Weakness+1","Sucker Punch+1","Deadly Poison"],"picked":"SKIP","floor":73},{"not_picked":["Die Die Die+1","Deflect","Blade Dance"],"picked":"SKIP","floor":73}],"player_experience":3779102,"relics_obtained":[{"floor":6,"key":"hubris:ToyBattleship"},{"floor":7,"key":"Replay:Mystery Machine"},{"floor":8,"key":"Pet Ghost"},{"floor":9,"key":"Omamori"},{"floor":10,"key":"Meat on the Bone"},{"floor":12,"key":"infinitespire:CursedDice"},{"floor":13,"key":"StoneCalendar"},{"floor":22,"key":"Slimebound:StickyStick"},{"floor":23,"key":"hubris:DuctTape"},{"floor":24,"key":"Happy Flower"},{"floor":25,"key":"Bottled Flame"},{"floor":26,"key":"Tiny Chest"},{"floor":27,"key":"Replay:Bottled Flurry"},{"floor":29,"key":"Bird Faced Urn"},{"floor":31,"key":"Ginger"},{"floor":39,"key":"Replay:Bandana"},{"floor":40,"key":"aspiration:HiddenCompartment"},{"floor":42,"key":"HornCleat"},{"floor":43,"key":"Replay:WaspNest"},{"floor":44,"key":"Snake Skull"},{"floor":46,"key":"aspiration:HummingbirdHeart"},{"floor":47,"key":"hubris:TinFlute"},{"floor":48,"key":"Replay:Towering Pillar of Hats"},{"floor":54,"key":"bronze:DecasWashers"},{"floor":55,"key":"Replay:Accelerometer"},{"floor":56,"key":"Boot"},{"floor":57,"key":"infinitespire:CheckeredPen"},{"floor":58,"key":"Prayer Wheel"},{"floor":59,"key":"Garlic"},{"floor":60,"key":"Quantum Egg"},{"floor":61,"key":"hubris:CuriousFeather"},{"floor":62,"key":"hubris:Zylophone"},{"floor":63,"key":"Slimebound:PreparedRelic"},{"floor":70,"key":"Ring of Fury"},{"floor":70,"key":"Ring of Misfortune"},{"floor":72,"key":"Molten Egg 2"}],"event_choices":[{"damage_healed":0,"gold_gain":0,"player_choice":"Entered Light","damage_taken":14,"max_hp_gain":0,"max_hp_loss":0,"event_name":"Shining Light","floor":3,"gold_loss":0,"cards_upgraded":["Hidden Blade","Cloak And Dagger"]},{"damage_healed":0,"gold_gain":0,"player_choice":"Upgraded","damage_taken":0,"max_hp_gain":0,"max_hp_loss":0,"event_name":"Upgrade Shrine","floor":4,"gold_loss":0,"cards_upgraded":["Blade Dance"]},{"cards_removed":["ReplayTheSpireMod:The Works"],"damage_healed":0,"gold_gain":0,"player_choice":"Single Remove","damage_taken":0,"max_hp_gain":0,"max_hp_loss":0,"event_name":"Designer","floor":20,"gold_loss":60},{"damage_healed":0,"gold_gain":0,"player_choice":"Ignored","damage_taken":0,"max_hp_gain":0,"max_hp_loss":0,"event_name":"Mysterious Sphere","floor":37,"gold_loss":0},{"cards_removed":["Bullet Time"],"damage_healed":0,"gold_gain":0,"player_choice":"Card Removal","damage_taken":0,"max_hp_gain":0,"max_hp_loss":0,"event_name":"Wheel of Change","floor":53,"gold_loss":0}],"is_beta":false,"boss_relics":[{"not_picked":["Ectoplasm","Velvet Choker","Calling Bell"]},{"not_picked":["Replay:Grab Bag","Astrolabe"],"picked":"Replay:Wanted Poster"},{"not_picked":["Runic Pyramid","aspiration:PoetsPen_weak"],"picked":"HoveringKite"},{"not_picked":["Abe\u0027s Treasure","Honey Jar"],"picked":"hubris:Stopwatch"}],"items_purged_floors":[65],"is_endless":true,"potions_floor_spawned":[1,2,7,13,16,18,25,29,38,40,46,48,50,52,56,59,73],"killed_by":"3 Byrds","ascension_level":0}}