{"host":"g8a0qo0vjtg6u5wv","time":1614417626,"event":{"mods":["BaseMod","Colored Map","Custom Start","KOR Keyword Fix","Minty Spire (QoL Compilation)","StSLib","SuperFastMode"],"gold_per_floor":[116,126,142,17,92,92,123,138,216,216,216,230,250,250,250,324,324,336,91,107,107,107,107,107],"floor_reached":23,"language":"KOR","playtime":478,"items_purged":["Strike_R","Strike_R"],"score":325,"play_id":"3dc949a5-0328-4a79-a6f2-bb9ef4bb1e49","local_time":"20210227182026","is_ascension_mode":true,"campfire_choices":[{"data":"Armaments","floor":6,"key":"SMITH"},{"floor":10,"key":"REST"},{"data":"Spot Weakness","floor":15,"key":"SMITH"}],"circlet_count":0,"master_deck":["AscendersBane","Strike_R","Defend_R","Defend_R","Defend_R","Defend_R","Bash","Flame Barrier","Wild Strike","Armaments+1","Shrug It Off","Warcry","Rage","Wild Strike","Spot Weakness+1","Fiend Fire","Disarm","Limit Break","Sword Boomerang"],"relics":["Burning Blood","TungstenRod","Matryoshka","SacredBark"],"acts_visited":["Exordium","TheCity"],"potions_floor_usage":[20],"damage_taken":[{"damage":7,"enemies":"Small Slimes","floor":1,"turns":4},{"damage":9,"enemies":"Jaw Worm","floor":2,"turns":7},{"damage":0,"enemies":"Cultist","floor":3,"turns":3},{"damage":27,"enemies":"3 Sentries","floor":7,"turns":14},{"damage":5,"enemies":"Looter","floor":8,"turns":4},{"damage":0,"enemies":"2 Fungi Beasts","floor":12,"turns":5},{"damage":13,"enemies":"3 Louse","floor":13,"turns":3},{"damage":25,"enemies":"The Guardian","floor":16,"turns":13},{"damage":30,"enemies":"Chosen","floor":18,"turns":6},{"damage":0,"enemies":"Spheric Guardian","floor":20,"turns":1},{"damage":32,"enemies":"Book of Stabbing","floor":23,"turns":6}],"seed_played":"3988710302177422478","potions_obtained":[{"floor":1,"key":"LiquidBronze"},{"floor":7,"key":"Fire Potion"},{"floor":11,"key":"ElixirPotion"}],"is_trial":false,"path_per_floor":["M","M","M","$","?","R","E","M","T","R","?","M","M","?","R","B",null,"M","$","M","?","?","E"],"character_chosen":"IRONCLAD","items_purchased":["Shrug It Off","Limit Break"],"campfire_rested":1,"item_purchase_floors":[4,19],"current_hp_per_floor":[49,46,52,52,41,41,20,21,21,43,43,49,42,42,42,23,62,38,38,44,31,31,0,0],"gold":107,"neow_bonus":"REMOVE_TWO","is_daily":false,"chose_seed":false,"campfire_upgraded":2,"win_rate":0.0,"timestamp":1614417626,"path_taken":["M","M","M","$","?","R","E","M","T","R","?","M","?","?","R","BOSS","M","$","M","?","?","E"],"items_purchased_type":["Card","Card"],"build_version":"2020-12-22","purchased_purges":2,"victory":false,"max_hp_per_floor":[75,75,75,75,75,75,75,75,75,75,75,75,75,75,75,75,75,75,75,75,80,80,80,80],"card_choices":[{"not_picked":["Bloodletting","Feel No Pain"],"picked":"Flame Barrier","floor":1},{"not_picked":["Clothesline","Spot Weakness"],"picked":"Wild Strike","floor":2},{"not_picked":["Anger","Fire Breathing"],"picked":"Armaments","floor":3},{"not_picked":["Body Slam","Heavy Blade"],"picked":"Warcry","floor":7},{"not_picked":["Havoc","Burning Pact"],"picked":"Rage","floor":8},{"not_picked":["Rampage","Havoc"],"picked":"Wild Strike","floor":12},{"not_picked":["Dark Embrace","Twin Strike"],"picked":"Spot Weakness","floor":13},{"not_picked":["Impervious","Brutality"],"picked":"Fiend Fire","floor":16},{"not_picked":["Rupture","Clash"],"picked":"Disarm","floor":18},{"not_picked":["Armaments","Metallicize"],"picked":"Sword Boomerang","floor":20}],"player_experience":599443,"relics_obtained":[{"floor":7,"key":"TungstenRod"},{"floor":9,"key":"Matryoshka"}],"event_choices":[{"damage_healed":0,"gold_gain":75,"player_choice":"Gather Gold","damage_taken":11,"max_hp_gain":0,"max_hp_loss":0,"event_name":"World of Goop","floor":5,"gold_loss":0},{"damage_healed":0,"gold_gain":0,"player_choice":"Got Potions","damage_taken":0,"max_hp_gain":0,"max_hp_loss":0,"event_name":"Lab","floor":11,"gold_loss":0},{"damage_healed":0,"gold_gain":0,"player_choice":"Ignored","damage_taken":0,"max_hp_gain":0,"max_hp_loss":0,"event_name":"Liars Game","floor":14,"gold_loss":0},{"damage_healed":0,"gold_gain":0,"player_choice":"Shed Blood","damage_taken":19,"max_hp_gain":5,"max_hp_loss":0,"event_name":"Forgotten Altar","floor":21,"gold_loss":0},{"damage_healed":0,"gold_gain":0,"player_choice":"Ignored","damage_taken":0,"max_hp_gain":0,"max_hp_loss":0,"event_name":"Vampires","floor":22,"gold_loss":0}],"is_beta":false,"boss_relics":[{"not_picked":["Black Star","Runic Dome"],"picked":"SacredBark"}],"items_purged_floors":[4,19],"is_endless":false,"potions_floor_spawned":[1,7],"killed_by":"Book of Stabbing","ascension_level":14}}