{"host":"gzz35fplm60aw28t","time":1614430266,"event":{"mods":["AchievementEnabler","BaseMod","ChefMod","Colored Powertips","Dark Map","DeckTracker","Minty Spire (QoL Compilation)","StSLib","SuperFastMode"],"gold_per_floor":[111,130,201,215,215,242,254,299,311,323,350,377,409,421,433,575,587,619,631,643,673,702,714,758,770,782,794,806,806],"floor_reached":28,"language":"ENG","playtime":2612,"items_purged":[],"score":248,"play_id":"f021610e-2b5c-4b94-b12a-a5ca1588d6f7","local_time":"20210227135106","is_ascension_mode":false,"campfire_choices":[{"data":"chefmod:TodaysSpecial","floor":7.0,"key":"SMITH"},{"floor":10.0,"key":"REST"},{"data":"chefmod:Flambe","floor":15.0,"key":"SMITH"},{"data":"chefmod:HotSoup","floor":23.0,"key":"SMITH"},{"data":"chefmod:OldCookbook","floor":25.0,"key":"SMITH"},{"data":"chefmod:SliceAndDice","floor":27.0,"key":"SMITH"}],"circlet_count":0,"master_deck":["chefmod:Strike","chefmod:Strike","chefmod:Strike","chefmod:Strike","chefmod:QuickThaw","chefmod:Defend","chefmod:Defend","chefmod:Defend","chefmod:Defend","chefmod:TodaysSpecial+1","chefmod:DoubleChop","chefmod:Flambe+1","chefmod:FireUp","chefmod:SliceAndDice+1","chefmod:CuttingBoard+1","chefmod:Fillet","Injury","chefmod:BananaSplit+1","chefmod:AlooGobi","Writhe","chefmod:HotSoup+1","chefmod:FreezeSolid+1","chefmod:OldCookbook+1"],"relics":["chefmod:TrustyPot","NeowsBlessing","Frozen Egg 2","MawBank","Strawberry","Mummified Hand","Bloody Idol","Snecko Eye","Potion Belt","Meat on the Bone","Bottled Lightning"],"acts_visited":["Exordium","TheCity"],"potions_floor_usage":[28,28],"damage_taken":[{"damage":0.0,"enemies":"Cultist","floor":1.0,"turns":1.0},{"damage":0.0,"enemies":"2 Louse","floor":2.0,"turns":1.0},{"damage":0.0,"enemies":"Small Slimes","floor":4.0,"turns":2.0},{"damage":43.0,"enemies":"3 Sentries","floor":6.0,"turns":11.0},{"damage":5.0,"enemies":"Lagavulin","floor":8.0,"turns":6.0},{"damage":0.0,"enemies":"Exordium Thugs","floor":11.0,"turns":4.0},{"damage":0.0,"enemies":"Looter","floor":12.0,"turns":3.0},{"damage":0.0,"enemies":"Exordium Wildlife","floor":13.0,"turns":4.0},{"damage":26.0,"enemies":"Slime Boss","floor":16.0,"turns":10.0},{"damage":33.0,"enemies":"2 Thieves","floor":18.0,"turns":5.0},{"damage":28.0,"enemies":"Shell Parasite","floor":21.0,"turns":7.0},{"damage":24.0,"enemies":"Shelled Parasite and Fungi","floor":22.0,"turns":10.0},{"damage":23.0,"enemies":"Slavers","floor":24.0,"turns":7.0},{"damage":36,"enemies":"Sentry and Sphere","floor":28,"turns":7}],"seed_played":"-7659291686712321915","potions_obtained":[{"floor":2.0,"key":"Energy Potion"},{"floor":6.0,"key":"Block Potion"},{"floor":8.0,"key":"DuplicationPotion"},{"floor":12.0,"key":"Swift Potion"},{"floor":18.0,"key":"Strength Potion"},{"floor":24.0,"key":"LiquidMemories"}],"is_trial":false,"path_per_floor":["M","M","?","M","?","E","R","E","T","R","M","M","M","?","R","B",null,"M","?","?","M","M","R","E","R","T","R","M"],"character_chosen":"THE_CHEF","items_purchased":[],"campfire_rested":1,"item_purchase_floors":[],"current_hp_per_floor":[76,76,76,76,51,8,8,10,10,34,34,34,34,34,34,8,83,50,50,50,32,18,23,10,15,20,25,0,0],"gold":806,"neow_bonus":"THREE_ENEMY_KILL","is_daily":false,"chose_seed":false,"campfire_upgraded":5,"win_rate":0.0,"timestamp":1614430266,"path_taken":["M","?","?","M","?","E","R","E","T","R","M","M","M","?","R","BOSS","M","?","?","M","?","R","E","R","T","R","M"],"items_purchased_type":[],"build_version":"2020-12-22","purchased_purges":0,"victory":false,"max_hp_per_floor":[76,76,76,76,76,76,76,83,83,83,83,83,83,83,83,83,83,83,83,83,83,83,83,83,83,83,83,83,83],"card_choices":[{"not_picked":["chefmod:FireUp","chefmod:Sorbet"],"picked":"chefmod:DoubleChop","floor":1.0},{"not_picked":["chefmod:IcePick","chefmod:DinoKale"],"picked":"chefmod:Flambe","floor":2.0},{"not_picked":["chefmod:IcePick","chefmod:AllYouCanEat"],"picked":"chefmod:FireUp","floor":4.0},{"not_picked":["chefmod:ZaruSoba","chefmod:LiquidNitrogen","chefmod:FryPan"],"picked":"SKIP","floor":6.0},{"not_picked":["chefmod:BaoBuns","chefmod:FireUp","chefmod:NoSoupForYou"],"picked":"SKIP","floor":8.0},{"not_picked":["chefmod:BleedOut","chefmod:IcePick"],"picked":"chefmod:SliceAndDice","floor":11.0},{"not_picked":["chefmod:IcePick","chefmod:Flambe"],"picked":"chefmod:CuttingBoard+1","floor":12.0},{"not_picked":["chefmod:FryPan","chefmod:SliceAndDice"],"picked":"chefmod:Fillet","floor":13.0},{"not_picked":["chefmod:TwoForOne","chefmod:OrderUp+1"],"picked":"chefmod:BananaSplit+1","floor":16.0},{"not_picked":["chefmod:IcePick","chefmod:Julienne"],"picked":"chefmod:AlooGobi","floor":18.0},{"not_picked":["chefmod:PotatoGratin","chefmod:CleanHouse"],"picked":"chefmod:HotSoup","floor":21.0},{"not_picked":["chefmod:Defrost+1","chefmod:HotSoup"],"picked":"chefmod:FreezeSolid+1","floor":22.0},{"not_picked":["chefmod:SliceAndDice","chefmod:IcePick+1"],"picked":"chefmod:OldCookbook","floor":24.0}],"player_experience":90761,"relics_obtained":[{"floor":6.0,"key":"MawBank"},{"floor":8.0,"key":"Strawberry"},{"floor":9.0,"key":"Mummified Hand"},{"floor":24.0,"key":"Meat on the Bone"},{"floor":26.0,"key":"Bottled Lightning"}],"event_choices":[{"damage_healed":0.0,"max_hp_gain":0.0,"max_hp_loss":0.0,"gold_gain":71.0,"event_name":"Golden Wing","player_choice":"Gained Gold","floor":3.0,"gold_loss":0.0,"damage_taken":0.0},{"damage_healed":0.0,"max_hp_gain":0.0,"max_hp_loss":0.0,"gold_gain":0.0,"event_name":"Scrap Ooze","player_choice":"Success","floor":5.0,"gold_loss":0.0,"damage_taken":25.0,"relics_obtained":["Frozen Egg 2"]},{"damage_healed":0.0,"max_hp_gain":0.0,"max_hp_loss":0.0,"gold_gain":0.0,"event_name":"Golden Idol","player_choice":"Take Wound","floor":14.0,"gold_loss":0.0,"damage_taken":0.0,"relics_obtained":["Golden Idol"],"cards_obtained":["Injury"]},{"damage_healed":0.0,"max_hp_gain":0.0,"max_hp_loss":0.0,"gold_gain":0.0,"event_name":"The Mausoleum","player_choice":"Opened","floor":19.0,"gold_loss":0.0,"damage_taken":0.0,"relics_obtained":["Potion Belt"],"cards_obtained":["Writhe"]},{"damage_healed":0.0,"max_hp_gain":0.0,"max_hp_loss":0.0,"gold_gain":0.0,"event_name":"Forgotten Altar","player_choice":"Gave Idol","floor":20.0,"relics_lost":["Golden Idol"],"gold_loss":0.0,"damage_taken":0.0,"relics_obtained":["Bloody Idol"]}],"is_beta":false,"boss_relics":[{"not_picked":["Ectoplasm","Runic Pyramid"],"picked":"Snecko Eye"}],"items_purged_floors":[],"is_endless":false,"potions_floor_spawned":[2,6,8,12,18,24],"killed_by":"Sentry and Sphere","ascension_level":0}}