{"host":"onfdonezo2qmaex3","time":1614456498,"event":{"mods":["2.2 Compatiblity","AchievementEnabler","Act Like it!","Aspiration","BaseMod","Colored Powertips","Downfall","Elementarium","Friendly Minions","Gensokyo","Hallownest","Hermit","Highlight Path","Jorbs\u0027s Wanderer Trilogy","Marisa????????","Marked Mod","Menagerie","Minty Spire (QoL Compilation)","Pale of the Ancients","Quick Restart","Reliquary","Ruina","Shop Mod","StSLib","The Bug Knight","The Disciple","The Forsaken","The Hayseed","The Hierophant","The Marked","The Runesmith"],"gold_per_floor":[116,116,41,59,59,87,87,87,87],"floor_reached":8,"language":"ENG","playtime":252,"items_purged":["Strike_R"],"score":82,"play_id":"91da5ce1-6158-40e9-9071-dfb1c47bace5","local_time":"20210227210818","is_ascension_mode":true,"campfire_choices":[{"data":"Menagerie:BeastSpirit","floor":7,"key":"SMITH"}],"circlet_count":0,"master_deck":["Strike_R","Strike_R","Strike_R","Defend_R","Defend_R","Defend_R","Defend_R","Bash","Metallicize","Menagerie:BeastSpirit+1"],"relics":["Burning Blood","NeowsBlessing","reliquary:JackalopeAntler"],"acts_visited":["Menagerie:Menagerie"],"potions_floor_usage":[8],"damage_taken":[{"damage":0,"enemies":"Menagerie:MonstrousExperiment","floor":1,"turns":1},{"damage":0,"enemies":"Menagerie:StygianBoar","floor":4,"turns":1},{"damage":0,"enemies":"Menagerie:VoidReaper","floor":6,"turns":1},{"damage":65,"enemies":"Menagerie:MaskedSummoner","floor":8,"turns":13}],"seed_played":"6583427413975928754","potions_obtained":[{"floor":1,"key":"ElixirPotion"}],"is_trial":false,"path_per_floor":["M","?","$","M","?","E","R","E"],"character_chosen":"IRONCLAD","items_purchased":[],"campfire_rested":0,"item_purchase_floors":[],"current_hp_per_floor":[80,80,80,80,77,77,77,12,12],"gold":87,"neow_bonus":"THREE_ENEMY_KILL","is_daily":false,"chose_seed":false,"campfire_upgraded":1,"win_rate":0.0,"timestamp":1614456498,"path_taken":["M","?","$","M","?","E","R","E"],"items_purchased_type":[],"build_version":"2020-12-22","purchased_purges":1,"victory":false,"max_hp_per_floor":[80,80,80,80,77,77,77,77,77],"card_choices":[{"not_picked":["Reckless Charge","Pommel Strike"],"picked":"Metallicize","floor":1},{"not_picked":["Havoc","Bloodletting","Sentinel"],"picked":"SKIP","floor":4},{"not_picked":["Clothesline","Cleave","Corruption"],"picked":"SKIP","floor":6}],"player_experience":259400,"relics_obtained":[{"floor":6,"key":"reliquary:JackalopeAntler"}],"event_choices":[{"cards_removed":["Strike_R"],"damage_healed":0,"gold_gain":0,"player_choice":"Snake","damage_taken":0,"max_hp_gain":0,"max_hp_loss":0,"event_name":"Menagerie:ThreeAnimals","floor":2,"gold_loss":0},{"damage_healed":0,"gold_gain":0,"player_choice":"Knelt","damage_taken":0,"max_hp_gain":0,"max_hp_loss":3,"event_name":"Menagerie:BeastSpiritShrine","floor":5,"gold_loss":0,"cards_obtained":["Menagerie:BeastSpirit"]}],"is_beta":false,"boss_relics":[],"items_purged_floors":[3],"is_endless":false,"potions_floor_spawned":[1],"killed_by":"Menagerie:MaskedSummoner","ascension_level":1}}