{"host":"yvapux1qyejt934z","time":1614442764,"event":{"mods":["Aspiration","BaseMod","Bestiary","Better Third Choice","Downfall","Energized Spire","Evolution","GifTheSpireLib","Jorbs\u0027s Wanderer Trilogy","Koishi","Minty Spire (QoL Compilation)","Relic Stats","Reliquary","Remilia??????","Replay The Spire","Shade Mod","StSLib","Stuff the Spire","The Blue Laboratory","The Cursed","The Disciple","The Hierophant","The Marked","The Necromancer","The Servant 0.9.4"],"gold_per_floor":[114,289,311,323,323,323,355,355,355,355,355,33,65,106,142,202,202,302,302,332,332,322,322,66,66,115,115,138,130,130],"floor_reached":29,"language":"ENG","playtime":1740,"items_purged":[],"score":316,"play_id":"3a22d914-0ae2-4373-a020-47e6637f5acc","local_time":"20210227111924","is_ascension_mode":false,"campfire_choices":[{"data":"hierophant:HammerAndAnvil","floor":6,"key":"SMITH"},{"data":"hierophant:RustyCrate","floor":8,"key":"SMITH"},{"data":"hierophant:Doubloon","floor":17,"key":"SMITH"},{"data":"hierophant:Exaltation","floor":25,"key":"SMITH"},{"data":"hierophant:TollTheBells","floor":27,"key":"SMITH"}],"circlet_count":0,"master_deck":["hierophant:Strike_Hierophant","hierophant:Strike_Hierophant","hierophant:Strike_Hierophant","hierophant:Strike_Hierophant","hierophant:Punish","hierophant:Defend_Hierophant","hierophant:Defend_Hierophant","hierophant:Defend_Hierophant","hierophant:Defend_Hierophant","hierophant:ChurchCoffers","hierophant:HammerAndAnvil+1","Doubt","hierophant:Smite","hierophant:DisplayOfPower","hierophant:RustyCrate+1","hierophant:Doubloon+1","hierophant:Doubloon","hierophant:Charity","hierophant:Doubloon","hierophant:TollTheBells+1","hierophant:DivineIntervention","hierophant:FieryStrike","hierophant:ThreeLashes","hierophant:Smite","hierophant:MirrorShield","hierophant:Upheaval","hierophant:Anathema","hierophant:AuricBeam+1","hierophant:Doubloon","hierophant:RecallFunds+1","Shame","hierophant:Exaltation+1","hierophant:Generosity","hierophant:Doubloon","Replay:BasicMightCard","hierophant:Doubloon","hierophant:Refuge+1"],"relics":["hierophant:PropheticMaskRelic","EVO:Axolotl","NeowsBlessing","reliquary:PrincelyHelmet","Replay:Rubber Ducky","Black Star","Lizard Tail","Pocketwatch","Chameleon Ring","Gremlin Food"],"acts_visited":["Exordium","TheCity"],"potions_floor_usage":[14,18,18,18,22,26,26,29],"damage_taken":[{"damage":0,"enemies":"2 Louse","floor":1,"turns":1},{"damage":0,"enemies":"Small Slimes","floor":4,"turns":1},{"damage":0,"enemies":"Gremlin Nob","floor":7,"turns":1},{"damage":0,"enemies":"Cultist","floor":13,"turns":2},{"damage":0,"enemies":"3 Louse","floor":14,"turns":2},{"damage":0,"enemies":"Gremlin Gang","floor":15,"turns":2},{"damage":12,"enemies":"Blue Slaver","floor":16,"turns":2},{"damage":43,"enemies":"Hexaghost","floor":18,"turns":6},{"damage":25,"enemies":"Shell Parasite","floor":20,"turns":5},{"damage":17,"enemies":"3 Byrds","floor":22,"turns":5},{"damage":50,"enemies":"Gremlin Leader","floor":26,"turns":5},{"damage":29,"enemies":"Slavers","floor":29,"turns":2}],"seed_played":"-8715696339671218598","potions_obtained":[{"floor":3,"key":"blueLaboratory:AbyssPotion"},{"floor":3,"key":"Venom Potion"},{"floor":3,"key":"blueLaboratory:BubblePotion"},{"floor":13,"key":"blueLaboratory:EnragingPotion"},{"floor":14,"key":"bronze:BurnAndBuffPotion"},{"floor":15,"key":"Adrenaline Potion"},{"floor":21,"key":"Languid Potion"},{"floor":21,"key":"DistilledChaos"},{"floor":21,"key":"blueLaboratory:HummingbirdPotion"},{"floor":26,"key":"ColorlessPotion"}],"is_trial":false,"path_per_floor":["M","?","?","M","?","R","E","R","T","PTL","PTL","$","M","M","M","M","R","B",null,"M","?","M","?","$","R","E","R","T","E"],"character_chosen":"HIEROPHANT","items_purchased":["hierophant:Charity","hierophant:TollTheBells","hierophant:DivineIntervention","hierophant:FieryStrike","hierophant:Exaltation","hierophant:Generosity","Replay:BasicMightCard"],"campfire_rested":0,"item_purchase_floors":[12,12,12,12,24,24,24],"current_hp_per_floor":[75,75,45,45,75,75,75,75,75,75,75,75,75,75,75,63,63,20,75,50,50,33,33,33,33,28,28,28,0,0],"gold":130,"neow_bonus":"THREE_ENEMY_KILL","is_daily":false,"chose_seed":false,"campfire_upgraded":5,"win_rate":0.0,"timestamp":1614442764,"path_taken":["M","?","?","M","?","R","E","R","T","PTL","PTL","$","?","M","M","M","R","BOSS","M","?","?","?","$","R","E","R","T","E"],"items_purchased_type":["Card","Card","Card","Card","Card","Card","Card"],"build_version":"2020-12-22","purchased_purges":0,"victory":false,"max_hp_per_floor":[75,75,75,75,75,75,75,75,75,75,75,75,75,75,75,75,75,75,75,75,75,75,75,75,75,75,75,75,75,75],"relic_stats":{"Lizard Tail":37,"counters":[12,34],"Black Star":1,"obtain_stats":[{"Gremlin Food":28,"Lizard Tail":23,"Chameleon Ring":26,"NeowsBlessing":0,"reliquary:PrincelyHelmet":7,"hierophant:PropheticMaskRelic":0,"Black Star":19,"EVO:Axolotl":0,"Replay:Rubber Ducky":9,"Pocketwatch":26},{"Gremlin Food":11,"Lizard Tail":10,"Chameleon Ring":11,"NeowsBlessing":0,"reliquary:PrincelyHelmet":3,"hierophant:PropheticMaskRelic":0,"Black Star":8,"EVO:Axolotl":0,"Replay:Rubber Ducky":3,"Pocketwatch":11},{"Gremlin Food":32,"Lizard Tail":27,"Chameleon Ring":32,"NeowsBlessing":0,"reliquary:PrincelyHelmet":3,"hierophant:PropheticMaskRelic":0,"Black Star":17,"EVO:Axolotl":0,"Replay:Rubber Ducky":3,"Pocketwatch":32}],"Pocketwatch":[3]},"card_choices":[{"not_picked":["hierophant:Sermon","hierophant:RepressedViolence"],"picked":"hierophant:HammerAndAnvil","floor":1},{"not_picked":["hierophant:HolyVerse","hierophant:SealAway"],"picked":"hierophant:Smite","floor":3},{"not_picked":["hierophant:OrnateBuckler","hierophant:FaithHealing"],"picked":"hierophant:DisplayOfPower","floor":4},{"not_picked":["hierophant:CursedGold","hierophant:Bribe"],"picked":"hierophant:RustyCrate","floor":7},{"not_picked":["hierophant:SolarFlare","hierophant:HammerAndAnvil"],"picked":"hierophant:ThreeLashes","floor":13},{"not_picked":["hierophant:Racketeering","hierophant:CoinFling"],"picked":"hierophant:Smite","floor":14},{"not_picked":["hierophant:Remorse","hierophant:PristineSoul"],"picked":"hierophant:MirrorShield","floor":15},{"not_picked":["hierophant:FieryStrike","hierophant:SolarFlare"],"picked":"hierophant:Upheaval","floor":16},{"not_picked":["hierophant:DivineIntervention","hierophant:Generosity"],"picked":"hierophant:Anathema","floor":18},{"not_picked":["hierophant:Embezzle","hierophant:HammerAndAnvil"],"picked":"hierophant:AuricBeam+1","floor":20},{"not_picked":["hierophant:Mercenaries","hierophant:CoinFling+1"],"picked":"hierophant:RecallFunds+1","floor":22},{"not_picked":["hierophant:Remorse","hierophant:DisplayOfPower"],"picked":"hierophant:Refuge+1","floor":26}],"player_experience":53282,"relics_obtained":[{"floor":7,"key":"reliquary:PrincelyHelmet"},{"floor":9,"key":"Replay:Rubber Ducky"},{"floor":26,"key":"Pocketwatch"},{"floor":26,"key":"Chameleon Ring"},{"floor":28,"key":"Gremlin Food"}],"event_choices":[{"damage_healed":0,"gold_gain":175,"player_choice":"AGREE","damage_taken":114,"max_hp_gain":0,"max_hp_loss":0,"event_name":"betterThird:BetterSerpent","floor":2,"gold_loss":0},{"damage_healed":30,"gold_gain":0,"player_choice":"Full Heal","damage_taken":0,"max_hp_gain":0,"max_hp_loss":0,"event_name":"Wheel of Change","floor":5,"gold_loss":0},{"damage_healed":0,"gold_gain":0,"player_choice":"Got Potions","damage_taken":0,"max_hp_gain":0,"max_hp_loss":0,"event_name":"Lab","floor":21,"gold_loss":0},{"damage_healed":0,"gold_gain":0,"player_choice":"Stole Relic","damage_taken":0,"relics_obtained":["Lizard Tail"],"max_hp_gain":0,"max_hp_loss":0,"event_name":"Addict","floor":23,"gold_loss":0,"cards_obtained":["Shame"]}],"is_beta":false,"boss_relics":[{"not_picked":["aspiration:PoetsPen_weak","reliquary:Craggleroot"],"picked":"Black Star"}],"items_purged_floors":[],"is_endless":false,"potions_floor_spawned":[7,13,14,15,16,26],"killed_by":"Slavers","ascension_level":0}}