{"host":"t6r1isv2bex5ovch","time":1614389440,"event":{"mods":["AchievementEnabler","Act Like it!","Aspiration","BaseMod","Better Altar","Better Match","Better Note","Better Sensory Stone","Better Skull","Better Third Choice","Better Vampires","Bossed Relics","Colored Powertips","Displayed Cursed Tome","Fox Events","Gremlin Skip","Halation","Hallownest","Highlight Path","Hubris","Infinite Spire","Minty Spire (QoL Compilation)","Reliquary","Ruina","Spire Arcade","StSLib","The Bug Knight"],"gold_per_floor":[117,130,145,70,81,109,109,111,136,174,193,193,93,111,111,239,239,254,260,135,145,98,125,125,162,214,226,226,261,111,129,129,242,242,242,242,242,255,419,452,472,489,534,561,561,597,422,436,436,571,571,577,577,577,577,577,599,599,618,641,641,649,645,645,665,665,747,747,742,238,243,243,243,243,243,264,336,388,406,406,421,454,454,535,535,539,555,554,559,271,271,283,283,283,283,283,291,311,311,311,391,391,397,407,259,269,269,265,275,348,348,354,364,379,456,467,467,544,544,544,548,548,571,583,598,610,622,660,672,684,720,732,764,776,861,873,888,900,912,929,1012,1024,1043,1046,1058,1070,1093,1105,1124,1148,1160,1120,1132,1144,1130,1147,1284],"floor_reached":158,"language":"ENG","playtime":11784,"items_purged":["HollowMod:QuickDashStart","hubris:InfiniteBlow+218569","HollowMod:NailStrikeStart","HollowMod:QuickDashStart","HollowMod:QuickDashStart","HollowMod:NailStrikeStart","HollowMod:NailStrikeStart+1","HollowMod:FocusHealStart","Clumsy","infinitespire:TheBestDefense+1"],"score":6538,"play_id":"86ae28ef-e775-4c11-8a13-0bc285d153e5","local_time":"20210227123040","is_ascension_mode":true,"campfire_choices":[{"data":"hubris:InfiniteBlow+218568","floor":7.0,"key":"SMITH"},{"data":"infinitespire:TheBestDefense","floor":15.0,"key":"SMITH"},{"data":"HollowMod:CycloneSlash","floor":28,"key":"SMITH"},{"data":"HollowMod:RecoilStrike","floor":32,"key":"SMITH"},{"data":"infinitespire:TheBestDefense","floor":49,"key":"SMITH"},{"data":"HollowMod:DashSlash","floor":58,"key":"SMITH"},{"floor":74,"key":"RECALL"},{"floor":83,"key":"REST"},{"floor":91,"key":"REST"},{"floor":95,"key":"REST"},{"floor":100,"key":"REST"},{"floor":117,"key":"REST"},{"floor":126,"key":"REST"},{"floor":130,"key":"REST"},{"floor":132,"key":"REST"},{"floor":134,"key":"REST"},{"floor":148,"key":"REST"},{"floor":151,"key":"REST"},{"floor":154,"key":"REST"}],"circlet_count":1,"master_deck":["HollowMod:PogoStrike+1","infinitespire:TheBestDefense+1","HollowMod:RecoilStrike+1","HollowMod:DashSlash+1","HollowMod:CycloneSlash+1"],"relics":["HollowMod:KingsSoulRelic","infinitespire:Midas Blood","betterAltar:BloodRelic","Hallownest:DreamNailRelic","hubris:Stopwatch","PreservedInsect","HollowMod:KingsBrand","Singing Bowl","hubris:TenFootPole","Anchor","reliquary:TatteredRug","Busted Crown","halation:LettersToHer","halation:PinkSoulGem","Hallownest:GodTamersBeastRelic","reliquary:ExpiredCoupon","Potion Belt","infinitespire:Golems Mask","halation:EternalFortune","HollowMod:StagPassRelic","Happy Flower","Bag of Marbles","reliquary:Stiletto","infinitespire:Lucky Rock","halation:PromiseList","aspiration:ArtOfWarUpgrade","hubris:Icosahedron","Circlet","Tiny Chest","White Beast Statue","hubris:Backtick","Unceasing Top","FossilizedHelix","infinitespire:Eraser","halation:Diary","Strawberry","infinitespire:FocusingShard","infinitespire:Satchel","Pen Nib","Hallownest:WatcherSealRelic","reliquary:TuningFork","hubris:ScarierMask","HollowMod:MillibellesNoteRelic","Dream Catcher","hubris:ToyBattleship","reliquary:PartyBalloon","Smiling Mask","reliquary:Boomerang","Orichalcum","HollowMod:MantisClawRelic","reliquary:JackalopeAntler","Question Card","Kunai","halation:LostSnail","hubris:Metronome","Astrolabe","HollowMod:JonisBlessing","Cauldron","hubris:TinFlute","Incense Burner","Juzu Bracelet","Bloody Idol","MawBank","hubris:Towel","infinitespire:CheckeredPen","halation:IllGainedPizza","Lantern","halation:QuantumPhysicsTextbook","aspiration:HatOfInfinitePower","Pocketwatch","hubris:SphereOfDissonance","Whetstone","HollowMod:IsmasTear","Letter Opener","Vajra","infinitespire:PuzzleCube","aspiration:ChemicalBlood","Oddly Smooth Stone","Gremlin Horn","HollowMod:LifeEnderRelic"],"acts_visited":[],"potions_floor_usage":[25,33,35,39,67,67,152,157,157,157,157,157,157,157,157,157,157,157,157],"damage_taken":[{"damage":5.0,"enemies":"Hallownest:2_Baldur","floor":1.0,"turns":6.0},{"damage":0.0,"enemies":"Hallownest:monsterHuskWarrior","floor":2.0,"turns":6.0},{"damage":2.0,"enemies":"2_ Uuma","floor":3.0,"turns":5.0},{"damage":7.0,"enemies":"Hallownest:1_Baldur_1_Crawlid_1_Warrior","floor":5.0,"turns":6.0},{"damage":31.0,"enemies":"Hallownest:eliteMossKnight","floor":6.0,"turns":15.0},{"damage":15.0,"enemies":"Hallownest:2_Tiktiks_1_Baldur_1_Crawlid","floor":10.0,"turns":11.0},{"damage":7.0,"enemies":"Hallownest:monsterFoolEater","floor":11.0,"turns":5.0},{"damage":0.0,"enemies":"Hallownest:Wandering_and_Horned","floor":14.0,"turns":9.0},{"damage":37.0,"enemies":"Hallownest:BossHornet","floor":16.0,"turns":26.0},{"damage":0.0,"enemies":"Hallownest:3_Youths","floor":18.0,"turns":13.0},{"damage":0.0,"enemies":"Hallownest:Guard_and_Sentry","floor":21.0,"turns":8.0},{"damage":10.0,"enemies":"Hallownest:eliteSoulWarrior","floor":23.0,"turns":9.0},{"damage":12,"enemies":"Hallownest:Nosk","floor":25,"turns":11},{"damage":0,"enemies":"Hallownest:Warrior_and_Youth","floor":27,"turns":4},{"damage":25,"enemies":"Hallownest:eliteSoulWarrior","floor":29,"turns":7},{"damage":20,"enemies":"Hallownest:2_Flukemon","floor":31,"turns":6},{"damage":46,"enemies":"Hallownest:BossSoulMaster","floor":33,"turns":16},{"damage":0,"enemies":"Hallownest:3_Siblings","floor":35,"turns":1},{"damage":0,"enemies":"Hallownest:Shield_Heavy","floor":38,"turns":5},{"damage":0,"enemies":"Hallownest:Shield_Heavy","floor":39,"turns":5},{"damage":0,"enemies":"Hallownest:Shield_Heavy","floor":39,"turns":6},{"damage":2,"enemies":"Hallownest:Shield_Heavy","floor":39,"turns":5},{"damage":0,"enemies":"Hallownest:Shield_Heavy","floor":39,"turns":2},{"damage":1,"enemies":"Hallownest:eliteCollector","floor":40,"turns":6},{"damage":2,"enemies":"Hallownest:Slobbering_and_Violent","floor":41,"turns":6},{"damage":0,"enemies":"Hallownest:Shield_Sturdy","floor":42,"turns":4},{"damage":0,"enemies":"Nightmare","floor":44,"turns":9},{"damage":6,"enemies":"Hallownest:eliteHiveKnight","floor":46,"turns":4},{"damage":20,"enemies":"Hallownest:BossGreyPrinceZote","floor":50,"turns":6},{"damage":0,"enemies":"2_ Uuma","floor":52,"turns":1},{"damage":0,"enemies":"Hallownest:eliteVengeflyKing","floor":57,"turns":2},{"damage":0,"enemies":"Hallownest:eliteMossKnight","floor":59,"turns":1},{"damage":0,"enemies":"Hallownest:monsterHuskWarrior","floor":62,"turns":1},{"damage":0,"enemies":"Nightmare","floor":63,"turns":5},{"damage":0,"enemies":"Hallownest:eliteMossKnight","floor":65,"turns":1},{"damage":0,"enemies":"Hallownest:BossBrokenVessel","floor":67,"turns":1},{"damage":0,"enemies":"Hallownest:3_Youths","floor":69,"turns":1},{"damage":0,"enemies":"Hallownest:Guard_and_Sentry","floor":71,"turns":1},{"damage":0,"enemies":"Hallownest:Warrior_and_Youth","floor":75,"turns":1},{"damage":0,"enemies":"Hallownest:Nosk","floor":76,"turns":1},{"damage":0,"enemies":"Hallownest:eliteSoulWarrior","floor":79,"turns":1},{"damage":0,"enemies":"Hallownest:Nosk","floor":81,"turns":1},{"damage":0,"enemies":"Hallownest:Glutton_and_Coward","floor":82,"turns":1},{"damage":0,"enemies":"Hallownest:BossMantisLord","floor":84,"turns":1},{"damage":0,"enemies":"Hallownest:Shield_Heavy","floor":86,"turns":1},{"damage":0,"enemies":"Hallownest:3_Siblings","floor":88,"turns":1},{"damage":0,"enemies":"Hallownest:Xero_Hu_Marmu","floor":89,"turns":1},{"damage":0,"enemies":"Hallownest:eliteHiveKnight","floor":92,"turns":1},{"damage":0,"enemies":"Hallownest:monsterPrimalAspid","floor":97,"turns":1},{"damage":0,"enemies":"Hallownest:StalkingDevout","floor":98,"turns":1},{"damage":0,"enemies":"Hallownest:BossHollowKnight","floor":101,"turns":1},{"damage":0,"enemies":"Jaw Worm","floor":103,"turns":1},{"damage":0,"enemies":"Cultist","floor":104,"turns":1},{"damage":0,"enemies":"2 Louse","floor":106,"turns":1},{"damage":0,"enemies":"Nightmare_Alpha","floor":108,"turns":5},{"damage":0,"enemies":"2 Fungi Beasts","floor":109,"turns":1},{"damage":0,"enemies":"Large Slime","floor":112,"turns":1},{"damage":0,"enemies":"3 Louse","floor":113,"turns":1},{"damage":0,"enemies":"3 Sentries","floor":114,"turns":1},{"damage":0,"enemies":"Red Slaver","floor":116,"turns":1},{"damage":0,"enemies":"Hexaghost","floor":118,"turns":2},{"damage":0,"enemies":"Chosen","floor":120,"turns":1},{"damage":0,"enemies":"3 Byrds","floor":123,"turns":1},{"damage":0,"enemies":"Nightmare","floor":125,"turns":3},{"damage":0,"enemies":"3 Cultists","floor":129,"turns":1},{"damage":0,"enemies":"Gremlin Leader","floor":131,"turns":1},{"damage":0,"enemies":"Slavers","floor":133,"turns":1},{"damage":0,"enemies":"hubris:MusketHawk","floor":135,"turns":3},{"damage":0,"enemies":"3 Shapes","floor":137,"turns":1},{"damage":0,"enemies":"3 Darklings","floor":140,"turns":1},{"damage":0,"enemies":"Reptomancer","floor":143,"turns":2},{"damage":0,"enemies":"Maw","floor":144,"turns":2},{"damage":0,"enemies":"Nightmare","floor":147,"turns":2},{"damage":0,"enemies":"Giant Head","floor":149,"turns":2},{"damage":0,"enemies":"Jaw Worm Horde","floor":150,"turns":1},{"damage":0,"enemies":"infinitespire:LordOfFortification","floor":152,"turns":13},{"damage":0,"enemies":"Shield and Spear","floor":156,"turns":1},{"damage":0,"enemies":"The Heart","floor":157,"turns":6}],"seed_played":"1910940272791631843","potions_obtained":[{"floor":2.0,"key":"Fire Potion"},{"floor":6.0,"key":"SkillPotion"},{"floor":11.0,"key":"Fire Potion"},{"floor":14.0,"key":"SpeedPotion"},{"floor":18.0,"key":"AttackPotion"},{"floor":25,"key":"SneckoOil"},{"floor":27,"key":"Fruit Juice"},{"floor":31,"key":"SmokeBomb"},{"floor":38,"key":"Strength Potion"},{"floor":41,"key":"ColorlessPotion"},{"floor":42,"key":"Weak Potion"},{"floor":44,"key":"DistilledChaos"},{"floor":59,"key":"Dexterity Potion"},{"floor":65,"key":"Swift Potion"},{"floor":67,"key":"BlessingOfTheForge"},{"floor":69,"key":"Fire Potion"},{"floor":71,"key":"LiquidBronze"},{"floor":75,"key":"EntropicBrew"},{"floor":76,"key":"EntropicBrew"},{"floor":79,"key":"Strength Potion"},{"floor":82,"key":"DistilledChaos"},{"floor":86,"key":"Ancient Potion"},{"floor":103,"key":"Ancient Potion"},{"floor":104,"key":"Ancient Potion"},{"floor":114,"key":"infinitespire:BlackPotion"},{"floor":143,"key":"FairyPotion"},{"floor":152,"key":"Regen Potion"},{"floor":157,"key":"Swift Potion"}],"is_trial":false,"path_per_floor":["M","M","M","$","M","E","R","?","T","M","M","?","$","M","R","B",null,"M","?","$","M","$","E","?","E","T","M","R","E","$","M","R","B",null,"M","AVR","?","M","?","E","M","M","T","NM","?","E","$","?","R","B",null,"M","?","?","?","AVR","E","R","E","T","R","M","NM","?","E","R","B",null,"M","$","M","?","AVR","R","M","E","T","T","E","?","E","M","R","B",null,"M","?","M","M","$","R","E","T","T","R","AVR","M","E","?","R","B",null,"M","M","$","M","AVR","NM","M","T","T","M","M","E","?","M","R","B",null,"M","?","T","M","?","NM","R","$","T","M","R","E","R","E","R","B",null,"M","AVR","T","M","T","?","E","M","T","?","NM","R","E","M","R","B",null,"R","$","E","B",null],"character_chosen":"THE_BUGKNIGHT","items_purchased":["HollowMod:DashSlash","FossilizedHelix","HollowMod:MantisClawRelic","HollowMod:JonisBlessing","EntropicBrew"],"campfire_rested":12,"item_purchase_floors":[22,70,90,105,155],"current_hp_per_floor":[63,63,71,71,70,50,50,31,31,24,25,25,25,39,39,16,60,74,39,39,53,53,57,61,65,65,69,69,54,54,48,48,17,75,77,77,77,87,96,97,100,102,102,104,107,103,103,22,22,16,87,100,100,100,100,100,104,104,108,108,108,112,124,124,126,126,128,128,130,130,132,132,132,132,134,143,143,143,145,145,147,149,149,151,153,155,29,33,37,37,86,90,90,90,140,140,144,148,165,171,173,173,175,177,177,182,182,187,189,189,189,191,193,195,190,195,202,204,204,206,155,155,167,172,186,214,214,214,216,218,220,222,224,226,228,228,230,230,230,232,232,235,237,239,239,227,231,233,235,237,239,241,241,243,243,245,247],"gold":1284,"neow_bonus":"REMOVE_CARD","is_daily":false,"chose_seed":false,"campfire_upgraded":6,"win_rate":0.0,"timestamp":1614389440,"path_taken":["M","M","M","$","M","E","R","?","T","M","M","?","$","?","R","BOSS","M","?","?","M","$","E","?","E","T","M","R","E","$","M","R","BOSS","M","AVR","?","M","?","E","M","M","T","NM","?","E","$","?","R","BOSS","M","?","?","?","AVR","E","R","E","T","R","?","NM","?","E","R","BOSS","M","$","M","?","AVR","R","M","E","T","?","E","?","E","M","R","BOSS","M","?","M","?","$","R","E","?","T","R","AVR","M","E","?","R","BOSS","M","?","?","M","AVR","NM","M","?","T","?","M","E","?","M","R","BOSS","M","?","?","M","?","NM","R","?","T","M","R","E","R","E","R","BOSS","M","AVR","?","M","?","?","E","M","T","?","NM","R","E","M","R","BOSS","R","$","E","BOSS"],"items_purchased_type":["Card","Relic","Relic","Relic","Potion"],"build_version":"2020-12-22","purchased_purges":10,"victory":true,"max_hp_per_floor":[75,75,75,75,75,75,75,75,75,75,75,75,75,75,75,75,75,75,75,75,75,75,75,79,81,81,83,83,85,85,87,87,94,94,94,94,94,96,96,98,100,102,102,104,107,109,109,109,109,111,111,116,116,116,116,116,118,118,120,120,120,122,124,124,126,126,128,128,130,130,132,132,132,132,134,143,143,143,145,145,147,149,149,151,153,155,155,157,159,159,161,163,163,163,165,165,167,169,169,171,173,173,175,177,177,182,182,187,189,189,189,191,193,195,195,200,202,204,204,206,206,206,208,208,212,214,214,214,216,218,220,222,224,226,228,228,230,230,230,232,232,235,237,239,239,227,231,233,235,237,239,241,241,243,243,245,247],"card_choices":[{"not_picked":["HollowMod:SiblingsShadow","HollowMod:SoulStrike","HollowMod:DescendingDark"],"picked":"SKIP","floor":1.0},{"not_picked":["HollowMod:HowlingWraiths","HollowMod:SoulSplash","HollowMod:HeavyBlow"],"picked":"SKIP","floor":2.0},{"not_picked":["HollowMod:SiblingsShadow","HollowMod:DungDefenderAura","HollowMod:FallenFury"],"picked":"SKIP","floor":3.0},{"not_picked":["HollowMod:BlackTendrils","HollowMod:DashSlash","HollowMod:SoulStrike"],"picked":"SKIP","floor":5.0},{"not_picked":["HollowMod:GrimmsGift","HollowMod:TaintedHusks","HollowMod:SiblingsSouls"],"picked":"SKIP","floor":6.0},{"not_picked":["infinitespire:UltimateForm","infinitespire:Fortify"],"picked":"infinitespire:TheBestDefense","floor":8.0},{"not_picked":["HollowMod:LifebloodCocoon","HollowMod:ChannelNail","HollowMod:CoiledNail"],"picked":"SKIP","floor":10.0},{"not_picked":["HollowMod:ChannelNail","HollowMod:SiblingsSouls","HollowMod:SharpenedNail"],"picked":"SKIP","floor":11.0},{"not_picked":["HollowMod:SoulSplash","HollowMod:SlysStrikes","HollowMod:HeavyBlow"],"picked":"SKIP","floor":14.0},{"not_picked":["HollowMod:ShadowDash","HollowMod:GoodIntentions","HollowMod:BaldurShell+1"],"picked":"SKIP","floor":18.0},{"not_picked":["HollowMod:AbyssShriek+1","HollowMod:InfectedAttack+1"],"picked":"HollowMod:RecoilStrike","floor":21.0},{"not_picked":["HollowMod:HowlingWraiths","HollowMod:InfectedCysts"],"picked":"HollowMod:CycloneSlash","floor":23.0},{"not_picked":["Mind Blast","The Bomb","Violence"],"picked":"Singing Bowl","floor":24.0},{"not_picked":["Panacea","Good Instincts","Impatience"],"picked":"Singing Bowl","floor":24.0},{"not_picked":["HollowMod:HeavyBlow+1","HollowMod:CloakDash","HollowMod:HowlingWraiths"],"picked":"Singing Bowl","floor":25},{"not_picked":["HollowMod:CycloneSlash","HollowMod:LifebloodCocoon+1","HollowMod:CloakDash"],"picked":"Singing Bowl","floor":27},{"not_picked":["HollowMod:HuntersJournal+1","HollowMod:MawleksShell","HollowMod:CloakDash+1"],"picked":"Singing Bowl","floor":29},{"not_picked":["HollowMod:LifebloodCore","HollowMod:DoubleDash","HollowMod:SoulShaman"],"picked":"Singing Bowl","floor":31},{"not_picked":["HollowMod:PaleKingsBlessing","HollowMod:Hiveblood","HollowMod:RadiancesLament"],"picked":"Singing Bowl","floor":33},{"not_picked":["HollowMod:CloakDash+1"],"picked":"Singing Bowl","floor":38},{"not_picked":["HollowMod:RecoilStrike+1"],"picked":"Singing Bowl","floor":40},{"not_picked":["HollowMod:MonomonsArchive"],"picked":"Singing Bowl","floor":41},{"not_picked":["HollowMod:WraithStrike+1"],"picked":"Singing Bowl","floor":42},{"not_picked":["HollowMod:CornifersMapStart"],"picked":"Singing Bowl","floor":44},{"not_picked":["HollowMod:InfectionAssault"],"picked":"Singing Bowl","floor":46},{"not_picked":["HollowMod:SlysStrikes"],"picked":"Singing Bowl","floor":50},{"not_picked":["HollowMod:SoulEater"],"picked":"Singing Bowl","floor":52},{"not_picked":["HollowMod:MonarchWings"],"picked":"Singing Bowl","floor":57},{"not_picked":["HollowMod:MantisMark"],"picked":"Singing Bowl","floor":59},{"not_picked":["HollowMod:SiblingsShadow"],"picked":"Singing Bowl","floor":62},{"not_picked":["HollowMod:BrokenVessel"],"picked":"Singing Bowl","floor":63},{"not_picked":["HollowMod:NewLittleFool"],"picked":"Singing Bowl","floor":65},{"not_picked":["HollowMod:Hiveblood"],"picked":"Singing Bowl","floor":67},{"not_picked":["HollowMod:InfectedAttack"],"picked":"Singing Bowl","floor":69},{"not_picked":["HollowMod:PureNailStrike"],"picked":"Singing Bowl","floor":71},{"not_picked":["HollowMod:ShadowDash"],"picked":"Singing Bowl","floor":75},{"not_picked":["HollowMod:MonomonsArchive"],"picked":"Singing Bowl","floor":76},{"not_picked":["HollowMod:SiblingsShadow"],"picked":"Singing Bowl","floor":79},{"not_picked":["HollowMod:SoulShaman"],"picked":"Singing Bowl","floor":81},{"not_picked":["HollowMod:HeavyBlow"],"picked":"Singing Bowl","floor":82},{"not_picked":["HollowMod:LifebloodCore"],"picked":"Singing Bowl","floor":84},{"not_picked":["infinitespire:UltimateForm","infinitespire:Fortify","infinitespire:Starlight"],"picked":"Singing Bowl","floor":85},{"not_picked":["HollowMod:MawleksShell+1"],"picked":"Singing Bowl","floor":86},{"not_picked":["HollowMod:PureNailStrike"],"picked":"Singing Bowl","floor":88},{"not_picked":["HollowMod:GrimmsGift+1"],"picked":"Singing Bowl","floor":89},{"not_picked":["HollowMod:Grubsong+1"],"picked":"Singing Bowl","floor":91},{"not_picked":["HollowMod:VengefulSpirit+1"],"picked":"Singing Bowl","floor":92},{"not_picked":["HollowMod:VengefulSpirit+1","HollowMod:FastStrike"],"picked":"Singing Bowl","floor":95},{"not_picked":["HollowMod:WraithStrike","HollowMod:SoulEater+1"],"picked":"Singing Bowl","floor":97},{"not_picked":["HollowMod:MawleksShell+1","HollowMod:MothsMistake+1"],"picked":"Singing Bowl","floor":98},{"not_picked":["HollowMod:VengefulVoid","HollowMod:DoubleDash"],"picked":"Singing Bowl","floor":100},{"not_picked":["HollowMod:PureVessel","HollowMod:MidwifesHunger"],"picked":"Singing Bowl","floor":101},{"not_picked":["HollowMod:LifebloodCocoon","HollowMod:ChannelNail"],"picked":"Singing Bowl","floor":103},{"not_picked":["HollowMod:VengefulVoid","HollowMod:SoulStrike"],"picked":"Singing Bowl","floor":104},{"not_picked":["HollowMod:NewJinnsSoul","HollowMod:VengefulVoid"],"picked":"Singing Bowl","floor":106},{"not_picked":["HollowMod:HowlingWraiths","HollowMod:NewLittleFool"],"picked":"Singing Bowl","floor":108},{"not_picked":["HollowMod:CornifersMapStart","HollowMod:DungDefenderAura"],"picked":"Singing Bowl","floor":109},{"not_picked":["HollowMod:PerfectDash","HollowMod:theNailsmith"],"picked":"Singing Bowl","floor":112},{"not_picked":["HollowMod:CycloneSlash","HollowMod:SoulSplash"],"picked":"Singing Bowl","floor":113},{"not_picked":["HollowMod:NewLittleFool","HollowMod:TaintedHusks"],"picked":"Singing Bowl","floor":114},{"not_picked":["HollowMod:DoubleDash","HollowMod:PerfectDash"],"picked":"Singing Bowl","floor":116},{"not_picked":["HollowMod:FastStrike","HollowMod:NewGlowingWomb"],"picked":"Singing Bowl","floor":117},{"not_picked":["HollowMod:HornetsHelp","HollowMod:WhiteLadysBlessing"],"picked":"Singing Bowl","floor":118},{"not_picked":["HollowMod:SoulStrike","HollowMod:CycloneSlash"],"picked":"Singing Bowl","floor":120},{"not_picked":["HollowMod:DreamGate+1","HollowMod:SoulShaman"],"picked":"Singing Bowl","floor":123},{"not_picked":["HollowMod:WraithStrike","HollowMod:LuriensSpire"],"picked":"Singing Bowl","floor":125},{"not_picked":["infinitespire:SealOfDarkness+","infinitespire:Menacing","infinitespire:DeathsTouch"],"picked":"Singing Bowl","floor":125},{"not_picked":["HollowMod:SoulStrike","HollowMod:PureNailStrike"],"picked":"Singing Bowl","floor":126},{"not_picked":["HollowMod:InfectedAttack+1","HollowMod:CloakDash"],"picked":"Singing Bowl","floor":129},{"not_picked":["HollowMod:LifebloodCocoon","HollowMod:SoulStrike+1"],"picked":"Singing Bowl","floor":130},{"not_picked":["HollowMod:DreamGate+1","HollowMod:SoulStrike"],"picked":"Singing Bowl","floor":131},{"not_picked":["HollowMod:DashSlash","HollowMod:MantisMark"],"picked":"Singing Bowl","floor":132},{"not_picked":["HollowMod:HeavyBlow","HollowMod:MantisMark"],"picked":"Singing Bowl","floor":133},{"not_picked":["HollowMod:ChannelNail","HollowMod:SharpenedNail"],"picked":"Singing Bowl","floor":134},{"not_picked":["HollowMod:theNailsmith","HollowMod:RadiancesLament"],"picked":"Singing Bowl","floor":135},{"not_picked":["HollowMod:CoiledNail","HollowMod:ShadowDash+1"],"picked":"Singing Bowl","floor":137},{"not_picked":["HollowMod:FallenFury","HollowMod:CloakDash+1"],"picked":"Singing Bowl","floor":140},{"not_picked":["HollowMod:HuntersJournal+1","HollowMod:VengefulSpirit"],"picked":"Singing Bowl","floor":143},{"not_picked":["HollowMod:HuntersJournal","HollowMod:Grubsong+1"],"picked":"Singing Bowl","floor":144},{"not_picked":["infinitespire:Starlight","infinitespire:SealOfDarkness+","infinitespire:FinalStrike"],"picked":"Singing Bowl","floor":147},{"not_picked":["HollowMod:DoubleDash","HollowMod:SoulEater"],"picked":"Singing Bowl","floor":147},{"not_picked":["HollowMod:SoulVessel+1","HollowMod:SoulStrike"],"picked":"Singing Bowl","floor":148},{"not_picked":["HollowMod:CloakDash+1","HollowMod:CrystalDash"],"picked":"Singing Bowl","floor":149},{"not_picked":["HollowMod:VengefulSpirit+1","HollowMod:CycloneSlash"],"picked":"Singing Bowl","floor":150},{"not_picked":["HollowMod:ShapeofUnn","HollowMod:RecoilStrike+1"],"picked":"Singing Bowl","floor":151},{"not_picked":["HollowMod:PureVessel","HollowMod:RadiancesLament"],"picked":"Singing Bowl","floor":152},{"not_picked":["HollowMod:SiblingsShadow","HollowMod:GoodIntentions+1"],"picked":"Singing Bowl","floor":154},{"not_picked":["HollowMod:BaldurShell+1","HollowMod:CloakDash"],"picked":"Singing Bowl","floor":156},{"not_picked":["HollowMod:MidwifesHunger","HollowMod:RadiancesLament"],"picked":"Singing Bowl","floor":157}],"player_experience":630628,"relics_obtained":[{"floor":6.0,"key":"infinitespire:Midas Blood"},{"floor":9.0,"key":"Blood Vial"},{"floor":23.0,"key":"Singing Bowl"},{"floor":25,"key":"hubris:TenFootPole"},{"floor":26,"key":"Anchor"},{"floor":29,"key":"reliquary:TatteredRug"},{"floor":40,"key":"reliquary:ExpiredCoupon"},{"floor":43,"key":"Potion Belt"},{"floor":43,"key":"halation:LettersToHer"},{"floor":44,"key":"infinitespire:Golems Mask"},{"floor":46,"key":"HollowMod:StagPassRelic"},{"floor":52,"key":"halation:EternalFortune"},{"floor":57,"key":"Tiny Chest"},{"floor":59,"key":"halation:LettersToHer"},{"floor":60,"key":"halation:LettersToHer"},{"floor":63,"key":"White Beast Statue"},{"floor":76,"key":"Strawberry"},{"floor":77,"key":"infinitespire:FocusingShard"},{"floor":77,"key":"halation:LettersToHer"},{"floor":78,"key":"infinitespire:Satchel"},{"floor":78,"key":"halation:LettersToHer"},{"floor":79,"key":"Pen Nib"},{"floor":81,"key":"reliquary:TuningFork"},{"floor":92,"key":"reliquary:JackalopeAntler"},{"floor":93,"key":"Question Card"},{"floor":93,"key":"halation:LettersToHer"},{"floor":94,"key":"halation:LettersToHer"},{"floor":94,"key":"Kunai"},{"floor":98,"key":"hubris:Metronome"},{"floor":106,"key":"halation:EternalFortune"},{"floor":108,"key":"halation:EternalFortune"},{"floor":108,"key":"hubris:TinFlute"},{"floor":110,"key":"halation:LettersToHer"},{"floor":111,"key":"Incense Burner"},{"floor":111,"key":"halation:LettersToHer"},{"floor":114,"key":"Juzu Bracelet"},{"floor":116,"key":"halation:EternalFortune"},{"floor":122,"key":"MawBank"},{"floor":125,"key":"infinitespire:CheckeredPen"},{"floor":128,"key":"halation:IllGainedPizza"},{"floor":128,"key":"Lantern"},{"floor":131,"key":"halation:QuantumPhysicsTextbook"},{"floor":133,"key":"aspiration:HatOfInfinitePower"},{"floor":139,"key":"hubris:SphereOfDissonance"},{"floor":139,"key":"Whetstone"},{"floor":141,"key":"HollowMod:IsmasTear"},{"floor":141,"key":"Letter Opener"},{"floor":143,"key":"Vajra"},{"floor":145,"key":"infinitespire:PuzzleCube"},{"floor":145,"key":"aspiration:ChemicalBlood"},{"floor":147,"key":"Oddly Smooth Stone"},{"floor":149,"key":"Gremlin Horn"},{"floor":156,"key":"HollowMod:LifeEnderRelic"}],"event_choices":[{"damage_healed":0.0,"max_hp_gain":0.0,"max_hp_loss":0.0,"gold_gain":0.0,"event_name":"betterSkull:BetterSkull","player_choice":"RE RE ","floor":19.0,"gold_loss":0.0,"damage_taken":39.0,"cards_upgraded":[],"relics_obtained":["PreservedInsect","HollowMod:KingsBrand"]},{"damage_healed":0.0,"max_hp_gain":0.0,"max_hp_loss":0.0,"gold_gain":2.0,"event_name":"betterStone:BetterStone","player_choice":"1","floor":24.0,"gold_loss":0.0,"damage_taken":0.0},{"damage_healed":0,"gold_gain":0,"player_choice":"RE RE RE RE RE RE ","damage_taken":175,"relics_obtained":["Happy Flower","Bag of Marbles","reliquary:Stiletto","infinitespire:Lucky Rock","halation:PromiseList","Art of War"],"max_hp_gain":0,"max_hp_loss":0,"event_name":"betterSkull:BetterSkull","floor":48,"gold_loss":0,"cards_upgraded":[]},{"damage_healed":0,"gold_gain":0,"player_choice":"RE RE RE RE RE RE RE ","damage_taken":267,"relics_obtained":["HollowMod:MillibellesNoteRelic","Dream Catcher","hubris:ToyBattleship","reliquary:PartyBalloon","Smiling Mask","reliquary:Boomerang","Orichalcum"],"max_hp_gain":0,"max_hp_loss":0,"event_name":"betterSkull:BetterSkull","floor":87,"gold_loss":0,"cards_upgraded":[]},{"damage_healed":0,"gold_gain":75,"player_choice":"Gold","damage_taken":11,"max_hp_gain":0,"max_hp_loss":0,"event_name":"betterThird:BetterGoop","floor":115,"gold_loss":0},{"damage_healed":0,"gold_gain":0,"player_choice":" RottenVial Idol ","damage_taken":113,"relics_obtained":["betterAltar:BloodRelic","Bloody Idol"],"max_hp_gain":206,"max_hp_loss":155,"event_name":"betterAltar:BetterAltar","floor":121,"potions_obtained":[],"relics_lost":["Blood Vial"],"gold_loss":0},{"damage_healed":0,"gold_gain":0,"player_choice":"Max HP","damage_taken":0,"max_hp_gain":0,"max_hp_loss":12,"event_name":"Winding Halls","floor":146,"gold_loss":0}],"is_beta":false,"boss_relics":[{"not_picked":["hubris:GrandSneckoEye","hubris:VirtuousBlindfold"],"picked":"hubris:Stopwatch"},{"not_picked":["aspiration:RunicSpoon","reliquary:Ember"],"picked":"Busted Crown"},{"not_picked":["hubris:BlackHole","SacredBark"],"picked":"HollowMod:KingsSoulRelic"},{"not_picked":["halation:CatFaceCupcake","halation:LoveArrow"],"picked":"hubris:Backtick"},{"not_picked":["reliquary:RedCape","aspiration:WatcherSkillbook"],"picked":"hubris:ScarierMask"},{"not_picked":["hubris:TerracottaHorce","reliquary:WritOfMandamus"],"picked":"Astrolabe"},{"not_picked":["hubris:RunicObelisk","Runic Dome","halation:CatFaceCupcake"]},{"not_picked":["halation:MonkeysPaw","Cursed Key","Snecko Eye"]},{"not_picked":["halation:Risk","infinitespire:Cupcake","Calling Bell"]}],"items_purged_floors":[4,13,20,30,36,47,56,70,73,90],"is_endless":true,"potions_floor_spawned":[2,6,11,14,18,25,27,31,38,39,41,42,44,59,65,67,69,71,75,76,79,81,82,84,86,88,89,92,97,98,101,103,104,106,108,109,112,113,114,116,118,120,123,125,129,131,133,135,137,140,143,144,147,149,150,152,156,157],"ascension_level":8}}