{"host":"d7qmn60fs48wu5y6","time":1614385897,"event":{"mods":["BaseMod","Downfall","Marisa????????","Minty Spire (QoL Compilation)","Shade Mod","StSLib","The Bug Knight","The Cursed","The Necromancer","The Servant 0.9.4"],"gold_per_floor":[118,129,129,129,141,176,176,192,239,239,239,239,273,289,289,389,389,403,185,185,201,215,250,150,150,150,169,179,179,179,214,226,338,350,373,385,397,419,91,120,120,139,139,155,155,30,48,66,66,66,66,66,66,97,97,97],"floor_reached":55,"language":"ENG","playtime":3907,"items_purged":["Strike_S","Strike_S","Strike_S"],"score":861,"play_id":"aa1bceb3-f1c0-447a-ad31-726faabff376","local_time":"20210226163137","is_ascension_mode":true,"campfire_choices":[{"data":"SilverBlades","floor":7,"key":"SMITH"},{"data":"Exchange","floor":10,"key":"SMITH"},{"floor":12,"key":"REST"},{"data":"Moonlight","floor":15,"key":"SMITH"},{"floor":25,"key":"RECALL"},{"data":"SoulSculpture","floor":32,"key":"SMITH"},{"data":"FlawlessForm","floor":41,"key":"SMITH"},{"data":"SilverBlades","floor":45,"key":"SMITH"},{"floor":49,"key":"REST"},{"data":"Moonlight","floor":52,"key":"SMITH"}],"circlet_count":0,"master_deck":["Defend_S+1","Defend_S","Defend_S+1","Defend_S","KidneyShot+1","Exchange+1","Spin","CurseOfTheBell","CurseOfTheBell","SilverBlades+1","Spin","DualDimension","Moonlight+1","SoulSculpture+1","InstantArmor","Sabotage","Luminosity","DoubleEdge","Moonlight+1","FlawlessForm+1","Luminosity","SilverBlades+1","Spin+1","BestPractice+1"],"relics":["Uniform","downfall:ExtraCursedBell","Pantograph","Thread and Needle","HollowMod:PaleOreRelic","StrikeDummy","Oddly Smooth Stone","Bottled Tornado","StoneMask","Pan","Toy Ornithopter","Potion Belt","GremlinMask","MawBank","MysterySword","Kunai","Akabeko","Darkstone Periapt","Art of War"],"acts_visited":["Exordium","TheCity","TheBeyond","TheEnding"],"potions_floor_usage":[6,13,23,31,33,37,48,50,50,54,55,55],"damage_taken":[{"damage":0,"enemies":"Small Slimes","floor":1,"turns":3},{"damage":3,"enemies":"Jaw Worm","floor":2,"turns":3},{"damage":0,"enemies":"2 Louse","floor":5,"turns":1},{"damage":14,"enemies":"Lagavulin","floor":6,"turns":5},{"damage":0,"enemies":"Blue Slaver","floor":8,"turns":3},{"damage":5,"enemies":"3 Sentries","floor":13,"turns":3},{"damage":0,"enemies":"Exordium Thugs","floor":14,"turns":2},{"damage":0,"enemies":"Slime Boss","floor":16,"turns":5},{"damage":1,"enemies":"3 Byrds","floor":18,"turns":4},{"damage":0,"enemies":"Spheric Guardian","floor":21,"turns":3},{"damage":0,"enemies":"Snecko","floor":22,"turns":3},{"damage":0,"enemies":"Book of Stabbing","floor":23,"turns":3},{"damage":1,"enemies":"Snake Plant","floor":27,"turns":3},{"damage":6,"enemies":"Centurion and Healer","floor":28,"turns":4},{"damage":20,"enemies":"Slavers","floor":31,"turns":4},{"damage":31,"enemies":"Automaton","floor":33,"turns":10},{"damage":0,"enemies":"3 Darklings","floor":35,"turns":5},{"damage":6,"enemies":"Orb Walker","floor":38,"turns":2},{"damage":30,"enemies":"Nemesis","floor":40,"turns":7},{"damage":0,"enemies":"Maw","floor":42,"turns":6},{"damage":0,"enemies":"3 Darklings","floor":44,"turns":4},{"damage":0,"enemies":"Writhing Mass","floor":47,"turns":4},{"damage":21,"enemies":"Sphere and 2 Shapes","floor":48,"turns":6},{"damage":38,"enemies":"Time Eater","floor":50,"turns":9},{"damage":54,"enemies":"Shield and Spear","floor":54,"turns":7},{"damage":87,"enemies":"The Heart","floor":55,"turns":8}],"seed_played":"3324228983336757891","potions_obtained":[{"floor":2,"key":"BlessingOfTheForge"},{"floor":6,"key":"Ancient Potion"},{"floor":8,"key":"SteroidPotion"},{"floor":13,"key":"LiquidMemories"},{"floor":22,"key":"FearPotion"},{"floor":23,"key":"CultistPotion"},{"floor":27,"key":"SneckoOil"},{"floor":37,"key":"SmokeBomb"},{"floor":37,"key":"Swift Potion"},{"floor":37,"key":"Fruit Juice"},{"floor":38,"key":"SneckoOil"},{"floor":48,"key":"Block Potion"},{"floor":54,"key":"SteroidPotion"}],"is_trial":false,"path_per_floor":["M","M","?","?","M","E","R","M","T","R","?","R","E","M","R","B",null,"M","$","?","M","M","E","$","R","T","M","M","?","?","E","R","B",null,"M","?","?","M","$","E","R","M","T","M","R","$","M","M","R","B",null,"R","$","E","B"],"character_chosen":"THE_SERVANT","items_purchased":["Pan","SilverBlades","Kunai"],"campfire_rested":2,"item_purchase_floors":[19,39,39],"current_hp_per_floor":[65,62,62,55,55,41,41,41,41,41,28,47,42,42,42,65,65,68,68,68,69,70,71,71,71,71,72,72,58,58,52,52,54,83,84,80,85,82,82,55,55,58,58,61,61,61,64,57,84,68,94,94,94,51,0,0],"gold":97,"neow_bonus":"UPGRADE_CARD","is_daily":false,"chose_seed":false,"campfire_upgraded":7,"win_rate":0.0,"timestamp":1614385897,"path_taken":["M","M","?","?","M","E","R","M","T","R","?","R","E","M","R","BOSS","M","$","?","M","M","E","?","R","T","M","M","?","?","E","R","BOSS","M","?","?","M","$","E","R","?","T","M","R","$","M","M","R","BOSS","R","$","E","BOSS"],"items_purchased_type":["Relic","Card","Relic"],"build_version":"2020-12-22","purchased_purges":3,"victory":false,"max_hp_per_floor":[65,65,65,65,65,65,65,65,65,65,65,65,65,65,65,65,65,68,68,68,69,70,71,71,71,71,72,74,79,79,82,82,83,83,84,80,85,86,86,87,87,88,88,89,89,89,90,93,93,94,94,94,94,96,96,96],"card_choices":[{"not_picked":["BestPractice","Unruled"],"picked":"Spin","floor":1},{"not_picked":["Snipe","Sabotage","Reset"],"picked":"SKIP","floor":2},{"not_picked":["Potential","TimeWarp"],"picked":"SilverBlades","floor":5},{"not_picked":["Ricochet","Duplication","Advance"],"picked":"SKIP","floor":6},{"not_picked":["Collapse","Rearm"],"picked":"Spin","floor":8},{"not_picked":["FastForward","Contraction"],"picked":"DualDimension","floor":13},{"not_picked":["Alleviate","Replace"],"picked":"Moonlight","floor":14},{"not_picked":["ForgedInTime","TrueSight"],"picked":"SoulSculpture","floor":16},{"not_picked":["Rewind+1","Snipe+1"],"picked":"InstantArmor","floor":18},{"not_picked":["GearUp","Revamp"],"picked":"Luminosity","floor":21},{"not_picked":["FastForward","Sabotage"],"picked":"DoubleEdge","floor":22},{"not_picked":["ReturningBlade","Snipe"],"picked":"Moonlight","floor":23},{"not_picked":["TimeWarp","Unruled+1","Rewind"],"picked":"SKIP","floor":27},{"not_picked":["Orbit","Rewind","Replace+1"],"picked":"SKIP","floor":28},{"not_picked":["Orbit","Rewind","Replace+1"],"picked":"SKIP","floor":28},{"not_picked":["Gouge","Replace","SoulSculpture"],"picked":"SKIP","floor":31},{"not_picked":["LightFlow","ForgedInTime"],"picked":"FlawlessForm","floor":33},{"not_picked":["Snipe","DancingSilver+1","Defy+1"],"picked":"SKIP","floor":35},{"not_picked":["Revamp","BottledTime+1"],"picked":"Luminosity","floor":38},{"not_picked":["Replace+1","FastForward+1"],"picked":"Spin+1","floor":40},{"not_picked":["Alleviate","Moonlight","Rearm"],"picked":"SKIP","floor":42},{"not_picked":["Unruled","ShatteredReality","Misdirection+1"],"picked":"SKIP","floor":44},{"not_picked":["Spin","Rearm"],"picked":"BestPractice+1","floor":47},{"not_picked":["Spin","Alleviate","Snipe+1"],"picked":"SKIP","floor":48},{"not_picked":["ShiftingGears","Misdirection+1","DancingSilver+1"],"picked":"SKIP","floor":54}],"player_experience":987418,"relics_obtained":[{"floor":3,"key":"Pantograph"},{"floor":3,"key":"Thread and Needle"},{"floor":3,"key":"HollowMod:PaleOreRelic"},{"floor":6,"key":"Oddly Smooth Stone"},{"floor":13,"key":"Bottled Tornado"},{"floor":23,"key":"Toy Ornithopter"},{"floor":26,"key":"Potion Belt"},{"floor":31,"key":"MawBank"},{"floor":40,"key":"Akabeko"},{"floor":43,"key":"Darkstone Periapt"},{"floor":54,"key":"Art of War"}],"event_choices":[{"damage_healed":0,"gold_gain":0,"player_choice":"Success","damage_taken":7,"relics_obtained":["StrikeDummy"],"max_hp_gain":0,"max_hp_loss":0,"event_name":"Scrap Ooze","floor":4,"gold_loss":0},{"damage_healed":0,"gold_gain":0,"player_choice":"Entered Light","damage_taken":13,"max_hp_gain":0,"max_hp_loss":0,"event_name":"Shining Light","floor":11,"gold_loss":0,"cards_upgraded":["Defend_S","Defend_S"]},{"damage_healed":0,"gold_gain":0,"cards_transformed":["Strike_S"],"player_choice":"Transformed","damage_taken":0,"max_hp_gain":0,"max_hp_loss":0,"event_name":"Transmorgrifier","floor":20,"gold_loss":0,"cards_obtained":["Sabotage"]},{"damage_healed":0,"gold_gain":0,"player_choice":"Shed Blood","damage_taken":19,"max_hp_gain":5,"max_hp_loss":0,"event_name":"Forgotten Altar","floor":29,"gold_loss":0},{"damage_healed":0,"gold_gain":0,"player_choice":"Trade","damage_taken":0,"relics_obtained":["GremlinMask"],"max_hp_gain":0,"max_hp_loss":0,"event_name":"FaceTrader","floor":30,"gold_loss":0},{"damage_healed":0,"gold_gain":0,"player_choice":"Max HP","damage_taken":0,"max_hp_gain":0,"max_hp_loss":4,"event_name":"Winding Halls","floor":36,"gold_loss":0},{"damage_healed":0,"gold_gain":0,"player_choice":"Got Potions","damage_taken":0,"max_hp_gain":0,"max_hp_loss":0,"event_name":"Lab","floor":37,"gold_loss":0}],"is_beta":false,"boss_relics":[{"not_picked":["Black Star","Fusion Hammer"],"picked":"StoneMask"},{"not_picked":["Tiny House","Busted Crown"],"picked":"MysterySword"}],"items_purged_floors":[19,24,46],"is_endless":false,"potions_floor_spawned":[2,6,8,13,22,23,27,38,42,48,54],"killed_by":"The Heart","ascension_level":1}}