{"host":"ffn9oaz9ksdh6gtp","time":1614429615,"event":{"mods":["ATMod(°¢èªMod)","Act Like it!","Arknights","BaseMod","GifTheSpireLib","Library of Ruina","Library of Ruina Extra","Minty Spire (QoL Compilation)","MostiFishMod","Replay The Spire","StSLib","The Bug Knight","¡¾ÒÅÎï¿¨ÅÆ¡¿REMEMod"],"gold_per_floor":[140,180,198,198,31,59,59,134,161,241,290,290,290,316,316,535,535,562,15,75,75,138,207,230,230,230,230,230,145,205,265,265,375,375,396,396,461,29,57,57,87,87,87,119,156,187,15,55,55,73,87,87,87,-1313,-1275,-1263,-1263],"floor_reached":56,"language":"ZHS","playtime":7865,"items_purged":["WillOfThePrescript"],"score":778,"play_id":"714327e8-f7ef-437c-83db-e9e2e8f79016","local_time":"20210227204015","is_ascension_mode":false,"campfire_choices":[{"data":"SenseQuarry","floor":7.0,"key":"SMITH"},{"data":"ChargeAndCover","floor":13.0,"key":"SMITH"},{"floor":15.0,"key":"REST"},{"data":"DesperateStruggle","floor":25,"key":"SMITH"},{"data":"DarkCloud","floor":27,"key":"SMITH"},{"data":"CombatPreparation","floor":32,"key":"SMITH"},{"data":"ExtremeEdge","floor":40,"key":"SMITH"},{"data":"BladeWhirl","floor":42,"key":"SMITH"},{"floor":49,"key":"RECALL"},{"data":"Apotheosis","floor":53,"key":"SMITH"}],"circlet_count":0,"master_deck":["Dodge","LightDefense","LightAttack","LightAttack","LightDefense","LightDefense","LightDefense","ChargeAndCover","FocusedStrikes","AT_FamilyPortrait","Impervious+1","GutHarvesting","QuickAttack+1","MultiBlock","DesperateStruggle+1","SenseQuarry+1","DarkCloud+1","SpearedSweep","BladeWhirl+1","TheWillOfTheCity","SweepTheBackstreets","Apotheosis+1","Riposte","Execute_lor","ExtractFuel","OminousPower","SharpenedBlade","CombatPreparation+1","UnforgettableMelody","TheWillOfTheCity","Voices","FrontalAssault+1","FlashingStrike","ExtremeEdge","ExtremeEdge+1","SunsetBlade+1","Faith","Trip","FervidEmotions"],"relics":["PageOfLibrarian","REME_ComplimentaryCards","AT_ATBox","DaveBox","DaCapo","HollowMod:PaleOreRelic","Replay:Bandana","Bloody Idol","ChewingGum","PageOfRedShoes","AT_BladeRuinedKing","Juzu Bracelet","Painkiller Herb","ReplayTheSpireMod:Ring of Exchange","Ring of Searing","PageOfLaetitia","ReplayTheSpireMod:Ninjato","Simple Rune","SynthV:MejaisSoulstealer","HollowDreamFlower"],"acts_visited":["Exordium","TheCity","TheBeyond","TheEnding"],"potions_floor_usage":[16,16,20,50,56,56],"damage_taken":[{"damage":0.0,"enemies":"Small Slimes","floor":1.0,"turns":4.0},{"damage":0.0,"enemies":"Jaw Worm","floor":2.0,"turns":4.0},{"damage":0.0,"enemies":"ats:Genji","floor":3.0,"turns":2.0},{"damage":4.0,"enemies":"Gremlin Nob","floor":6.0,"turns":4.0},{"damage":12.0,"enemies":"Exordium Wildlife","floor":10.0,"turns":5.0},{"damage":0.0,"enemies":"2 Fungi Beasts","floor":11.0,"turns":5.0},{"damage":0.0,"enemies":"Blue Slaver","floor":14.0,"turns":2.0},{"damage":15,"enemies":"Fading Forest","floor":16,"turns":11},{"damage":9,"enemies":"Spheric Guardian","floor":18,"turns":5},{"damage":20,"enemies":"2 Thieves","floor":20,"turns":4},{"damage":0,"enemies":"Snecko","floor":22,"turns":4},{"damage":23,"enemies":"REME_1_Revenger","floor":23,"turns":3},{"damage":2,"enemies":"3 Cultists","floor":24,"turns":4},{"damage":0,"enemies":"Cultist and Chosen","floor":30,"turns":3},{"damage":5,"enemies":"Centurion and Healer","floor":31,"turns":5},{"damage":20,"enemies":"Collector","floor":33,"turns":8},{"damage":17,"enemies":"Orb Walker","floor":35,"turns":4},{"damage":5,"enemies":"3 Shapes","floor":37,"turns":3},{"damage":24,"enemies":"3 Darklings","floor":39,"turns":4},{"damage":10,"enemies":"Spire Growth","floor":41,"turns":3},{"damage":11,"enemies":"Maw","floor":44,"turns":4},{"damage":14,"enemies":"3 Darklings","floor":45,"turns":3},{"damage":16,"enemies":"Transient","floor":46,"turns":5},{"damage":43,"enemies":"Nemesis","floor":48,"turns":3},{"damage":11,"enemies":"Time Eater","floor":50,"turns":5},{"damage":73,"enemies":"Time Eater","floor":51,"turns":5},{"damage":26,"enemies":"Shield and Spear","floor":55,"turns":5},{"damage":88,"enemies":"The Heart","floor":56,"turns":5}],"seed_played":"7344024368042689633","potions_obtained":[{"floor":1.0,"key":"Reflective Coating"},{"floor":3.0,"key":"Dexterity Potion"},{"floor":10.0,"key":"Swift Potion"},{"floor":23,"key":"SpeedPotion"},{"floor":24,"key":"Strength Potion"},{"floor":30,"key":"SteroidPotion"},{"floor":31,"key":"AttackPotion"}],"is_trial":false,"path_per_floor":["M","M","M","?","$","E","R","?","T","M","M","?","R","M","R","B",null,"M","$","M","?","M","E","M","R","T","R","?","?","M","M","R","B",null,"?","?","?","T","?","T","?","T","T","?","?","?","T","E","T","B",null,null,"T","T","E","B"],"character_chosen":"Librarian","items_purchased":["SenseQuarry","DarkCloud","PageOfRedShoes","Apotheosis","Riposte","PageOfLaetitia","FlashingStrike","ExtremeEdge","Trip","SynthV:MejaisSoulstealer"],"campfire_rested":1,"item_purchase_floors":[5,5,19,19,19,38,38,38,47,54],"current_hp_per_floor":[60,60,60,47,47,43,43,32,32,20,20,20,20,20,39,45,74,67,67,47,47,67,68,72,72,72,72,72,72,72,72,72,70,72,62,62,72,72,61,61,72,72,72,72,72,72,72,50,50,65,7,72,72,72,61,0,0],"gold":-1263,"neow_bonus":"TRANSFORM_CARD","is_daily":false,"chose_seed":false,"campfire_upgraded":8,"win_rate":0.0,"timestamp":1614429615,"path_taken":["M","M","M","?","$","E","R","?","T","M","?","?","R","M","R","BOSS","M","$","M","?","M","E","M","R","T","R","?","?","M","M","R","BOSS","?","?","?","T","?","T","?","T","T","?","?","?","T","E","T","BOSS","T","T","E","BOSS"],"items_purchased_type":["Card","Card","Relic","Card","Card","Relic","Card","Card","Card","Relic"],"build_version":"2020-12-22","purchased_purges":1,"victory":false,"max_hp_per_floor":[65,65,65,65,65,65,65,65,65,68,68,63,64,64,64,74,74,74,74,74,74,72,72,72,72,72,72,72,72,72,72,72,72,72,72,72,72,72,72,72,72,72,72,72,72,72,72,72,72,72,72,72,72,72,72,72,72],"card_choices":[{"not_picked":["FlowOfTheSword","Faith","TheWillOfTheCity"],"picked":"QuickAttack","floor":1.0},{"not_picked":["SmokingPipe","GutHarvesting","StrongStrike"],"picked":"MultiBlock","floor":2.0},{"not_picked":["SmokingPipe","Pound","NightInTheBackstreets"],"picked":"DesperateStruggle","floor":3.0},{"not_picked":["SinglePointStab","Pound","SenseQuarry"],"picked":"SpearedSweep","floor":6.0},{"not_picked":["SkitterAway","SnakesPrey","DirtyBlow"],"picked":"BladeWhirl","floor":10.0},{"not_picked":["MultiHit","SinglePointStab","SnakesPrey"],"picked":"TheWillOfTheCity","floor":11.0},{"not_picked":["HiddenBlade","ForTheFamily","SnakesPrey"],"picked":"SweepTheBackstreets","floor":14.0},{"not_picked":["EnergyCycle","Leap_lor+1","DirtyBlow"],"picked":"WillOfThePrescript","floor":18},{"not_picked":["SunsetBlade+1","Ripple","InhaleSmoke+1"],"picked":"Execute_lor","floor":20},{"not_picked":["SinglePointStab+1","IllEndYou+1","EnergyCycle","Leap_lor+1"],"picked":"SKIP","floor":22},{"not_picked":["HighSpeedStabbing","Guardian_lor+1","SnakesPrey+1"],"picked":"ExtractFuel","floor":23},{"not_picked":["ForTheFamily","MultiBlock","InhaleSmoke","Ripple+1"],"picked":"SKIP","floor":24},{"not_picked":["Guardian_lor+1","EndlessBattle+1","Collision"],"picked":"SharpenedBlade","floor":30},{"not_picked":["FierceCharge","IllEndYou","FieryWaltz"],"picked":"CombatPreparation","floor":31},{"not_picked":["Transpierce","BalefulBrand"],"picked":"UnforgettableMelody","floor":33},{"not_picked":["WillOfThePrescript","EnergyCycle","SnakesPrey"],"picked":"TheWillOfTheCity","floor":35},{"not_picked":["FierceCharge","SmokingPipe","FeatherShield+1"],"picked":"FrontalAssault+1","floor":37},{"not_picked":["ExtractFuel","Parry2","DestructiveImpact"],"picked":"SunsetBlade+1","floor":39},{"not_picked":["FleetEdge+1","SpearedSweep+1","Pound+1","BiteOff+1"],"picked":"SKIP","floor":41},{"not_picked":["Pound","Fence+1","SunsetBlade+1"],"picked":"Faith","floor":44},{"not_picked":["LossOfSenses+1","TraceOfFumes","SpearedSweep","DarkCloud"],"picked":"SKIP","floor":45},{"not_picked":["WillOfThePrescript+1","HiddenBlade","SmokingPipe","FlamingDragonFist"],"picked":"SKIP","floor":46},{"not_picked":["Ripple","WillOfThePrescript","DimensionalRift"],"picked":"FervidEmotions","floor":48},{"not_picked":["SinglePointStab+1","FleetEdge","Pound","LoosenUp+1"],"picked":"SKIP","floor":55}],"player_experience":94398,"relics_obtained":[{"floor":6.0,"key":"HollowMod:PaleOreRelic"},{"floor":9.0,"key":"Replay:Bandana"},{"floor":23,"key":"AT_BladeRuinedKing"},{"floor":36,"key":"ReplayTheSpireMod:Ring of Exchange"},{"floor":36,"key":"Ring of Searing"},{"floor":43,"key":"ReplayTheSpireMod:Ninjato"},{"floor":48,"key":"Simple Rune"},{"floor":55,"key":"HollowDreamFlower"}],"event_choices":[{"damage_healed":0.0,"max_hp_gain":0.0,"max_hp_loss":0.0,"gold_gain":0.0,"event_name":"Shining Light","player_choice":"Entered Light","floor":4.0,"gold_loss":0.0,"damage_taken":13.0,"cards_upgraded":["QuickAttack","Impervious"]},{"damage_healed":0.0,"max_hp_gain":0.0,"max_hp_loss":0.0,"gold_gain":75.0,"event_name":"World of Goop","player_choice":"Gather Gold","floor":8.0,"gold_loss":0.0,"damage_taken":11.0},{"damage_healed":0.0,"max_hp_gain":0.0,"max_hp_loss":5.0,"gold_gain":0.0,"event_name":"Golden Idol","player_choice":"Lose Max HP","floor":12.0,"gold_loss":0.0,"damage_taken":0.0,"relics_obtained":["Golden Idol"]},{"damage_healed":0,"gold_gain":0,"player_choice":"Gave Idol","damage_taken":0,"relics_obtained":["Bloody Idol"],"max_hp_gain":0,"max_hp_loss":0,"event_name":"Forgotten Altar","floor":21,"relics_lost":["Golden Idol"],"gold_loss":0},{"damage_healed":0,"gold_gain":0,"player_choice":"Read","damage_taken":0,"max_hp_gain":0,"max_hp_loss":0,"event_name":"The Library","floor":28,"gold_loss":0,"cards_obtained":["OminousPower"]},{"damage_healed":0,"gold_gain":0,"player_choice":"Obtained Relic","damage_taken":0,"relics_obtained":["Juzu Bracelet"],"max_hp_gain":0,"max_hp_loss":0,"event_name":"Addict","floor":29,"gold_loss":85}],"is_beta":false,"boss_relics":[{"not_picked":["Astrolabe","REME_DemonsWealth"],"picked":"ChewingGum"},{"not_picked":["GreenFoldingFan","FeatherPendant"],"picked":"Painkiller Herb"}],"items_purged_floors":[47],"is_endless":false,"potions_floor_spawned":[1,3,10,23,24,30,31,39,41,46,48],"killed_by":"The Heart","ascension_level":0}}