{"host":"rqgzkpsifhykr0rp","time":1614406602,"event":{"mods":["BaseMod","Colored Map","Downfall","Minty Spire (QoL Compilation)","StSLib"],"gold_per_floor":[99,112,128,139,153,15,15,115,15,43,28,47,47,77,93,188,188,188,206,217,230,244,277,277,290,190,190,75,108,108,122,137,242,242,242,257,257,269,280,280,280,330,550,580,230,243,143,174,189,189,189,224,65,65,65,65,65],"floor_reached":55,"language":"ENG","playtime":4395,"items_purged":["bronze:NullPointer","bronze:Strike","bronze:Strike","bronze:Defend"],"score":856,"play_id":"5fe5e85f-c7a7-4ce2-a55d-675cefcdab99","local_time":"20210227011642","is_ascension_mode":false,"campfire_choices":[{"floor":1,"key":"RECALL"},{"data":"bronze:Repulsor","floor":9,"key":"SMITH"},{"data":"bronze:WhirlingStrike","floor":13,"key":"SMITH"},{"data":"bronze:FineTuning","floor":18,"key":"SMITH"},{"data":"1","floor":26,"key":"LIFT"},{"data":"2","floor":30,"key":"LIFT"},{"data":"3","floor":35,"key":"LIFT"},{"data":"bronze:FindAndReplace","floor":40,"key":"SMITH"},{"data":"bronze:Mutator","floor":47,"key":"SMITH"},{"floor":54,"key":"REST"}],"circlet_count":0,"master_deck":["bronze:Defend","bronze:Defend","bronze:Defend","bronze:Replicate+1","bronze:Goto","bronze:Assembly","bronze:Repulsor+1","bronze:ChosenStrike","bronze:Iterate","bronze:Shield","bronze:Shield","downfall:Haunted","downfall:Haunted","downfall:Haunted","bronze:WhirlingStrike+1","bronze:Iterate+1","bronze:FineTuning+1","bronze:AlphaBuild+1","bronze:Flail+1","bronze:Deprecate","bronze:ForceShield+1","bronze:Frontload","bronze:Constructor","bronze:Format","bronze:AlphaBuild+1","bronze:FindAndReplace+1","bronze:Iterate+1","bronze:Format","bronze:BronzeOrb+1","bronze:Constructor+1","bronze:Philosophize+1","bronze:Mutator+1","bronze:Branch+1","bronze:Overheat+1","bronze:FollowUp+1","bronze:Fortify+1","bronze:FollowUp+1","bronze:ItsAFeature"],"relics":["bronze:PlatinumCore","Meat on the Bone","Du-Vu Doll","downfall:HeartBlessingRed","Molten Egg 2","Sozu","Incense Burner","Girya","downfall:HeartBlessingGreen","bronze:SilverBullet","Calipers","Whetstone","Vajra","downfall:HeartBlessingBlue","Pen Nib","FossilizedHelix"],"acts_visited":["Exordium","TheCity","TheBeyond","TheEnding"],"potions_floor_usage":[6,10,10,20,29],"damage_taken":[{"damage":4,"enemies":"Jaw Worm","floor":2,"turns":9},{"damage":3,"enemies":"Cultist","floor":3,"turns":5},{"damage":10,"enemies":"Small Slimes","floor":4,"turns":5},{"damage":16,"enemies":"Blue Slaver","floor":5,"turns":5},{"damage":5,"enemies":"downfall:FleeingMerchant","floor":6,"turns":4},{"damage":0,"enemies":"Gremlin Nob","floor":10,"turns":2},{"damage":5,"enemies":"downfall:FleeingMerchant","floor":11,"turns":4},{"damage":0,"enemies":"Exordium Wildlife","floor":12,"turns":3},{"damage":2,"enemies":"Lagavulin","floor":14,"turns":4},{"damage":0,"enemies":"Large Slime","floor":15,"turns":3},{"damage":24,"enemies":"IC_STATUS_ARCHETYPE","floor":16,"turns":6},{"damage":0,"enemies":"Spheric Guardian","floor":19,"turns":1},{"damage":10,"enemies":"downfall:LooterAlt2","floor":20,"turns":2},{"damage":9,"enemies":"Centurion and Healer","floor":21,"turns":4},{"damage":11,"enemies":"Snecko","floor":22,"turns":5},{"damage":22,"enemies":"Slavers","floor":23,"turns":2},{"damage":6,"enemies":"Snake Plant","floor":25,"turns":3},{"damage":0,"enemies":"downfall:FleeingMerchant","floor":28,"turns":4},{"damage":0,"enemies":"Book of Stabbing","floor":29,"turns":3},{"damage":0,"enemies":"Shelled Parasite and Fungi","floor":31,"turns":1},{"damage":0,"enemies":"Centurion and Healer","floor":32,"turns":2},{"damage":12,"enemies":"WA_ARCHETYPE_CALM","floor":33,"turns":5},{"damage":0,"enemies":"3 Darklings","floor":36,"turns":2},{"damage":0,"enemies":"Orb Walker","floor":38,"turns":1},{"damage":0,"enemies":"Spire Growth","floor":39,"turns":2},{"damage":0,"enemies":"Spire Growth","floor":42,"turns":3},{"damage":0,"enemies":"downfall:FleeingMerchant","floor":43,"turns":1},{"damage":21,"enemies":"Giant Head","floor":44,"turns":9},{"damage":0,"enemies":"4 Shapes","floor":46,"turns":2},{"damage":0,"enemies":"Reptomancer","floor":48,"turns":2},{"damage":0,"enemies":"3 Darklings","floor":49,"turns":3},{"damage":19,"enemies":"DF_ARCHETYPE_ORBS","floor":50,"turns":8},{"damage":62,"enemies":"downfall:CharBossMerchant","floor":52,"turns":8},{"damage":45,"enemies":"downfall:NeowBoss","floor":55,"turns":9}],"seed_played":"2483723228160023228","potions_obtained":[{"floor":3,"key":"PowerPotion"},{"floor":4,"key":"GamblersBrew"},{"floor":5,"key":"Swift Potion"},{"floor":12,"key":"Fire Potion"},{"floor":14,"key":"Fire Potion"}],"is_trial":false,"path_per_floor":["R","M","M","M","M","$","T","?","R","E","$","M","R","E","M","B",null,"R","M","M","M","M","E","T","M","R","?","$","E","R","M","M","B",null,"R","M","?","M","M","R","T","?","$","E","$","M","R","E","M","B",null,"E","$","R","B"],"character_chosen":"THE_AUTOMATON","items_purchased":["bronze:Shield","Vajra","bronze:Branch+1","bronze:FollowUp+1","bronze:ItsAFeature"],"campfire_rested":1,"item_purchase_floors":[6,45,45,53,53],"current_hp_per_floor":[63,59,56,46,30,25,25,25,25,37,32,32,32,42,42,30,63,63,63,53,44,33,23,23,29,29,29,41,41,41,41,41,41,63,63,63,63,63,63,63,63,63,63,42,42,42,52,52,52,45,73,23,23,44,0,0,0],"gold":65,"neow_bonus":"TRANSFORM_TWO_CARDS","is_daily":false,"chose_seed":false,"campfire_upgraded":5,"win_rate":0.0,"timestamp":1614406602,"path_taken":["R","M","M","M","M","$","T","?","R","E","$","M","R","E","M","BOSS","R","M","M","M","M","E","T","M","R","?","$","E","R","?","M","BOSS","R","M","?","M","M","R","T","?","$","E","$","M","R","E","M","BOSS","E","$","R","BOSS"],"items_purchased_type":["Card","Relic","Card","Card","Card"],"build_version":"2020-12-22","purchased_purges":4,"victory":false,"max_hp_per_floor":[63,63,63,63,63,63,63,63,63,63,63,63,63,63,63,63,63,63,63,63,63,63,63,63,63,63,63,63,63,63,63,63,63,63,63,63,63,63,63,63,63,63,63,63,63,63,73,73,73,73,73,73,73,73,73,73,73],"card_choices":[{"not_picked":["bronze:WildBeam","bronze:NullPointer"],"picked":"bronze:Repulsor","floor":2},{"not_picked":["bronze:BugBarrage","bronze:Repair"],"picked":"bronze:ChosenStrike","floor":3},{"not_picked":["bronze:Flail","bronze:Turbo"],"picked":"bronze:Iterate","floor":4},{"not_picked":["bronze:Turbo","bronze:Invalidate"],"picked":"bronze:Shield","floor":5},{"not_picked":["bronze:ForLoop","bronze:Optimize","bronze:BugBarrage"],"picked":"SKIP","floor":6},{"not_picked":["bronze:Branch","bronze:OilSpill"],"picked":"bronze:WhirlingStrike","floor":10},{"not_picked":["bronze:CutThrough","bronze:DelayedGuard","bronze:ForLoop"],"picked":"SKIP","floor":11},{"not_picked":["bronze:Overheat","bronze:Frontload"],"picked":"bronze:Iterate","floor":12},{"not_picked":["bronze:Mutator","bronze:Frontload"],"picked":"bronze:FineTuning","floor":14},{"not_picked":["bronze:BitShift","bronze:ClassDefault"],"picked":"bronze:Constructor","floor":15},{"not_picked":["bronze:BurnOut+1","bronze:RecursiveStrike+1"],"picked":"bronze:AlphaBuild+1","floor":16},{"not_picked":["bronze:Return","bronze:CloningBeam+1"],"picked":"bronze:Flail+1","floor":19},{"not_picked":["bronze:BugBarrage+1","bronze:OilSpill+1"],"picked":"bronze:Deprecate","floor":20},{"not_picked":["bronze:ForLoop","bronze:Frontload"],"picked":"bronze:ForceShield+1","floor":21},{"not_picked":["bronze:ChosenStrike+1","bronze:BugBarrage+1"],"picked":"bronze:Frontload","floor":22},{"not_picked":["bronze:ChosenStrike+1","bronze:WildBeam+1"],"picked":"bronze:Constructor","floor":23},{"not_picked":["bronze:ForLoop","bronze:Frontload"],"picked":"bronze:Format","floor":25},{"not_picked":["bronze:OilSpill+1","bronze:NullPointer+1","bronze:MaxOutput"],"picked":"SKIP","floor":28},{"not_picked":["bronze:BugBarrage+1","bronze:HyperBeam+1"],"picked":"bronze:FindAndReplace","floor":29},{"not_picked":["bronze:DelayedGuard","bronze:GetLatest","bronze:Overheat+1"],"picked":"SKIP","floor":31},{"not_picked":["bronze:BurnOut+1","bronze:GetLatest"],"picked":"bronze:Iterate+1","floor":32},{"not_picked":["bronze:ThunderWave+1","bronze:FindAndReplace"],"picked":"bronze:Format","floor":33},{"not_picked":["bronze:DelayedSlice+1","bronze:DelayedGuard","bronze:ForLoop+1"],"picked":"SKIP","floor":36},{"not_picked":["bronze:Deprecate","bronze:WhirlingStrike+1"],"picked":"bronze:BronzeOrb+1","floor":38},{"not_picked":["bronze:FineTuning","bronze:Terminator"],"picked":"bronze:Constructor+1","floor":39},{"not_picked":["bronze:WhirlingStrike+1","bronze:FineTuning"],"picked":"bronze:Philosophize+1","floor":43},{"not_picked":["bronze:OilSpill+1","bronze:Philosophize+1"],"picked":"bronze:Mutator","floor":44},{"not_picked":["bronze:DigitalCarnage+1","bronze:OilSpill+1"],"picked":"bronze:Overheat+1","floor":46},{"not_picked":["bronze:Overheat+1","bronze:NullPointer+1"],"picked":"bronze:FollowUp+1","floor":48},{"not_picked":["bronze:DigitalCarnage+1","bronze:DelayedGuard","bronze:BugBarrage+1"],"picked":"SKIP","floor":49},{"not_picked":["bronze:Deprecate+1","bronze:ChosenStrike+1"],"picked":"bronze:Fortify+1","floor":52}],"player_experience":360870,"relics_obtained":[{"floor":7,"key":"Meat on the Bone"},{"floor":10,"key":"Bottled Tornado"},{"floor":14,"key":"Molten Egg 2"},{"floor":23,"key":"Incense Burner"},{"floor":24,"key":"Girya"},{"floor":29,"key":"bronze:SilverBullet"},{"floor":42,"key":"Calipers"},{"floor":44,"key":"Whetstone"},{"floor":48,"key":"Pen Nib"},{"floor":52,"key":"FossilizedHelix"}],"event_choices":[{"cards_removed":["bronze:Constructor"],"damage_healed":0,"gold_gain":0,"player_choice":"Removed Skill","damage_taken":0,"max_hp_gain":0,"max_hp_loss":0,"event_name":"Falling","floor":37,"gold_loss":0}],"is_beta":false,"boss_relics":[{"not_picked":["bronze:MakeshiftBattery","Cursed Key"],"picked":"Sozu"},{"not_picked":["Pandora\u0027s Box","Velvet Choker"],"picked":"bronze:PlatinumCore"}],"items_purged_floors":[6,28,43,45],"is_endless":false,"potions_floor_spawned":[3,4,5,12,14,20,29,31,32,38,44,48,49],"killed_by":"downfall:NeowBoss","ascension_level":0}}