{"host":"0kk91h4bq4kgfj0u","time":1614395171,"event":{"mods":["BaseMod","Bestiary","Block Reminder","Colored Map","Colored Powertips","Curses Come First","Highlight Path","Minty Spire (QoL Compilation)","Relic Stats","StSLib"],"gold_per_floor":[119,179,179,179,196,237,337,360,360,378,407,274,317,342,342,451,451,479,579,599,288,310,310,324,324,324,351,3,3,47,76,76,183,183,207,207,207,216,216,11,11,53,53,79,79,91,91,125,125,125,125],"floor_reached":50,"language":"ENG","playtime":1594,"items_purged":["Strike_R"],"score":605,"play_id":"24b01b31-00f5-4679-addf-6610e3145809","local_time":"20210226220611","is_ascension_mode":false,"campfire_choices":[{"floor":15,"key":"RECALL"},{"floor":23,"key":"REST"},{"floor":25,"key":"REST"},{"data":"Demon Form","floor":29,"key":"SMITH"},{"floor":32,"key":"REST"},{"data":"Searing Blow+1","floor":41,"key":"SMITH"},{"data":"Searing Blow+2","floor":45,"key":"SMITH"},{"floor":47,"key":"REST"},{"floor":49,"key":"REST"}],"circlet_count":0,"master_deck":["Strike_R","Strike_R","Defend_R","Defend_R+1","Defend_R","Defend_R","Bash+1","Hemokinesis","Searing Blow+3","Whirlwind+1","Wild Strike+1","Heavy Blade+1","Rupture","Reaper+1","Twin Strike+1","Demon Form+1","Seeing Red+1","Shrug It Off","Rampage+1","Cleave+1","Flex","Anger+1","Pommel Strike+1","Impervious","Bloodletting","Writhe","Immolate+1","Infernal Blade+1","Iron Wave+1","Armaments"],"relics":["Black Blood","Molten Egg 2","CeramicFish","Torii","Mango","Empty Cage","Lizard Tail","Happy Flower","Lee\u0027s Waffle","Du-Vu Doll","Red Skull","Orichalcum","Mummified Hand","Strawberry"],"acts_visited":["Exordium","TheCity","TheBeyond"],"potions_floor_usage":[10,13,13,16,16,33,48,50,50],"damage_taken":[{"damage":6,"enemies":"Jaw Worm","floor":1,"turns":3},{"damage":9,"enemies":"2 Louse","floor":5,"turns":3},{"damage":45,"enemies":"3 Sentries","floor":6,"turns":10},{"damage":6,"enemies":"Cultist","floor":8,"turns":3},{"damage":3,"enemies":"Lots of Slimes","floor":10,"turns":3},{"damage":1,"enemies":"Looter","floor":11,"turns":2},{"damage":21,"enemies":"Lagavulin","floor":13,"turns":4},{"damage":0,"enemies":"Exordium Wildlife","floor":14,"turns":2},{"damage":43,"enemies":"Slime Boss","floor":16,"turns":10},{"damage":23,"enemies":"3 Byrds","floor":18,"turns":7},{"damage":35,"enemies":"Shell Parasite","floor":20,"turns":6},{"damage":60,"enemies":"Shelled Parasite and Fungi","floor":22,"turns":6},{"damage":53,"enemies":"Chosen and Byrds","floor":24,"turns":8},{"damage":61,"enemies":"3 Cultists","floor":27,"turns":5},{"damage":29,"enemies":"Gremlin Leader","floor":30,"turns":5},{"damage":27,"enemies":"Centurion and Healer","floor":31,"turns":3},{"damage":151,"enemies":"Collector","floor":33,"turns":9},{"damage":33,"enemies":"Orb Walker","floor":35,"turns":3},{"damage":38,"enemies":"Reptomancer","floor":42,"turns":4},{"damage":36,"enemies":"3 Darklings","floor":44,"turns":4},{"damage":37,"enemies":"Spire Growth","floor":46,"turns":4},{"damage":54,"enemies":"Nemesis","floor":48,"turns":7},{"damage":86,"enemies":"Donu and Deca","floor":50,"turns":7}],"seed_played":"-115001172098256465","potions_obtained":[{"floor":1,"key":"BlessingOfTheForge"},{"floor":6,"key":"EntropicBrew"},{"floor":13,"key":"Energy Potion"},{"floor":14,"key":"CultistPotion"},{"floor":20,"key":"FairyPotion"},{"floor":31,"key":"SneckoOil"},{"floor":35,"key":"Weak Potion"},{"floor":48,"key":"Block Potion"}],"is_trial":false,"path_per_floor":["M","?","?","T","M","E","?","M","T","M","M","$","E","M","R","B",null,"M","?","M","$","M","R","M","R","T","M","$","R","E","M","R","B",null,"M","$","?","?","?","$","R","E","T","M","R","M","R","E","R","B"],"character_chosen":"IRONCLAD","items_purchased":["Rupture","Lizard Tail","Happy Flower","Flex","Lee\u0027s Waffle","Red Skull","Immolate+1"],"campfire_rested":5,"item_purchase_floors":[12,21,28,28,28,40,40],"current_hp_per_floor":[88,88,70,70,67,28,28,28,28,31,36,36,35,41,41,16,102,94,94,65,65,29,59,16,46,46,36,109,109,88,67,99,60,109,88,88,88,109,109,109,109,83,83,59,59,43,75,40,74,0,0],"gold":125,"neow_bonus":"TEN_PERCENT_HP_BONUS","is_daily":false,"chose_seed":false,"campfire_upgraded":3,"win_rate":0.0,"timestamp":1614395171,"path_taken":["M","?","?","?","M","E","?","?","T","M","M","?","E","M","R","BOSS","M","?","M","$","M","R","M","R","T","M","$","R","E","?","R","BOSS","M","$","?","?","?","$","R","E","T","?","R","M","R","E","R","BOSS"],"items_purchased_type":["Card","Relic","Relic","Card","Relic","Relic","Card"],"build_version":"2020-12-22","purchased_purges":1,"victory":false,"max_hp_per_floor":[88,88,88,88,88,88,88,88,88,88,88,88,102,102,102,102,102,102,102,102,102,102,102,102,102,102,102,109,109,109,109,109,109,109,109,109,109,109,109,109,109,109,109,109,109,109,109,116,116,116,116],"relic_stats":{"Lizard Tail":54,"Lee\u0027s Waffle":73,"Torii":59,"Happy Flower":[15],"counters":[23,118],"Mummified Hand":[8],"CeramicFish":189,"Black Blood":162,"Orichalcum":[48],"obtain_stats":[{"Lee\u0027s Waffle":28,"Torii":9,"Happy Flower":28,"CeramicFish":6,"Black Blood":34,"Mango":13,"Orichalcum":42,"Empty Cage":17,"Burning Blood":0,"Du-Vu Doll":30,"Lizard Tail":21,"Mummified Hand":43,"Strawberry":48,"Molten Egg 2":4,"Red Skull":40},{"Lee\u0027s Waffle":14,"Torii":4,"Happy Flower":14,"CeramicFish":3,"Black Blood":17,"Mango":7,"Orichalcum":19,"Empty Cage":9,"Burning Blood":0,"Du-Vu Doll":15,"Lizard Tail":11,"Mummified Hand":19,"Strawberry":22,"Molten Egg 2":1,"Red Skull":18},{"Lee\u0027s Waffle":72,"Torii":19,"Happy Flower":72,"CeramicFish":16,"Black Blood":89,"Mango":28,"Orichalcum":96,"Empty Cage":40,"Burning Blood":0,"Du-Vu Doll":77,"Lizard Tail":53,"Mummified Hand":96,"Strawberry":111,"Molten Egg 2":3,"Red Skull":92}]},"card_choices":[{"not_picked":["Sword Boomerang","Havoc"],"picked":"Hemokinesis","floor":1},{"not_picked":["Uppercut+1","Cleave+1"],"picked":"Searing Blow+1","floor":5},{"not_picked":["Bloodletting","Fiend Fire+1"],"picked":"Whirlwind+1","floor":6},{"not_picked":["Sword Boomerang+1","Pummel+1"],"picked":"Wild Strike+1","floor":8},{"not_picked":["Warcry","Clash+1","True Grit"],"picked":"SKIP","floor":10},{"not_picked":["True Grit","Entrench"],"picked":"Heavy Blade+1","floor":11},{"not_picked":["Thunderclap+1","Perfected Strike+1"],"picked":"Reaper+1","floor":13},{"not_picked":["Second Wind","Havoc"],"picked":"Twin Strike+1","floor":14},{"not_picked":["Bludgeon+1","Brutality"],"picked":"Demon Form","floor":16},{"not_picked":["Heavy Blade+1","Havoc"],"picked":"Seeing Red+1","floor":18},{"not_picked":["Clothesline+1","Carnage+1"],"picked":"Shrug It Off","floor":20},{"not_picked":["Shrug It Off","Havoc"],"picked":"Rampage+1","floor":22},{"not_picked":["Dark Embrace","Burning Pact","Havoc+1"],"picked":"SKIP","floor":24},{"not_picked":["Body Slam+1","Thunderclap+1"],"picked":"Cleave+1","floor":27},{"not_picked":["Iron Wave+1","Sword Boomerang+1"],"picked":"Anger+1","floor":30},{"not_picked":["Dropkick+1","Rampage+1"],"picked":"Pommel Strike+1","floor":31},{"not_picked":["Double Tap","Feed+1"],"picked":"Impervious","floor":33},{"not_picked":["Pummel+1","Headbutt+1"],"picked":"Bloodletting","floor":35},{"not_picked":["Entrench","True Grit+1"],"picked":"Infernal Blade+1","floor":42},{"not_picked":["Thunderclap+1","Warcry"],"picked":"Iron Wave+1","floor":44},{"not_picked":["Wild Strike+1","Whirlwind+1","Havoc+1"],"picked":"SKIP","floor":46},{"not_picked":["Infernal Blade+1","Headbutt+1"],"picked":"Armaments","floor":48}],"player_experience":933362,"relics_obtained":[{"floor":4,"key":"Molten Egg 2"},{"floor":6,"key":"CeramicFish"},{"floor":9,"key":"Torii"},{"floor":13,"key":"Mango"},{"floor":30,"key":"Du-Vu Doll"},{"floor":42,"key":"Orichalcum"},{"floor":43,"key":"Mummified Hand"},{"floor":48,"key":"Strawberry"}],"event_choices":[{"damage_healed":0,"gold_gain":60,"player_choice":"Gained Gold","damage_taken":0,"max_hp_gain":0,"max_hp_loss":0,"event_name":"Golden Wing","floor":2,"gold_loss":0},{"damage_healed":0,"gold_gain":0,"player_choice":"Entered Light","damage_taken":18,"max_hp_gain":0,"max_hp_loss":0,"event_name":"Shining Light","floor":3,"gold_loss":0,"cards_upgraded":["Defend_R","Bash"]},{"damage_healed":0,"gold_gain":100,"player_choice":"Gold","damage_taken":0,"max_hp_gain":0,"max_hp_loss":0,"event_name":"Wheel of Change","floor":7,"gold_loss":0},{"damage_healed":0,"gold_gain":100,"player_choice":"Pray","damage_taken":0,"max_hp_gain":0,"max_hp_loss":0,"event_name":"Golden Shrine","floor":19,"gold_loss":0},{"damage_healed":0,"gold_gain":0,"player_choice":"Ignored","damage_taken":0,"max_hp_gain":0,"max_hp_loss":0,"event_name":"Tomb of Lord Red Mask","floor":37,"gold_loss":0},{"damage_healed":27,"gold_gain":0,"player_choice":"Writhe","damage_taken":0,"max_hp_gain":0,"max_hp_loss":0,"event_name":"Winding Halls","floor":38,"gold_loss":0,"cards_obtained":["Writhe"]},{"damage_healed":0,"gold_gain":0,"player_choice":"Ignored","damage_taken":0,"max_hp_gain":0,"max_hp_loss":0,"event_name":"Fountain of Cleansing","floor":39,"gold_loss":0}],"is_beta":false,"boss_relics":[{"not_picked":["Ectoplasm","Runic Dome"],"picked":"Empty Cage"},{"not_picked":["Black Star","Pandora\u0027s Box"],"picked":"Black Blood"}],"items_purged_floors":[12],"is_endless":false,"potions_floor_spawned":[1,6,10,13,14,20,31,35,48],"killed_by":"Donu and Deca","ascension_level":0}}