{"host":"ehbvw7oad5h6kf16","time":1614422901,"event":{"mods":["BaseMod","DeckTracker","Downfall","Minty Spire (QoL Compilation)","StSLib"],"gold_per_floor":[99,118,137,150,161,178,178,178,178,189,189,220,230,258,273,376,376,376,392,420,420,262,262,285,303,328,19,19,19,19,51,71,174,174,74,94,111,111,125,135,135,164,164,179,189,200,200,200,200],"floor_reached":47,"language":"ENG","playtime":2844,"items_purged":[],"score":586,"play_id":"fdf908bf-4c1e-41f3-a29e-4b646349c2a2","local_time":"20210227194821","is_ascension_mode":false,"campfire_choices":[{"data":"sneckomod:SnekBite","floor":1.0,"key":"SMITH"},{"data":"sneckomod:UnknownRareSkill","floor":18.0,"key":"SMITH"},{"data":"sneckomod:UnknownX","floor":23.0,"key":"SMITH"},{"floor":28.0,"key":"REST"},{"floor":30.0,"key":"RECALL"},{"data":"sneckomod:UnknownExhaust","floor":35.0,"key":"SMITH"},{"floor":43,"key":"REST"}],"circlet_count":0,"master_deck":["sneckomod:Strike","sneckomod:Strike+1","sneckomod:Strike","sneckomod:Defend","sneckomod:Defend+1","sneckomod:Defend","sneckomod:TailWhip","sneckomod:SnekBite+1","sneckomod:Unknown","sneckomod:Unknown","sneckomod:Unknown1Cost+1","sneckomod:UnknownX+1","sneckomod:TrashToTreasure+1","sneckomod:Restock+1","sneckomod:UnknownBlock","sneckomod:Unknown0Cost","sneckomod:UnknownExhaust+1","sneckomod:UnknownRareSkill+1","sneckomod:UnknownCommonAttack+1","sneckomod:DefensiveFlair+1","sneckomod:WideSting+1","sneckomod:ImprovisedAttack+1","sneckomod:UnknownClassSLIMEBOUND","sneckomod:UnknownRareAttack+1","sneckomod:RainOfDice+1","sneckomod:ImprovisedAttack+1","sneckomod:MorePower+1","sneckomod:UnendingSupply+1","expansioncontent:DashGenerateEvil+1","expansioncontent:AwakenDeath+1","downfall:Bewildered","sneckomod:Unknown3Cost+1","sneckomod:DiceCrush+1","sneckomod:UnknownUncommonAttack+1","sneckomod:IronFang+1","sneckomod:UnknownRareAttack+1","sneckomod:UnknownRarePower+1","sneckomod:UnknownExhaust+1","sneckomod:Unknown1Cost+1","sneckomod:CheapStock+1","sneckomod:UnknownBlock+1","sneckomod:UnknownBoss+1","sneckomod:MorePower+1","sneckomod:UnknownRareAttack+1","sneckomod:UnknownUncommonSkill+1","sneckomod:UnknownBoss+1","sneckomod:UnknownRarePower+1","sneckomod:Unknown3Cost+1","sneckomod:UnknownX+1"],"relics":["sneckomod:SuperSneckoSoul","HornCleat","InkBottle","Molten Egg 2","Astrolabe","Red Mask","sneckomod:LoadedDie","Oddly Smooth Stone","Frozen Egg 2","sneckomod:BabySnecko","Lantern","downfall:HeartBlessingRed","MealTicket","Ice Cream"],"acts_visited":["Exordium","TheCity","TheBeyond"],"potions_floor_usage":[42,42,47,47],"damage_taken":[{"damage":4.0,"enemies":"Small Slimes","floor":2.0,"turns":3.0},{"damage":3.0,"enemies":"Jaw Worm","floor":3.0,"turns":1.0},{"damage":1.0,"enemies":"Cultist","floor":4.0,"turns":4.0},{"damage":0.0,"enemies":"3 Louse","floor":5.0,"turns":3.0},{"damage":9.0,"enemies":"Red Slaver","floor":6.0,"turns":3.0},{"damage":5.0,"enemies":"2 Fungi Beasts","floor":10.0,"turns":4.0},{"damage":7.0,"enemies":"3 Sentries","floor":12.0,"turns":9.0},{"damage":8.0,"enemies":"downfall:LooterAlt","floor":13.0,"turns":4.0},{"damage":0.0,"enemies":"Gremlin Nob","floor":14.0,"turns":3.0},{"damage":3.0,"enemies":"Exordium Thugs","floor":15.0,"turns":4.0},{"damage":18.0,"enemies":"DF_ARCHETYPE_STREAMLINE","floor":16.0,"turns":11.0},{"damage":3.0,"enemies":"Chosen","floor":19.0,"turns":7.0},{"damage":38.0,"enemies":"Masked Bandits","floor":20.0,"turns":6.0},{"damage":0.0,"enemies":"downfall:FleeingMerchant","floor":22.0,"turns":4.0},{"damage":0.0,"enemies":"downfall:LooterAlt2","floor":25.0,"turns":3.0},{"damage":40.0,"enemies":"Gremlin Leader","floor":26.0,"turns":8.0},{"damage":1.0,"enemies":"downfall:FleeingMerchant","floor":27.0,"turns":4.0},{"damage":0.0,"enemies":"Slavers","floor":31.0,"turns":4.0},{"damage":1.0,"enemies":"Snecko","floor":32.0,"turns":3.0},{"damage":39.0,"enemies":"IC_MUSHROOM_ARCHETYPE","floor":33.0,"turns":7.0},{"damage":11.0,"enemies":"Orb Walker","floor":36.0,"turns":3.0},{"damage":8.0,"enemies":"3 Darklings","floor":37.0,"turns":3.0},{"damage":0.0,"enemies":"Sphere and 2 Shapes","floor":39.0,"turns":3.0},{"damage":25.0,"enemies":"Writhing Mass","floor":40.0,"turns":7.0},{"damage":50,"enemies":"Reptomancer","floor":42,"turns":5},{"damage":14,"enemies":"Jaw Worm Horde","floor":44,"turns":4},{"damage":0,"enemies":"Transient","floor":45,"turns":5},{"damage":18,"enemies":"4 Shapes","floor":46,"turns":5},{"damage":38,"enemies":"Jaw Worm Horde","floor":47,"turns":3}],"seed_played":"-961143726051181669","potions_obtained":[{"floor":2.0,"key":"bronze:BurnAndBuffPotion"},{"floor":6.0,"key":"sneckomod:CheatPotion"},{"floor":13.0,"key":"Energy Potion"},{"floor":14.0,"key":"EssenceOfSteel"},{"floor":16.0,"key":"sneckomod:DiceRollPotion"},{"floor":25.0,"key":"LiquidMemories"},{"floor":26.0,"key":"Weak Potion"},{"floor":31.0,"key":"Regen Potion"},{"floor":33.0,"key":"BlessingOfTheForge"},{"floor":39.0,"key":"Strength Potion"},{"floor":44,"key":"ColorlessPotion"},{"floor":45,"key":"LiquidBronze"}],"is_trial":false,"path_per_floor":["R","M","M","M","M","M","T","?","?","M","R","E","M","E","M","B",null,"R","M","?","?","$","R","T","M","E","$","R","?","R","E","M","B",null,"R","M","M","?","M","M","T","E","R","M","M","M","M"],"character_chosen":"THE_SNECKO","items_purchased":["sneckomod:LoadedDie","sneckomod:UnendingSupply+1","expansioncontent:DashGenerateEvil","expansioncontent:AwakenDeath"],"campfire_rested":2,"item_purchase_floors":[22,27,27,27],"current_hp_per_floor":[99,95,92,91,91,82,82,82,82,77,77,70,62,62,59,41,99,99,96,58,58,58,58,58,58,38,37,66,66,66,66,65,26,99,99,88,80,80,80,55,55,19,48,34,34,21,0,0,0],"gold":200,"neow_bonus":"TEN_PERCENT_HP_BONUS","is_daily":false,"chose_seed":false,"campfire_upgraded":4,"win_rate":0.0,"timestamp":1614422901,"path_taken":["R","M","M","M","M","M","T","?","?","?","R","E","M","E","M","BOSS","R","M","?","?","$","R","T","?","E","$","R","?","R","E","M","BOSS","R","M","M","?","M","M","T","E","R","M","M","M","?"],"items_purchased_type":["Relic","Card","Card","Card"],"build_version":"2020-12-22","purchased_purges":0,"victory":false,"max_hp_per_floor":[99,99,99,99,99,99,99,99,99,99,99,99,99,99,99,99,99,99,99,99,99,99,99,99,99,99,99,99,99,99,99,99,99,99,99,99,99,99,99,99,99,99,99,99,99,99,99,99,99],"card_choices":[{"not_picked":["sneckomod:UnknownWeak","sneckomod:QuickMove"],"picked":"sneckomod:Unknown1Cost","floor":2.0},{"not_picked":["sneckomod:UnknownStrike","sneckomod:QuickMove"],"picked":"sneckomod:UnknownX","floor":3.0},{"not_picked":["sneckomod:DefensiveFlair","sneckomod:UnknownCommonSkill"],"picked":"sneckomod:TrashToTreasure","floor":4.0},{"not_picked":["sneckomod:SoulDraw","sneckomod:QuickBite"],"picked":"sneckomod:SerpentIdol","floor":5.0},{"not_picked":["sneckomod:RainOfDice","sneckomod:UnknownBlock"],"picked":"sneckomod:Restock","floor":6.0},{"not_picked":["sneckomod:Nope","sneckomod:UnknownCommonAttack"],"picked":"sneckomod:UnknownBlock","floor":10.0},{"not_picked":["sneckomod:ImprovisedGuard","sneckomod:SerpentIdol"],"picked":"sneckomod:UnknownBlock","floor":12.0},{"not_picked":["sneckomod:QuickMove","sneckomod:ImprovisedGuard"],"picked":"sneckomod:MasterEye","floor":13.0},{"not_picked":["sneckomod:UnknownWeak","sneckomod:UnknownDraw"],"picked":"sneckomod:Unknown0Cost","floor":14.0},{"not_picked":["sneckomod:QuickBite+1","sneckomod:ImprovisedGuard"],"picked":"sneckomod:UnknownExhaust","floor":15.0},{"not_picked":["sneckomod:Restock","sneckomod:UnlimitedRolls"],"picked":"sneckomod:UnknownRareSkill","floor":16.0},{"not_picked":["sneckomod:Unknown2Cost","sneckomod:SnekBeam+1"],"picked":"sneckomod:ImprovisedAttack+1","floor":19.0},{"not_picked":["sneckomod:WideSting+1","sneckomod:DiceCrush+1"],"picked":"sneckomod:UnknownClassSLIMEBOUND","floor":20.0},{"not_picked":["sneckomod:TrashToTreasure","sneckomod:UnknownExhaust"],"picked":"sneckomod:UnknownRareAttack+1","floor":22.0},{"not_picked":["sneckomod:SnekBeam+1","sneckomod:DiceBlock+1"],"picked":"sneckomod:RainOfDice+1","floor":25.0},{"not_picked":["sneckomod:UnknownVulnerable","sneckomod:Nope"],"picked":"sneckomod:ImprovisedAttack+1","floor":26.0},{"not_picked":["sneckomod:UnknownDraw","sneckomod:UnknownBlock"],"picked":"sneckomod:MorePower+1","floor":27.0},{"not_picked":["sneckomod:UnknownClassTHE_CHAMP_GRAY+1","sneckomod:UnknownUncommonSkill+1"],"picked":"sneckomod:Unknown3Cost+1","floor":31.0},{"not_picked":["sneckomod:UnknownDraw","sneckomod:UnknownX+1"],"picked":"sneckomod:DiceCrush+1","floor":31.0},{"not_picked":["sneckomod:UnknownClassSLIMEBOUND+1","sneckomod:UnknownCommonAttack+1"],"picked":"sneckomod:UnknownUncommonAttack+1","floor":32.0},{"not_picked":["sneckomod:SoulDraw+1","sneckomod:Unknown0Cost"],"picked":"sneckomod:IronFang+1","floor":32.0},{"not_picked":["sneckomod:UnknownDraw+1","sneckomod:Unknown2Cost+1"],"picked":"sneckomod:UnknownRareAttack+1","floor":33.0},{"not_picked":["sneckomod:UnlimitedRolls+1","sneckomod:UnknownBoss"],"picked":"sneckomod:UnknownRarePower+1","floor":33.0},{"not_picked":["sneckomod:UnknownCommonAttack+1","sneckomod:UnknownDraw+1"],"picked":"sneckomod:UnknownExhaust+1","floor":36.0},{"not_picked":["sneckomod:Nope+1","sneckomod:UnknownDraw+1","sneckomod:UnknownCommonAttack+1"],"picked":"SKIP","floor":36.0},{"not_picked":["sneckomod:UnknownWeak+1","sneckomod:UnknownClassGREEN+1"],"picked":"sneckomod:Unknown1Cost+1","floor":37.0},{"not_picked":["sneckomod:UnknownClassTHE_CHAMP_GRAY+1","sneckomod:MasterEye+1"],"picked":"sneckomod:CheapStock+1","floor":37.0},{"not_picked":["sneckomod:QuickBite+1","sneckomod:Nope+1"],"picked":"sneckomod:UnknownBlock+1","floor":39.0},{"not_picked":["sneckomod:UnknownWeak+1","sneckomod:Unknown2Cost+1"],"picked":"sneckomod:UnknownBoss+1","floor":40.0},{"not_picked":["sneckomod:Nope","sneckomod:QuickBite+1","sneckomod:UnknownBlock"],"picked":"SKIP","floor":40.0},{"not_picked":["sneckomod:SnekBeam+1","sneckomod:DiceBoulder+1"],"picked":"sneckomod:MorePower+1","floor":42},{"not_picked":["sneckomod:UnknownDraw+1","sneckomod:Unknown1Cost+1"],"picked":"sneckomod:UnknownRareAttack+1","floor":42},{"not_picked":["sneckomod:UnknownClassSLIMEBOUND+1","sneckomod:UnknownStrike+1"],"picked":"sneckomod:UnknownUncommonSkill+1","floor":44},{"not_picked":["sneckomod:UnknownX+1","sneckomod:UnknownVulnerable+1"],"picked":"sneckomod:UnknownBoss+1","floor":44},{"not_picked":["sneckomod:UnknownCommonAttack+1","sneckomod:RainOfDice+1","sneckomod:QuickBite+1"],"picked":"SKIP","floor":44},{"not_picked":["sneckomod:UnknownUncommonAttack+1","sneckomod:Unknown2Cost+1"],"picked":"sneckomod:UnknownRarePower+1","floor":45},{"not_picked":["sneckomod:UnknownBlock+1","sneckomod:UnknownStrike+1"],"picked":"sneckomod:Unknown3Cost+1","floor":45},{"not_picked":["sneckomod:SoulRoll","sneckomod:UnknownClassTHE_CHAMP_GRAY","sneckomod:SoulDraw+1"],"picked":"SKIP","floor":45},{"not_picked":["sneckomod:UnknownExhaust+1","sneckomod:UnknownVulnerable+1"],"picked":"sneckomod:UnknownX+1","floor":46},{"not_picked":["sneckomod:QuickMove","sneckomod:UnknownUncommonAttack+1","sneckomod:DefensiveFlair"],"picked":"SKIP","floor":46}],"player_experience":198010,"relics_obtained":[{"floor":7.0,"key":"HornCleat"},{"floor":12.0,"key":"InkBottle"},{"floor":14.0,"key":"Molten Egg 2"},{"floor":20.0,"key":"Red Mask"},{"floor":24.0,"key":"Oddly Smooth Stone"},{"floor":26.0,"key":"Frozen Egg 2"},{"floor":31.0,"key":"Lantern"},{"floor":41.0,"key":"MealTicket"},{"floor":42,"key":"Ice Cream"}],"event_choices":[{"cards_removed":["downfall:Malfunctioning"],"damage_healed":0.0,"max_hp_gain":0.0,"max_hp_loss":0.0,"gold_gain":0.0,"event_name":"The Cleric","player_choice":"Card Removal","floor":9.0,"gold_loss":0.0,"damage_taken":0.0},{"damage_healed":0.0,"max_hp_gain":0.0,"max_hp_loss":0.0,"gold_gain":0.0,"event_name":"Masked Bandits","player_choice":"Fought Bandits","floor":20.0,"gold_loss":0.0,"damage_taken":0.0}],"is_beta":false,"boss_relics":[{"not_picked":["Snecko Eye","Velvet Choker"],"picked":"Astrolabe"},{"not_picked":["Empty Cage","Pandora\u0027s Box"],"picked":"sneckomod:SuperSneckoSoul"}],"items_purged_floors":[],"is_endless":false,"potions_floor_spawned":[2,6,13,14,16,25,26,31,33,39,44,45],"killed_by":"Jaw Worm Horde","ascension_level":0}}