{"host":"cr887tuav9g5936w","time":1614419270,"event":{"mods":["BaseMod","Friendly Minions","Hermit","KOR Keyword Fix","Koishi","Marisa£¨Ùöéë¡¡Øª×âÞÞ£©","Minty Spire (QoL Compilation)","Prisma Mod","READ ME - Guardian Mod","StSLib","Td1madao Mod","The Bug Knight","The Cursed","The Gatherer","The Hierophant","The Poker Player"],"gold_per_floor":[109,109,127,127,143,143,143,143,143,181,106,106,137,160,160,288,288],"floor_reached":16,"language":"KOR","playtime":1175,"items_purged":["hierophant:Strike_Hierophant"],"score":158,"play_id":"f1e15e21-98c2-4b55-b3f2-690a9f42d9ed","local_time":"20210227184750","is_ascension_mode":false,"campfire_choices":[{"data":"hierophant:ChurchCoffers","floor":6,"key":"SMITH"},{"data":"hierophant:ThreeLashes","floor":8,"key":"SMITH"},{"data":"hierophant:MorningPrayer","floor":12,"key":"SMITH"},{"data":"hierophant:Punish","floor":15,"key":"SMITH"}],"circlet_count":0,"master_deck":["hierophant:Strike_Hierophant","hierophant:Strike_Hierophant+1","hierophant:Punish+1","hierophant:Defend_Hierophant","hierophant:Defend_Hierophant+1","hierophant:Defend_Hierophant","hierophant:Defend_Hierophant","hierophant:ChurchCoffers+1","hierophant:RepressedViolence","hierophant:MorningPrayer+1","hierophant:ThreeLashes+1","hierophant:HolyVerse"],"relics":["hierophant:PropheticMaskRelic","Toy Ornithopter","Golden Idol","Blue Candle","Lantern","Oddly Smooth Stone"],"acts_visited":["Exordium"],"potions_floor_usage":[10,16],"damage_taken":[{"damage":1,"enemies":"Cultist","floor":1,"turns":4},{"damage":0,"enemies":"Small Slimes","floor":3,"turns":4},{"damage":0,"enemies":"Jaw Worm","floor":5,"turns":6},{"damage":16,"enemies":"Gremlin Nob","floor":10,"turns":4},{"damage":10,"enemies":"Lagavulin","floor":13,"turns":7},{"damage":1,"enemies":"Blue Slaver","floor":14,"turns":3},{"damage":22,"enemies":"The Guardian","floor":16,"turns":16}],"seed_played":"-5782965623273343850","potions_obtained":[{"floor":3,"key":"PowerPotion"},{"floor":10,"key":"SpeedPotion"},{"floor":14,"key":"DuplicationPotion"},{"floor":16,"key":"AttackPotion"}],"is_trial":false,"path_per_floor":["M","?","M","?","M","R","?","R","T","E","$","R","E","M","R","B"],"character_chosen":"HIEROPHANT","items_purchased":[],"campfire_rested":0,"item_purchase_floors":[],"current_hp_per_floor":[74,67,67,52,52,52,52,52,52,41,41,41,31,30,30,13,13],"gold":288,"neow_bonus":"RANDOM_COMMON_RELIC","is_daily":false,"chose_seed":false,"campfire_upgraded":4,"win_rate":0.0,"timestamp":1614419270,"path_taken":["M","?","M","?","M","R","?","R","T","E","?","R","E","?","R","BOSS"],"items_purchased_type":[],"build_version":"2020-12-22","purchased_purges":1,"victory":false,"max_hp_per_floor":[75,75,75,75,75,75,69,69,69,69,69,69,69,69,69,69,69],"card_choices":[{"not_picked":["hierophant:Smite","hierophant:HammerAndAnvil"],"picked":"hierophant:RepressedViolence","floor":1},{"not_picked":["hierophant:EyeForCoin","hierophant:Encroach"],"picked":"hierophant:MorningPrayer","floor":3},{"not_picked":["hierophant:Zeal","hierophant:RepressedViolence"],"picked":"hierophant:ThreeLashes","floor":5},{"not_picked":["hierophant:SecretStash","hierophant:DisplayOfPower","hierophant:Bribe"],"picked":"SKIP","floor":10},{"not_picked":["hierophant:DisplayOfPower","hierophant:FaithHealing","hierophant:MorningPrayer"],"picked":"SKIP","floor":13},{"not_picked":["hierophant:Bribe","hierophant:Racketeering"],"picked":"hierophant:HolyVerse","floor":14}],"player_experience":1300839,"relics_obtained":[{"floor":9,"key":"Blue Candle"},{"floor":10,"key":"Lantern"},{"floor":13,"key":"Oddly Smooth Stone"}],"event_choices":[{"cards_removed":["hierophant:Strike_Hierophant"],"damage_healed":0,"gold_gain":0,"player_choice":"Card Removal","damage_taken":7,"max_hp_gain":0,"max_hp_loss":0,"event_name":"Golden Wing","floor":2,"gold_loss":0},{"damage_healed":0,"gold_gain":0,"player_choice":"Entered Light","damage_taken":15,"max_hp_gain":0,"max_hp_loss":0,"event_name":"Shining Light","floor":4,"gold_loss":0,"cards_upgraded":["hierophant:Defend_Hierophant","hierophant:Strike_Hierophant"]},{"damage_healed":0,"gold_gain":0,"player_choice":"Lose Max HP","damage_taken":0,"relics_obtained":["Golden Idol"],"max_hp_gain":0,"max_hp_loss":6,"event_name":"Golden Idol","floor":7,"gold_loss":0}],"is_beta":false,"boss_relics":[],"items_purged_floors":[11],"is_endless":false,"potions_floor_spawned":[3,10,14,16],"killed_by":"The Guardian","ascension_level":0}}