{"host":"99tfb11iqiu41jyj","time":1614413030,"event":{"mods":["2.2 Compatiblity","AchievementEnabler","BaseMod","Colored Powertips","Downfall","Infinite Spire","Minty Spire (QoL Compilation)","Morshu Shopkeeper - ENHANCED","Poor People Problems","Quick Restart","Reliquary","Replay The Spire","Spicy Shops","Spire Arcade","StSLib"],"gold_per_floor":[99,115,132,151,151,163,217,217,217,8,33,2,2,14,26,128,128,128,143,143,159,159,159,159,193,193,21,21,21,37,51,69,165,165,165,175,175,191,201,218,245,245,25,25,25,50,50,50,61,159,159,159,169,182,201,221,89,89,89,118,136,148,158,158,168,182,278,278,278,292,307,407,407,407,407,407],"floor_reached":74,"language":"ENG","playtime":4906,"items_purged":[],"score":1309,"play_id":"6930878f-7a5a-48e5-b13c-1740861b755b","local_time":"20210227080350","is_ascension_mode":false,"campfire_choices":[{"data":"sneckomod:UnknownColorless","floor":1,"key":"SMITH"},{"floor":13,"key":"REST"},{"data":"sneckomod:DiceBoulder","floor":18,"key":"SMITH"},{"floor":29,"key":"REST"},{"data":"ReplayTheSpireMod:Chaos Vortex","floor":35,"key":"SMITH"},{"floor":45,"key":"REST"},{"floor":47,"key":"REST"},{"data":"sneckomod:DiceBoulder","floor":52,"key":"SMITH"},{"floor":59,"key":"RECALL"},{"data":"sneckomod:SnekBeam","floor":64,"key":"SMITH"},{"data":"sneckomod:Restock","floor":69,"key":"SMITH"}],"circlet_count":0,"master_deck":["sneckomod:TailWhip+1","sneckomod:SnekBite","sneckomod:Unknown+1","sneckomod:Unknown+1","sneckomod:UnknownColorless+1","sneckomod:DiceBlock+1","sneckomod:Restock","sneckomod:UnknownCommonAttack","sneckomod:SerpentIdol","Parasite","sneckomod:DiceBoulder+1","sneckomod:UnknownCommonSkill","sneckomod:UnknownBoss","sneckomod:DiceBoulder+1","sneckomod:UnknownWeak","sneckomod:QuickMove","sneckomod:SerpentMind","sneckomod:SoulCleanse+1","sneckomod:Rotation","ReplayTheSpireMod:Chaos Vortex+1","Slimebound:CheckThePlaybook","downfall:Icky","sneckomod:UnknownX+1","sneckomod:UnknownRareSkill","Replay:Dark Deal","sneckomod:IronFang","sneckomod:UnknownClassRED+1","sneckomod:TrashToTreasure","expansioncontent:YouAreMine","sneckomod:UnknownUncommonAttack","sneckomod:UnknownClassTHE_CHAMP_GRAY","sneckomod:UnknownStrike","sneckomod:UnknownBlock","sneckomod:Unknown0Cost","sneckomod:Unknown1Cost+1","sneckomod:SnekBeam+1","sneckomod:Unknown1Cost+1","sneckomod:UnknownColorless+1","sneckomod:MorePower","sneckomod:WideSting+1","expansioncontent:HyperBeam","expansioncontent:AwakenDeath","expansioncontent:PolyBeam","sneckomod:CheapStock","sneckomod:UnknownClassRED+1","sneckomod:UnendingSupply","sneckomod:Unknown3Cost+1","sneckomod:SoulRoll+1","sneckomod:SoulCleanse","sneckomod:UnknownRareAttack","sneckomod:UnknownDexterity+1","sneckomod:SlitherStrike","sneckomod:UnknownClassTHE_CHAMP_GRAY+1","sneckomod:UnknownStrike+1","sneckomod:Restock+1","sneckomod:Nope","sneckomod:QuickBite","sneckomod:SnakeSap","sneckomod:MasterEye","Apotheosis","sneckomod:DefensiveFlair","sneckomod:UnendingSupply","sneckomod:UnendingSupply","sneckomod:QuickBite","sneckomod:Unknown0Cost+1","sneckomod:UnknownDraw","sneckomod:SoulDraw","sneckomod:SoulRoll","sneckomod:QuickBite","sneckomod:Unknown1Cost","sneckomod:Unknown3Cost","Replay:Fractal Strike","Immolate","sneckomod:RainOfDice+1","sneckomod:UnknownClassTHE_CHAMP_GRAY+1"],"relics":["sneckomod:SuperSneckoSoul","Blue Doll","PreservedInsect","Membership Card","Gremlin Food","Replay:Wax Seal","Replay:Grab Bag","Sozu","ReplayTheSpireMod:Onyx Gauntlets","reliquary:ThirdArm","Replay:Baseball","Bottled Lightning","infinitespire:BottledMercury","infinitespire:PuzzleCube","Quantum Egg","infinitespire:WardingShard","Honey Jar","Strawberry","ReplayFunnel","Omamori","Oddly Smooth Stone","Calipers","Replay:Towering Pillar of Hats","Ring of Chaos","ReplayTheSpireMod:CursedCoin","Counterbalance","Bird Faced Urn","infinitespire:Golems Mask"],"acts_visited":["Exordium","TheCity","TheBeyond","Exordium","TheCity"],"potions_floor_usage":[6,16],"damage_taken":[{"damage":6,"enemies":"2 Louse","floor":2,"turns":3},{"damage":14,"enemies":"Jaw Worm","floor":3,"turns":5},{"damage":0,"enemies":"Small Slimes","floor":4,"turns":4},{"damage":13,"enemies":"Blue Slaver","floor":6,"turns":3},{"damage":0,"enemies":"downfall:FleeingMerchant","floor":10,"turns":4},{"damage":5,"enemies":"downfall:FleeingMerchant","floor":12,"turns":4},{"damage":1,"enemies":"2 Fungi Beasts","floor":14,"turns":3},{"damage":5,"enemies":"downfall:LooterAlt","floor":15,"turns":3},{"damage":73,"enemies":"DF_ARCHETYPE_STREAMLINE","floor":16,"turns":11},{"damage":0,"enemies":"downfall:LooterAlt2","floor":19,"turns":3},{"damage":12,"enemies":"Chosen","floor":21,"turns":6},{"damage":0,"enemies":"Nightmare","floor":25,"turns":2},{"damage":25,"enemies":"downfall:FleeingMerchant","floor":27,"turns":3},{"damage":11,"enemies":"Shelled Parasite and Fungi","floor":30,"turns":2},{"damage":0,"enemies":"Sentry and Sphere","floor":31,"turns":3},{"damage":24,"enemies":"Snake Plant","floor":32,"turns":4},{"damage":24,"enemies":"IC_MUSHROOM_ARCHETYPE","floor":33,"turns":3},{"damage":5,"enemies":"Orb Walker","floor":36,"turns":2},{"damage":0,"enemies":"3 Shapes","floor":38,"turns":3},{"damage":0,"enemies":"Transient","floor":39,"turns":5},{"damage":32,"enemies":"Spire Growth","floor":40,"turns":4},{"damage":17,"enemies":"Nightmare","floor":46,"turns":6},{"damage":15,"enemies":"Jaw Worm Horde","floor":49,"turns":4},{"damage":28,"enemies":"SI_POISON_ARCHETYPE","floor":50,"turns":5},{"damage":0,"enemies":"Small Slimes","floor":53,"turns":1},{"damage":6,"enemies":"Jaw Worm","floor":54,"turns":1},{"damage":0,"enemies":"Cultist","floor":55,"turns":1},{"damage":0,"enemies":"2 Fungi Beasts","floor":56,"turns":3},{"damage":17,"enemies":"3 Sentries","floor":60,"turns":2},{"damage":0,"enemies":"Blue Slaver","floor":61,"turns":1},{"damage":10,"enemies":"downfall:LooterAlt","floor":62,"turns":3},{"damage":0,"enemies":"Lots of Slimes","floor":63,"turns":1},{"damage":3,"enemies":"Blue Slaver","floor":65,"turns":1},{"damage":8,"enemies":"2 Fungi Beasts","floor":66,"turns":2},{"damage":7,"enemies":"Fading Forest","floor":67,"turns":8},{"damage":1,"enemies":"Chosen","floor":70,"turns":2},{"damage":92,"enemies":"Shell Parasite","floor":71,"turns":5},{"damage":30,"enemies":"Cultist and Chosen","floor":74,"turns":2}],"seed_played":"4179251772563915319","potions_obtained":[{"floor":14,"key":"SkillPotion"},{"floor":15,"key":"Guardian:BlockOnCardUsePotion"},{"floor":16,"key":"FearPotion"}],"is_trial":false,"path_per_floor":["R","M","M","M","?","M","T","?","?","$","T","$","R","M","M","B",null,"R","M","?","M","AVR","?","T","NM","T","$","?","R","M","M","M","B",null,"R","M","?","M","M","M","T","?","$","?","R","NM","R","AVR","M","B",null,"R","M","M","M","M","$","T","R","E","M","M","M","R","M","M","B",null,"R","M","M","?","?","M"],"character_chosen":"THE_SNECKO","items_purchased":["Membership Card","Gremlin Food","sneckomod:UnknownCommonSkill","sneckomod:DiceBoulder","Quantum Egg","Replay:Dark Deal","infinitespire:WardingShard","sneckomod:IronFang","sneckomod:UnknownClassRED+1","sneckomod:TrashToTreasure","expansioncontent:YouAreMine","ReplayFunnel","sneckomod:SoulCleanse","sneckomod:UnknownRareAttack","Omamori","Apotheosis","ReplayTheSpireMod:CursedCoin","Counterbalance","sneckomod:DefensiveFlair","sneckomod:UnendingSupply"],"campfire_rested":4,"item_purchase_floors":[10,10,10,12,27,27,27,27,27,27,27,43,43,43,43,57,57,57,57,57],"current_hp_per_floor":[90,84,70,70,70,57,57,39,61,61,61,56,83,88,83,10,90,90,90,90,78,78,78,78,78,78,53,53,80,84,84,60,36,90,90,90,80,80,80,48,55,55,55,55,84,72,97,97,87,90,97,97,97,91,91,91,91,91,91,86,92,96,96,96,94,88,96,97,97,97,15,15,15,0,0,0],"gold":407,"neow_bonus":"THREE_CARDS","is_daily":false,"chose_seed":false,"campfire_upgraded":6,"win_rate":0.0,"timestamp":1614413030,"path_taken":["R","M","M","M","?","M","T","?","?","?","?","$","R","?","M","BOSS","R","M","?","M","AVR","?","T","NM","?","?","?","R","M","?","M","BOSS","R","M","?","M","M","M","T","?","$","?","R","NM","R","AVR","M","BOSS","R","M","?","M","?","?","T","R","E","M","M","M","R","M","M","BOSS","R","M","M","?","?","M"],"items_purchased_type":["Relic","Relic","Card","Card","Relic","Card","Relic","Card","Card","Card","Card","Relic","Card","Card","Relic","Card","Relic","Relic","Card","Card"],"build_version":"2020-12-22","purchased_purges":0,"victory":false,"max_hp_per_floor":[90,90,90,90,90,90,90,90,90,90,90,90,90,90,90,90,90,90,90,90,90,90,90,90,90,90,90,90,90,90,90,90,90,90,90,90,90,90,90,90,97,97,97,97,97,97,97,97,97,97,97,97,97,97,97,97,97,97,97,97,97,97,97,97,97,97,97,97,97,97,97,97,97,97,97,97],"card_choices":[{"not_picked":["sneckomod:UnknownCommonAttack","sneckomod:UnknownBlock"],"picked":"sneckomod:UnknownColorless","floor":0},{"not_picked":["sneckomod:RainOfDice","sneckomod:ImprovisedGuard"],"picked":"sneckomod:DiceBlock","floor":2},{"not_picked":["sneckomod:Unknown0Cost","sneckomod:Nope"],"picked":"sneckomod:Restock","floor":3},{"not_picked":["sneckomod:SoulDraw","sneckomod:DiceCrush"],"picked":"sneckomod:UnknownCommonAttack","floor":4},{"not_picked":["sneckomod:SoulRoll","sneckomod:DiceCrush"],"picked":"sneckomod:SerpentIdol","floor":6},{"not_picked":["sneckomod:UnknownRareSkill","sneckomod:UnknownCommonAttack"],"picked":"sneckomod:DiceBoulder","floor":10},{"not_picked":["sneckomod:SoulDraw","sneckomod:QuickBite"],"picked":"sneckomod:UnknownBoss","floor":12},{"not_picked":["sneckomod:UnknownDraw","sneckomod:TrashToTreasure"],"picked":"sneckomod:UnknownWeak","floor":14},{"not_picked":["sneckomod:UnknownUncommonAttack","sneckomod:Unknown1Cost"],"picked":"sneckomod:QuickMove","floor":15},{"not_picked":["sneckomod:UnlimitedRolls","sneckomod:Restock"],"picked":"sneckomod:SerpentMind","floor":16},{"not_picked":["sneckomod:IronFang","sneckomod:UnknownClassRED"],"picked":"sneckomod:SoulCleanse+1","floor":19},{"not_picked":["sneckomod:UnknownUncommonAttack","sneckomod:SnakeSap"],"picked":"sneckomod:Rotation","floor":21},{"not_picked":["sneckomod:DiceBlock+1","sneckomod:Nope"],"picked":"sneckomod:UnknownX+1","floor":25},{"not_picked":["sneckomod:Nope+1","sneckomod:UnknownCommonAttack"],"picked":"sneckomod:UnknownRareSkill","floor":27},{"not_picked":["sneckomod:RainOfDice","sneckomod:UnknownDraw+1"],"picked":"sneckomod:SnekBeam","floor":30},{"not_picked":["sneckomod:UnknownClassRED","sneckomod:ImprovisedGuard"],"picked":"sneckomod:Unknown1Cost+1","floor":31},{"not_picked":["sneckomod:WideSting","sneckomod:UnknownDexterity"],"picked":"sneckomod:UnknownColorless+1","floor":32},{"not_picked":["sneckomod:DangerNoodle","sneckomod:UnknownRareSkill"],"picked":"sneckomod:MorePower","floor":33},{"not_picked":["sneckomod:SoulCleanse","sneckomod:UnknownClassGREEN+1","sneckomod:Nope+1"],"picked":"sneckomod:WideSting+1","floor":36},{"not_picked":["Replay:SS_fish_1","expansioncontent:LastStand"],"picked":"expansioncontent:HyperBeam","floor":37},{"not_picked":["expansioncontent:PolyBeam","expansioncontent:YouAreMine"],"picked":"expansioncontent:AwakenDeath","floor":37},{"not_picked":["expansioncontent:InvincibleStrength","expansioncontent:AwakenDeath"],"picked":"expansioncontent:PolyBeam","floor":37},{"not_picked":["sneckomod:TrashToTreasure+1","sneckomod:QuickMove","sneckomod:Restock"],"picked":"sneckomod:CheapStock","floor":38},{"not_picked":["sneckomod:UnknownVulnerable+1","sneckomod:UnknownRareSkill+1"],"picked":"sneckomod:UnknownClassRED+1","floor":39},{"not_picked":["sneckomod:Unknown1Cost+1","sneckomod:Nope","sneckomod:UnknownCommonAttack+1"],"picked":"sneckomod:UnendingSupply","floor":39},{"not_picked":["sneckomod:UnknownBoss+1","sneckomod:UnknownExhaust+1"],"picked":"sneckomod:Unknown3Cost+1","floor":40},{"not_picked":["sneckomod:SnekBeam","sneckomod:UnknownDexterity+1","sneckomod:UnknownClassRED+1"],"picked":"sneckomod:SoulRoll+1","floor":40},{"not_picked":["sneckomod:UnknownCommonAttack+1","sneckomod:UnknownExhaust+1"],"picked":"sneckomod:UnknownDexterity+1","floor":46},{"not_picked":["sneckomod:Nope","sneckomod:PureSnecko","sneckomod:UnknownX"],"picked":"sneckomod:SlitherStrike","floor":46},{"not_picked":["sneckomod:Unknown1Cost+1","sneckomod:QuickMove+1","sneckomod:UnknownVulnerable+1"],"picked":"sneckomod:UnknownClassTHE_CHAMP_GRAY+1","floor":49},{"not_picked":["sneckomod:UnknownVulnerable+1","sneckomod:UnknownUncommonAttack+1"],"picked":"sneckomod:UnknownStrike+1","floor":50},{"not_picked":["sneckomod:Unknown3Cost","sneckomod:Mudshield","sneckomod:UnknownRareSkill"],"picked":"sneckomod:Restock","floor":50},{"not_picked":["sneckomod:UnknownClassRED","sneckomod:SoulCleanse","sneckomod:UnknownCommonSkill"],"picked":"sneckomod:Nope","floor":53},{"not_picked":["sneckomod:IronFang","sneckomod:UnknownClassTHE_CHAMP_GRAY","sneckomod:UnknownUncommonAttack"],"picked":"sneckomod:QuickBite","floor":54},{"not_picked":["sneckomod:IronFang","sneckomod:Unknown2Cost","sneckomod:ImprovisedGuard"],"picked":"sneckomod:SnakeSap","floor":55},{"not_picked":["sneckomod:UnknownCommonAttack","sneckomod:UnknownRareAttack","sneckomod:WideSting"],"picked":"sneckomod:MasterEye","floor":56},{"not_picked":["sneckomod:UnknownX","sneckomod:TrashToTreasure","sneckomod:SoulRoll"],"picked":"sneckomod:QuickBite","floor":60},{"not_picked":["sneckomod:UnknownBlock+1","sneckomod:UnknownCommonSkill+1"],"picked":"sneckomod:Unknown0Cost+1","floor":61},{"not_picked":["sneckomod:UnknownClassRED","sneckomod:UnknownX","sneckomod:SerpentIdol"],"picked":"sneckomod:UnknownDraw","floor":61},{"not_picked":["sneckomod:UnknownDraw","sneckomod:UnknownRarePower","sneckomod:UnknownCommonSkill"],"picked":"sneckomod:SoulDraw","floor":62},{"not_picked":["sneckomod:UnknownExhaust","sneckomod:MasterEye","sneckomod:UnknownVulnerable"],"picked":"sneckomod:SoulRoll","floor":63},{"not_picked":["sneckomod:Memorize","sneckomod:WideSting","sneckomod:SoulDraw"],"picked":"sneckomod:QuickBite","floor":65},{"not_picked":["sneckomod:DangerNoodle","sneckomod:QuickBite","sneckomod:DiceBlock"],"picked":"sneckomod:Unknown1Cost","floor":66},{"not_picked":["sneckomod:SoulExchange","sneckomod:MorePower","sneckomod:SerpentMind"],"picked":"sneckomod:Unknown3Cost","floor":67},{"not_picked":["infinitespire:Menacing","ReplayTheSpireMod:Echoes of Time"],"picked":"Replay:Fractal Strike","floor":68},{"not_picked":["sneckomod:UnknownCommonSkill+1","sneckomod:WideSting","sneckomod:UnknownUncommonPower"],"picked":"sneckomod:RainOfDice+1","floor":70},{"not_picked":["sneckomod:Unknown2Cost","sneckomod:RainOfDice","sneckomod:UnendingSupply+1"],"picked":"sneckomod:UnknownClassTHE_CHAMP_GRAY+1","floor":71}],"player_experience":64778,"relics_obtained":[{"floor":7,"key":"Blue Doll"},{"floor":11,"key":"Replay:Wax Seal"},{"floor":24,"key":"Bottled Lightning"},{"floor":25,"key":"infinitespire:BottledMercury"},{"floor":26,"key":"infinitespire:PuzzleCube"},{"floor":41,"key":"Strawberry"},{"floor":44,"key":"Oddly Smooth Stone"},{"floor":46,"key":"Calipers"},{"floor":58,"key":"Bird Faced Urn"}],"event_choices":[{"damage_healed":0,"gold_gain":0,"player_choice":"Grow","damage_taken":0,"max_hp_gain":0,"max_hp_loss":0,"event_name":"Living Wall","floor":5,"gold_loss":0,"cards_upgraded":["sneckomod:TailWhip"]},{"damage_healed":0,"gold_gain":0,"player_choice":"Success","damage_taken":18,"relics_obtained":["PreservedInsect"],"max_hp_gain":0,"max_hp_loss":0,"event_name":"Scrap Ooze","floor":8,"gold_loss":0},{"damage_healed":22,"gold_gain":0,"player_choice":"Healed and dodged fight","damage_taken":0,"max_hp_gain":0,"max_hp_loss":0,"event_name":"Mushrooms","floor":9,"gold_loss":0,"cards_obtained":["Parasite"]},{"damage_healed":0,"gold_gain":0,"player_choice":"Relic","damage_taken":0,"max_hp_gain":0,"max_hp_loss":0,"event_name":"Wheel of Change","floor":44,"gold_loss":0}],"is_beta":false,"boss_relics":[{"not_picked":["Replay:Ancient Bell","Velvet Choker"],"picked":"Replay:Grab Bag"},{"not_picked":["reliquary:WritOfMandamus","Busted Crown"],"picked":"Sozu"},{"not_picked":["ChewingGum","bronze:MakeshiftBattery"],"picked":"ReplayTheSpireMod:Onyx Gauntlets"},{"not_picked":["Runic Pyramid","Kintsugi"],"picked":"reliquary:ThirdArm"},{"not_picked":["Astrolabe","reliquary:Craggleroot"],"picked":"Honey Jar"},{"not_picked":["Replay:Wanted Poster","Abe\u0027s Treasure"],"picked":"Ring of Chaos"},{"not_picked":["Replay:Drink Me","Cursed Key"],"picked":"sneckomod:SuperSneckoSoul"}],"items_purged_floors":[],"is_endless":true,"potions_floor_spawned":[14,15,16,19,21,30,36,38,50,54,56,61,62,63,66,71],"killed_by":"Cultist and Chosen","ascension_level":0}}