{"host":"hxbbrccw7ig68b38","time":1614411108,"event":{"mods":["BaseMod","Hermit","Minty Spire (QoL Compilation)","Replay The Spire","StSLib","The Cursed"],"gold_per_floor":[115,204,220,237,256,256,256,256,556,591,608,608,619,632,597,692,692,712,723,740,740,740,740,758,758,758,777,777,777],"floor_reached":28,"language":"KOR","playtime":1068,"items_purged":[],"score":224,"play_id":"2a69656c-24f3-46b9-bf65-fc4191fcf22a","local_time":"20210227163148","is_ascension_mode":false,"campfire_choices":[{"floor":6,"key":"REST"},{"floor":8,"key":"REST"},{"floor":12,"key":"REST"},{"floor":23,"key":"REST"},{"floor":25,"key":"REST"}],"circlet_count":0,"master_deck":["hermit:Strike_Hermit","hermit:Strike_Hermit","hermit:Strike_Hermit","hermit:Strike_Hermit","hermit:Defend_Hermit","hermit:Defend_Hermit","hermit:Defend_Hermit","hermit:Defend_Hermit","hermit:Snapshot+1","hermit:Covet","hermit:Horror","hermit:TrackingShot","hermit:Quickdraw","hermit:EyeOfTheStorm","hermit:Misfire","hermit:GhostlyPresence","hermit:BodyArmor","hermit:NoHoldsBarred","hermit:Feint","hermit:Malice","hermit:Gambit","Pain","TheCursedMod:Dregs","Pain","hermit:SprayPray","hermit:Snipe","hermit:Roulette+1","Enlightenment","hermit:Grudge"],"relics":["hermit:Momento","Replay:Rubber Ducky","Old Coin","Incense Burner","Replay:Ancient Bell","Bronze Scales","Sundial","Peace Pipe","ReplayTheSpireMod:TigerMarble"],"acts_visited":["Exordium","TheCity"],"potions_floor_usage":[10,20,20,28,28],"damage_taken":[{"damage":0,"enemies":"Small Slimes","floor":1,"turns":3},{"damage":5,"enemies":"2 Louse","floor":3,"turns":4},{"damage":0,"enemies":"Cultist","floor":4,"turns":2},{"damage":9,"enemies":"2 Fungi Beasts","floor":5,"turns":3},{"damage":38,"enemies":"Lagavulin","floor":10,"turns":8},{"damage":0,"enemies":"Large Slime","floor":11,"turns":6},{"damage":7,"enemies":"Blue Slaver","floor":13,"turns":3},{"damage":0,"enemies":"3 Louse","floor":14,"turns":3},{"damage":12,"enemies":"Slime Boss","floor":16,"turns":11},{"damage":22,"enemies":"2 Thieves","floor":18,"turns":4},{"damage":6,"enemies":"Chosen","floor":19,"turns":3},{"damage":24,"enemies":"Centurion and Healer","floor":20,"turns":3},{"damage":16,"enemies":"3 Cultists","floor":24,"turns":5},{"damage":14,"enemies":"Cultist and Chosen","floor":27,"turns":6},{"damage":25,"enemies":"Centurion and Healer","floor":28,"turns":5}],"seed_played":"1912428542898319245","potions_obtained":[{"floor":3,"key":"ColorlessPotion"},{"floor":11,"key":"Block Potion"},{"floor":14,"key":"Venom Potion"},{"floor":16,"key":"SpeedPotion"},{"floor":20,"key":"Ancient Potion"}],"is_trial":false,"path_per_floor":["M","?","M","M","M","R","?","R","T","E","M","R","M","M","R","B",null,"M","M","M","?","?","R","M","R","T","M","M"],"character_chosen":"HERMIT","items_purchased":[],"campfire_rested":5,"item_purchase_floors":[],"current_hp_per_floor":[75,45,40,40,31,53,53,75,75,37,37,59,52,52,70,58,75,53,47,23,23,11,33,17,39,39,25,0,0],"gold":777,"neow_bonus":"RANDOM_EVENT","is_daily":false,"chose_seed":false,"campfire_upgraded":0,"win_rate":0.0,"timestamp":1614411108,"path_taken":["M","?","?","M","M","R","?","R","T","E","M","R","M","M","R","BOSS","M","M","M","?","?","R","M","R","T","M","?"],"items_purchased_type":[],"build_version":"2020-12-22","purchased_purges":0,"victory":false,"max_hp_per_floor":[75,75,75,75,75,75,75,75,75,75,75,75,75,75,75,75,75,75,75,75,75,75,75,75,75,75,75,75,75],"card_choices":[{"not_picked":["hermit:Dive","hermit:WideOpen"],"picked":"hermit:Horror","floor":1},{"not_picked":["hermit:Combo","hermit:EyeOfTheStorm"],"picked":"hermit:TrackingShot","floor":2},{"not_picked":["hermit:Cheat","hermit:TakeAim"],"picked":"hermit:Quickdraw","floor":2},{"not_picked":["hermit:Misfire","hermit:Spite"],"picked":"hermit:EyeOfTheStorm","floor":3},{"not_picked":["hermit:TrackingShot","hermit:Dive"],"picked":"hermit:Misfire","floor":4},{"not_picked":["hermit:Coalescence","hermit:Ricochet"],"picked":"hermit:GhostlyPresence","floor":5},{"not_picked":["hermit:Gambit","hermit:Deadeye"],"picked":"hermit:BodyArmor","floor":10},{"not_picked":["hermit:Glare","hermit:Desperado"],"picked":"hermit:NoHoldsBarred","floor":11},{"not_picked":["hermit:Roulette","hermit:WideOpen"],"picked":"hermit:Feint","floor":13},{"not_picked":["hermit:Misfire","hermit:Desperado"],"picked":"hermit:Malice","floor":14},{"not_picked":["hermit:FinalCanter","hermit:HighNoon"],"picked":"hermit:Gambit","floor":16},{"not_picked":["Overencumbered","hermit:ImpendingDoom"],"picked":"Pain","floor":17},{"not_picked":["ReplayTheSpireMod:Restless Dread","Shame"],"picked":"TheCursedMod:Dregs","floor":17},{"not_picked":["AbeCurse","Spreading Infection"],"picked":"Pain","floor":17},{"not_picked":["hermit:Dive","hermit:Reprieve"],"picked":"hermit:SprayPray","floor":18},{"not_picked":["hermit:WideOpen","hermit:HighCaliber"],"picked":"hermit:Snipe","floor":19},{"not_picked":["hermit:TrackingShot","hermit:ItchyTrigger"],"picked":"hermit:Roulette+1","floor":20},{"not_picked":["hermit:Midnight","hermit:Quickdraw"],"picked":"hermit:Grudge","floor":24},{"not_picked":["hermit:WideOpen","hermit:Maintenance","hermit:BodyArmor+1"],"picked":"SKIP","floor":27}],"player_experience":139316,"relics_obtained":[{"floor":2,"key":"Replay:Rubber Ducky"},{"floor":9,"key":"Old Coin"},{"floor":10,"key":"Incense Burner"},{"floor":26,"key":"ReplayTheSpireMod:TigerMarble"}],"event_choices":[{"damage_healed":0,"gold_gain":0,"player_choice":"Grow","damage_taken":0,"max_hp_gain":0,"max_hp_loss":0,"event_name":"Living Wall","floor":0,"gold_loss":0,"cards_upgraded":["hermit:Snapshot"]},{"damage_healed":0,"gold_gain":0,"player_choice":"Ignored","damage_taken":0,"max_hp_gain":0,"max_hp_loss":0,"event_name":"Shining Light","floor":7,"gold_loss":0},{"damage_healed":18,"gold_gain":0,"player_choice":"Healed","damage_taken":0,"max_hp_gain":0,"max_hp_loss":0,"event_name":"The Cleric","floor":15,"gold_loss":35},{"damage_healed":0,"gold_gain":0,"player_choice":"Ignored","damage_taken":0,"max_hp_gain":0,"max_hp_loss":0,"event_name":"Cursed Tome","floor":21,"gold_loss":0},{"damage_healed":0,"gold_gain":0,"player_choice":"CARD ","damage_taken":12,"max_hp_gain":0,"max_hp_loss":0,"event_name":"Knowing Skull","floor":22,"potions_obtained":[],"gold_loss":0,"cards_obtained":["Enlightenment"]}],"is_beta":false,"boss_relics":[{"not_picked":["Abe\u0027s Treasure","Replay:Bronze Core"],"picked":"Replay:Ancient Bell"},{"not_picked":["Art of War","Blood Vial"],"picked":"Bronze Scales"},{"not_picked":["Matryoshka","Replay:Bottled Flurry"],"picked":"Sundial"},{"not_picked":["Replay:Towering Pillar of Hats","hermit:RedScarf"],"picked":"Peace Pipe"}],"items_purged_floors":[],"is_endless":false,"potions_floor_spawned":[3,11,14,16,18,20],"killed_by":"Centurion and Healer","ascension_level":0}}