{"host":"q57ekfojy3i00x9o","time":1614413421,"event":{"mods":["Act Like it!","Arknights","Aspiration","BaseMod","Colored Map","Energized Spire","Hermit","Minty Spire (QoL Compilation)","Quick Restart","Ruina","Spicy Shops","Spikes Relics","StSLib","slay the spire mod where everything is the same but ironclad has a cowboy hat"],"gold_per_floor":[144,189,364,95,140,140,215,215,240,330,330,375,180,180,180,480,480,525,525,570,570,615,615,470,470,470,560,560,650,214,259,259,559,559,604,604,604,514,82,82,82,127,152,152,2,2,65,74,74,83],"floor_reached":51,"language":"RUS","playtime":1265,"items_purged":["Strike_B","Defend_B"],"score":927,"play_id":"1632adb7-e3c0-4e83-a2e1-c7533a5f3781","local_time":"20210227131021","daily_mods":["Cursed Run","Diverse","Midas"],"is_ascension_mode":false,"campfire_choices":[{"floor":6.0,"key":"REST"},{"floor":8.0,"key":"REST"},{"floor":15.0,"key":"REST"},{"floor":23.0,"key":"REST"},{"floor":25.0,"key":"REST"},{"floor":32.0,"key":"REST"},{"floor":40,"key":"REST"},{"floor":44,"key":"REST"},{"data":"Writhe","floor":46,"key":"PURGE"},{"data":"ats:Healing Drone+1","floor":49,"key":"PURGE"}],"circlet_count":0,"master_deck":["Strike_B+1","Strike_B+1","Strike_B+1","Defend_B+1","Defend_B+1","Defend_B+1","Zap+1","Dualcast+1","Metallicize+1","Sword Boomerang+1","Doubt","ats:Collapsing Strike+1","Calculated Gamble+1","Streamline+1","CloudedMind","hermit:WideOpen+1","ats:Explosion Area Strengthen+1","Clothesline+1","Regret","Writhe","hermit:Reprieve+1","Tactician+1","ats:Overload+1","Iron Wave+1","ats:Curse Doll+1","ats:Thermite Blade+1","ats:Charging Defense+1","hermit:FinalCanter+1","Writhe","Echo Form+1","Thunderclap+1","hermit:Shortfuse+1","ats:Guard Mode+1","hermit:WideOpen+1","Swift Strike+1","Parasite","Go for the Eyes+1","Prepared+1","Hatred","Hyperbeam+1","ats:Collapsing Strike+1","ats:Mental Burst+1","Dramatic Entrance+1","FlyingSleeves+1","Clothesline+1","hermit:WideOpen+1","Notoriety","Clumsy"],"relics":["Cursed Key","Darkstone Periapt","Du-Vu Doll","Prayer Wheel","ats:Originium","Molten Egg 2","Toolbox","Bottled Lightning","Sozu","aspiration:Stabinomicon","InkBottle","HyperAlloy","Peace Pipe","Akabeko","Orrery","GiantMaggot","energizedSpire:MagnifyingGlass","Mark of the Bloom","DataDisk","CeramicFish","Medical Kit","LugNut"],"acts_visited":["Exordium","TheCity","TheBeyond"],"potions_floor_usage":[],"damage_taken":[{"damage":0.0,"enemies":"Small Slimes","floor":1.0,"turns":4.0},{"damage":0.0,"enemies":"Cultist","floor":2.0,"turns":4.0},{"damage":0.0,"enemies":"2 Louse","floor":5.0,"turns":2.0},{"damage":0.0,"enemies":"3 Sentries","floor":10.0,"turns":6.0},{"damage":0.0,"enemies":"Large Slime","floor":12.0,"turns":2.0},{"damage":42.0,"enemies":"The Guardian","floor":16.0,"turns":10.0},{"damage":7.0,"enemies":"Spheric Guardian","floor":18.0,"turns":3.0},{"damage":15.0,"enemies":"Shell Parasite","floor":20.0,"turns":3.0},{"damage":10.0,"enemies":"Centurion and Healer","floor":22.0,"turns":4.0},{"damage":13.0,"enemies":"Book of Stabbing","floor":27.0,"turns":3.0},{"damage":21.0,"enemies":"Gremlin Leader","floor":29.0,"turns":6.0},{"damage":6.0,"enemies":"3 Cultists","floor":31.0,"turns":3.0},{"damage":34.0,"enemies":"Collector","floor":33.0,"turns":5.0},{"damage":9.0,"enemies":"3 Darklings","floor":35.0,"turns":2.0},{"damage":15,"enemies":"3 Shapes","floor":42,"turns":1},{"damage":0,"enemies":"3 Darklings","floor":47,"turns":2},{"damage":41,"enemies":"Awakened One","floor":50,"turns":6}],"seed_played":"-2463471341485849212","potions_obtained":[{"floor":1.0,"key":"BlessingOfTheForge"},{"floor":5.0,"key":"Swift Potion"},{"floor":10.0,"key":"Dexterity Potion"}],"is_trial":false,"path_per_floor":["M","M","?","$","M","R","?","R","T","E","?","M","$","T","R","B",null,"M","?","M","?","M","R","$","R","T","E","?","E","$","M","R","B",null,"M","?","?","?","$","R","$","M","T","R","$","R","M","T","R","B",null],"character_chosen":"DEFECT","items_purchased":["Prayer Wheel","ats:Collapsing Strike","Calculated Gamble","Clothesline+1","Toolbox","hermit:FinalCanter+1","Orrery","Swift Strike+1","GiantMaggot","ats:Mental Burst+1","Dramatic Entrance+1","DataDisk","Medical Kit"],"campfire_rested":8,"item_purchase_floors":[4,4,4,13,13,24,30,30,30,39,39,39,45],"current_hp_per_floor":[75,75,81,81,81,81,70,81,87,87,87,87,87,93,93,60,99,92,76,61,61,73,99,99,99,105,92,92,83,89,83,111,87,117,108,108,108,108,108,108,108,93,93,93,93,93,93,93,93,52],"gold":83,"neow_bonus":"","is_daily":true,"chose_seed":false,"campfire_upgraded":0,"win_rate":0.0,"timestamp":1614413421,"path_taken":["M","M","?","$","M","R","?","R","T","E","?","?","$","?","R","BOSS","M","?","M","?","M","R","$","R","T","E","?","E","$","M","R","BOSS","M","?","?","?","$","R","$","?","T","R","?","R","?","?","R","BOSS"],"items_purchased_type":["Relic","Card","Card","Card","Relic","Card","Relic","Card","Relic","Card","Card","Relic","Relic"],"build_version":"2020-12-22","purchased_purges":2,"victory":true,"max_hp_per_floor":[75,75,81,81,81,81,81,81,87,87,87,87,87,93,93,99,99,99,99,99,99,99,99,99,99,105,105,105,105,111,111,111,117,117,117,111,111,111,111,111,111,111,117,117,117,117,117,123,123,129],"card_choices":[{"not_picked":["hermit:HoleUp","ats:Directed Diagnosis"],"picked":"Metallicize","floor":1.0},{"not_picked":["Indignation","ThirdEye"],"picked":"Sword Boomerang","floor":2.0},{"not_picked":["Weave","Underhanded Strike"],"picked":"ats:Healing Drone","floor":5.0},{"not_picked":["Compile Driver","PathToVictory"],"picked":"Streamline","floor":5.0},{"not_picked":["Blade Dance","ShadowRift+1"],"picked":"hermit:WideOpen+1","floor":10.0},{"not_picked":["hermit:ShadowCloak","Hello World"],"picked":"ats:Explosion Area Strengthen+1","floor":12.0},{"not_picked":["ats:Assault Order","PiercingWail","MentalFortress"],"picked":"SKIP","floor":12.0},{"not_picked":["Brutality","Juggernaut"],"picked":"hermit:Reprieve","floor":16.0},{"not_picked":["Dark Embrace","hermit:GhostlyPresence"],"picked":"Tactician","floor":18.0},{"not_picked":["Infernal Blade","EmptyBody"],"picked":"ats:Overload+1","floor":18.0},{"not_picked":["InfectiousVector","Consume"],"picked":"Cold Snap+1","floor":20.0},{"not_picked":["Sword Boomerang+1","Hologram"],"picked":"Iron Wave+1","floor":20.0},{"not_picked":["EmptyFist+1","Acrobatics"],"picked":"ats:Thermite Blade+1","floor":22.0},{"not_picked":["ClearTheMind","hermit:Snipe"],"picked":"ats:Charging Defense","floor":22.0},{"not_picked":["Fire Breathing","True Grit"],"picked":"Echo Form","floor":27.0},{"not_picked":["hermit:EternalForm","ats:Absolute Focus","Halt"],"picked":"SKIP","floor":29.0},{"not_picked":["Barrage+1","Bane+1"],"picked":"Thunderclap+1","floor":30.0},{"not_picked":["Sanctity","Rip and Tear+1"],"picked":"hermit:Shortfuse+1","floor":30.0},{"not_picked":["Reflex+1","ats:Thermite Blade+1"],"picked":"ats:Guard Mode","floor":30.0},{"not_picked":["Prostrate","Melter+1"],"picked":"hermit:WideOpen+1","floor":30.0},{"not_picked":["Warcry","Poisoned Stab+1"],"picked":"Go for the Eyes+1","floor":31.0},{"not_picked":["FlurryOfBlows+1","hermit:TrackingShot+1"],"picked":"Prepared+1","floor":31.0},{"not_picked":["hermit:Dissolve","ats:Roar Of Ursus"],"picked":"Hyperbeam+1","floor":33.0},{"not_picked":["SashWhip+1","Consecrate+1"],"picked":"ats:Collapsing Strike+1","floor":35.0},{"not_picked":["Evaluate","SashWhip+1","Evolve+1"],"picked":"SKIP","floor":35.0},{"not_picked":["Glacier+1","Flex"],"picked":"FlyingSleeves+1","floor":42},{"not_picked":["InnerPeace+1","Absolvement","Coolheaded"],"picked":"SKIP","floor":42},{"not_picked":["hermit:Deadeye+1","Ball Lightning+1"],"picked":"Clothesline+1","floor":47},{"not_picked":["Go for the Eyes+1","hermit:Determination+1"],"picked":"hermit:WideOpen+1","floor":47}],"player_experience":797418,"relics_obtained":[{"floor":10.0,"key":"ats:Originium"},{"floor":10.0,"key":"Molten Egg 2"},{"floor":14.0,"key":"Bottled Lightning"},{"floor":19.0,"key":"aspiration:Stabinomicon"},{"floor":26.0,"key":"InkBottle"},{"floor":27.0,"key":"ats:Originium"},{"floor":27.0,"key":"HyperAlloy"},{"floor":29.0,"key":"ats:Originium"},{"floor":29.0,"key":"Akabeko"},{"floor":43,"key":"CeramicFish"},{"floor":48,"key":"LugNut"}],"event_choices":[{"damage_healed":0.0,"max_hp_gain":0.0,"max_hp_loss":0.0,"gold_gain":175.0,"event_name":"Liars Game","player_choice":"AGREE","floor":3.0,"gold_loss":0.0,"damage_taken":0.0,"cards_obtained":["Doubt"]},{"damage_healed":0.0,"max_hp_gain":0.0,"max_hp_loss":0.0,"gold_gain":75.0,"event_name":"World of Goop","player_choice":"Gather Gold","floor":7.0,"gold_loss":0.0,"damage_taken":11.0},{"damage_healed":0.0,"max_hp_gain":0.0,"max_hp_loss":0.0,"gold_gain":0.0,"event_name":"The Woman in Blue","player_choice":"Bought 0 Potions","floor":11.0,"gold_loss":0.0,"damage_taken":0.0},{"damage_healed":0.0,"max_hp_gain":0.0,"max_hp_loss":0.0,"gold_gain":0.0,"event_name":"Cursed Tome","player_choice":"Obtained Book","floor":19.0,"gold_loss":0.0,"damage_taken":16.0},{"damage_healed":0.0,"max_hp_gain":0.0,"max_hp_loss":0.0,"gold_gain":0.0,"event_name":"The Library","player_choice":"Read","floor":21.0,"gold_loss":0.0,"damage_taken":0.0,"cards_obtained":["ats:Curse Doll"]},{"damage_healed":0.0,"max_hp_gain":0.0,"max_hp_loss":0.0,"gold_gain":0.0,"event_name":"The Mausoleum","player_choice":"Opened","floor":28.0,"gold_loss":0.0,"damage_taken":0.0,"relics_obtained":["Peace Pipe"]},{"damage_healed":0.0,"max_hp_gain":0.0,"max_hp_loss":6.0,"gold_gain":0.0,"event_name":"Winding Halls","player_choice":"Max HP","floor":36.0,"gold_loss":0.0,"damage_taken":0.0},{"damage_healed":0.0,"max_hp_gain":0.0,"max_hp_loss":0.0,"gold_gain":0.0,"event_name":"MindBloom","player_choice":"Upgrade","floor":37.0,"gold_loss":0.0,"damage_taken":0.0,"cards_upgraded":["Strike_B","Strike_B","Strike_B","Defend_B","Defend_B","Defend_B","Zap","Dualcast","Metallicize","Sword Boomerang","ats:Collapsing Strike","Calculated Gamble","ats:Healing Drone","Streamline","hermit:Reprieve","Tactician","ats:Curse Doll","ats:Charging Defense","Echo Form","ats:Guard Mode"],"relics_obtained":["Mark of the Bloom"]},{"cards_removed":["Cold Snap"],"damage_healed":0.0,"max_hp_gain":0.0,"max_hp_loss":0.0,"gold_gain":0.0,"event_name":"Designer","player_choice":"Removal","floor":38.0,"gold_loss":90.0,"damage_taken":0.0}],"is_beta":false,"boss_relics":[{"not_picked":["Fusion Hammer","Ectoplasm"],"picked":"Sozu"},{"not_picked":["aspiration:SilentSkillbook","Busted Crown"],"picked":"energizedSpire:MagnifyingGlass"}],"items_purged_floors":[13,30],"is_endless":false,"potions_floor_spawned":[1,5,10,22,27,31,47],"ascension_level":0}}