{"host":"sim2kxx81cjsn49b","time":1614448388,"event":{"mods":["BaseMod","Minty Spire (QoL Compilation)","Quick Restart","Reliquary","StSLib","TestMod","The Bladedancer","Waifu the Spire"],"gold_per_floor":[117,117,117,117,127,127,202,202,202,233,7,24,50,67,67,166,166,179,191,201,201,214,248,248,278,350,980,997,1026,591,611,611,709,709,729,729,1728,1728,1740,2140,2140,2158,2181,616,635,664,681,700,700,700,700,700,97,130,130],"floor_reached":56,"language":"ZHS","playtime":2632,"items_purged":["blademaster:Defend","blademaster:Strike","Normality","blademaster:LightningCrash"],"score":1571,"play_id":"1d8286d9-801b-458f-955d-e7cd5a8b6b97","local_time":"20210228015308","is_ascension_mode":false,"campfire_choices":[{"data":"blademaster:Bloodbath","floor":6.0,"key":"SMITH"},{"data":"blademaster:BladeCross","floor":8.0,"key":"SMITH"},{"data":"blademaster:RagingBlow","floor":15,"key":"SMITH"},{"data":"blademaster:Empower","floor":24,"key":"SMITH"},{"data":"blademaster:Havoc","floor":32,"key":"SMITH"},{"floor":49,"key":"RECALL"},{"data":"blademaster:Frontflip","floor":52,"key":"SMITH"}],"circlet_count":0,"master_deck":["blademaster:RagingBlow+1","blademaster:HighVoltage","blademaster:BladeCross+1","blademaster:Bloodbath+1","blademaster:CombatPrep","blademaster:Havoc+1","blademaster:TraverseCut","blademaster:Empower+1","blademaster:ThunderingOpener","blademaster:UnrelentingWind","blademaster:ColdBlood","blademaster:WindSlash+1","blademaster:RollingTyphoon","blademaster:Frontflip+1","blademaster:WindSlash","blademaster:Flash","blademaster:Havoc","blademaster:Stability+1","blademaster:OneTrickPony","blademaster:Havoc+1","blademaster:BrainBloom+1","blademaster:ColdBlood","blademaster:BladeMastery","blademaster:OneTrickPony+1"],"relics":["blademaster:DancersAmulet","testmod-SaigiyounoYou","NeowsBlessing","reliquary:NewFriend","reliquary:TuningFork","Bag of Preparation","Incense Burner","Sozu","Dream Catcher","reliquary:Knoch","The Courier","Bottled Lightning","testmod-Alchemist","Lantern","Coffee Dripper","Spirit Poop","testmod-Antiphasic","Vajra","Pocketwatch","testmod-Fortitude","Bag of Marbles","Omamori","Oddly Smooth Stone","Blue Candle","testmod-BouquetWithThorns","reliquary:ExpiredCoupon","reliquary:BrokenClock","testmod-ArcanaOfDestiny","Anchor"],"acts_visited":["Exordium","TheCity","TheBeyond","TheEnding"],"potions_floor_usage":[55,55],"damage_taken":[{"damage":0.0,"enemies":"2 Louse","floor":1.0,"turns":1.0},{"damage":0.0,"enemies":"Jaw Worm","floor":5.0,"turns":1.0},{"damage":0,"enemies":"Gremlin Nob","floor":10,"turns":1},{"damage":0,"enemies":"Small Slimes","floor":12,"turns":3},{"damage":22,"enemies":"Lagavulin","floor":13,"turns":4},{"damage":0,"enemies":"3 Louse","floor":14,"turns":2},{"damage":20,"enemies":"The Guardian","floor":16,"turns":6},{"damage":0,"enemies":"3 Byrds","floor":18,"turns":3},{"damage":0,"enemies":"Spheric Guardian","floor":19,"turns":2},{"damage":0,"enemies":"Snake Plant","floor":20,"turns":2},{"damage":0,"enemies":"3 Cultists","floor":22,"turns":3},{"damage":0,"enemies":"Gremlin Leader","floor":23,"turns":2},{"damage":0,"enemies":"Slavers","floor":25,"turns":3},{"damage":0,"enemies":"Shelled Parasite and Fungi","floor":28,"turns":2},{"damage":0,"enemies":"Gremlin Leader","floor":29,"turns":2},{"damage":0,"enemies":"Snecko","floor":31,"turns":2},{"damage":36,"enemies":"Champ","floor":33,"turns":8},{"damage":0,"enemies":"3 Darklings","floor":35,"turns":1},{"damage":0,"enemies":"Orb Walker","floor":39,"turns":1},{"damage":0,"enemies":"Writhing Mass","floor":42,"turns":3},{"damage":9,"enemies":"Sphere and 2 Shapes","floor":45,"turns":1},{"damage":0,"enemies":"Reptomancer","floor":46,"turns":1},{"damage":0,"enemies":"Jaw Worm Horde","floor":47,"turns":1},{"damage":0,"enemies":"Transient","floor":48,"turns":4},{"damage":0,"enemies":"Donu and Deca","floor":50,"turns":2},{"damage":0,"enemies":"Shield and Spear","floor":54,"turns":1},{"damage":1,"enemies":"The Heart","floor":55,"turns":2}],"seed_played":"-4831171155238989578","potions_obtained":[{"floor":1.0,"key":"PowerPotion"},{"floor":5.0,"key":"GamblersBrew"},{"floor":10,"key":"Strength Potion"}],"is_trial":false,"path_per_floor":["M","?","T","?","M","R","?","R","T","E","$","M","E","M","R","B",null,"M","M","M","?","M","E","R","E","T","?","M","E","$","M","R","B",null,"M","?","?","?","M","?","?","M","T","$","M","E","M","M","R","B",null,"R","$","E","B",null],"character_chosen":"THE_BLADEMASTER","items_purchased":["Bag of Preparation","testmod-Alchemist","Lantern","blademaster:OneTrickPony","Vajra","Pocketwatch","testmod-Fortitude","Bag of Marbles","Omamori","Oddly Smooth Stone","Blue Candle","testmod-BouquetWithThorns","reliquary:BrokenClock","testmod-ArcanaOfDestiny","reliquary:FerryPass","blademaster:BladeMastery"],"campfire_rested":0,"item_purchase_floors":[11,30,30,44,44,44,44,44,44,44,44,44,53,53,53,53],"current_hp_per_floor":[75,75,75,50,51,51,40,40,40,41,41,49,40,53,53,67,75,75,75,75,75,75,75,75,75,75,6,22,48,48,65,65,75,75,75,75,75,75,75,75,75,75,75,75,75,75,75,75,75,75,75,75,75,75,75],"gold":130,"neow_bonus":"THREE_ENEMY_KILL","is_daily":false,"chose_seed":false,"campfire_upgraded":6,"win_rate":0.0,"timestamp":1614448388,"path_taken":["M","?","?","?","M","R","?","R","T","E","?","M","E","?","R","BOSS","M","M","M","?","M","E","R","E","T","?","?","E","$","M","R","BOSS","M","?","?","?","M","?","?","M","T","$","M","E","M","M","R","BOSS","R","$","E","BOSS"],"items_purchased_type":["Relic","Relic","Relic","Card","Relic","Relic","Relic","Relic","Relic","Relic","Relic","Relic","Relic","Relic","Relic","Card"],"build_version":"2020-12-22","purchased_purges":4,"victory":true,"max_hp_per_floor":[75,75,75,75,75,75,75,75,75,75,75,75,75,75,75,75,75,75,75,75,75,75,75,75,75,75,75,75,75,75,75,75,75,75,75,75,75,75,75,75,75,75,75,75,75,75,75,75,75,75,75,75,75,75,75],"card_choices":[{"not_picked":["blademaster:BladeMastery","blademaster:Frontflip"],"picked":"blademaster:BladeCross","floor":1.0},{"not_picked":["blademaster:AwakeningDefend","blademaster:Frontflip"],"picked":"blademaster:CombatPrep","floor":5.0},{"not_picked":["blademaster:Frontflip","blademaster:ThunderSlash","blademaster:Flash"],"picked":"SKIP","floor":10},{"not_picked":["blademaster:BloodyBlow","blademaster:Safeguard"],"picked":"blademaster:Havoc","floor":12},{"not_picked":["blademaster:Quickstep","blademaster:Discharge","blademaster:ParryingStrike"],"picked":"SKIP","floor":13},{"not_picked":["blademaster:AspectOfLightning","blademaster:Overcharge"],"picked":"blademaster:TraverseCut","floor":14},{"not_picked":["blademaster:ColdBlood","blademaster:BladeDance"],"picked":"blademaster:Empower","floor":16},{"not_picked":["blademaster:Sharpen","blademaster:SharpBlades"],"picked":"blademaster:ThunderingOpener","floor":18},{"not_picked":["blademaster:AwakeningDefend","blademaster:SharpBlades","blademaster:AspectOfWind+1"],"picked":"SKIP","floor":19},{"not_picked":["blademaster:SlyStabs","blademaster:KiBarrier"],"picked":"blademaster:UnrelentingWind","floor":20},{"not_picked":["blademaster:Sharpen","blademaster:BloodyBlow","blademaster:AwakeningStrike+1"],"picked":"SKIP","floor":22},{"not_picked":["blademaster:BladeCross","blademaster:AspectOfWind","blademaster:Quickstep"],"picked":"SKIP","floor":23},{"not_picked":["blademaster:DragonStrike","blademaster:AwakeningDefend","blademaster:BrainBloom"],"picked":"SKIP","floor":25},{"not_picked":["blademaster:Flurry+1","blademaster:ThunderSlash"],"picked":"blademaster:ColdBlood","floor":28},{"not_picked":["blademaster:Sharpen+1","blademaster:KiBarrier","blademaster:AspectOfWind"],"picked":"SKIP","floor":29},{"not_picked":["blademaster:Vortex","blademaster:Thrust"],"picked":"blademaster:WindSlash+1","floor":31},{"not_picked":["blademaster:CloudOfSteel","blademaster:ColdBlood"],"picked":"blademaster:RollingTyphoon","floor":33},{"not_picked":["blademaster:AirSlash","blademaster:AspectOfLightning","blademaster:BladeCross"],"picked":"SKIP","floor":35},{"not_picked":["blademaster:Slice","blademaster:Cut+1","blademaster:BloodyBlow"],"picked":"SKIP","floor":39},{"not_picked":["blademaster:Stability+1","blademaster:Quickstep","blademaster:CombatPrep"],"picked":"SKIP","floor":42},{"not_picked":["blademaster:Quickstep","blademaster:CombatPrep"],"picked":"blademaster:Stability+1","floor":42},{"not_picked":["blademaster:AwakeningDefend+1","blademaster:DaggerAndCloak"],"picked":"blademaster:Havoc+1","floor":45},{"not_picked":["blademaster:Discharge+1","blademaster:CombatPrep"],"picked":"blademaster:BrainBloom+1","floor":46},{"not_picked":["blademaster:CombatPrep+1","blademaster:FuriousStrike+1","blademaster:Safeguard"],"picked":"SKIP","floor":47},{"not_picked":["blademaster:Blockade","blademaster:Cut"],"picked":"blademaster:ColdBlood","floor":48},{"not_picked":["blademaster:Stormstrike+1","blademaster:SlyStabs+1"],"picked":"blademaster:OneTrickPony+1","floor":54}],"player_experience":657567,"relics_obtained":[{"floor":10,"key":"reliquary:TuningFork"},{"floor":10,"key":"blademaster:StanceHealPerk"},{"floor":13,"key":"Incense Burner"},{"floor":13,"key":"blademaster:RandomStancePerk"},{"floor":23,"key":"Dream Catcher"},{"floor":23,"key":"blademaster:StrongPerk"},{"floor":25,"key":"reliquary:Knoch"},{"floor":25,"key":"blademaster:WindChargePerk"},{"floor":26,"key":"The Courier"},{"floor":29,"key":"Bottled Lightning"},{"floor":29,"key":"blademaster:BonusComboPerk"},{"floor":43,"key":"testmod-Antiphasic"},{"floor":46,"key":"reliquary:ExpiredCoupon"},{"floor":46,"key":"blademaster:BonusFuryPerk"},{"floor":54,"key":"Anchor"},{"floor":54,"key":"blademaster:ComboEveryTurnPerk"}],"event_choices":[{"damage_healed":0.0,"max_hp_gain":0.0,"max_hp_loss":0.0,"gold_gain":0.0,"cards_transformed":["blademaster:Strike"],"event_name":"Living Wall","player_choice":"Change","floor":2.0,"gold_loss":0.0,"damage_taken":0.0,"cards_obtained":["blademaster:Bloodbath"]},{"damage_healed":0.0,"max_hp_gain":0.0,"max_hp_loss":0.0,"gold_gain":0.0,"event_name":"Scrap Ooze","player_choice":"Success","floor":4.0,"gold_loss":0.0,"damage_taken":25.0,"relics_obtained":["reliquary:NewFriend"]},{"damage_healed":0.0,"max_hp_gain":0.0,"max_hp_loss":0.0,"gold_gain":75.0,"event_name":"World of Goop","player_choice":"Gather Gold","floor":7.0,"gold_loss":0.0,"damage_taken":11.0},{"damage_healed":0,"gold_gain":0,"player_choice":"Ignored","damage_taken":0,"max_hp_gain":0,"max_hp_loss":0,"event_name":"Vampires","floor":21,"gold_loss":0},{"damage_healed":0,"gold_gain":630,"player_choice":"GOLD GOLD GOLD GOLD GOLD GOLD GOLD ","damage_taken":69,"max_hp_gain":0,"max_hp_loss":0,"event_name":"Knowing Skull","floor":27,"potions_obtained":[],"gold_loss":0,"cards_obtained":[]},{"damage_healed":0,"gold_gain":0,"player_choice":"Swap Relic","damage_taken":0,"relics_obtained":["Pandora\u0027s Box"],"max_hp_gain":0,"max_hp_loss":0,"event_name":"给自己的盒子","floor":36,"relics_lost":["Pandora\u0027s Box"],"gold_loss":0},{"damage_healed":0,"gold_gain":999,"player_choice":"Gold","damage_taken":0,"max_hp_gain":0,"max_hp_loss":0,"event_name":"MindBloom","floor":37,"gold_loss":0,"cards_obtained":["Normality","Normality"]},{"damage_healed":0,"gold_gain":0,"player_choice":"Ignored","damage_taken":0,"max_hp_gain":0,"max_hp_loss":0,"event_name":"Tomb of Lord Red Mask","floor":38,"gold_loss":0},{"damage_healed":0,"gold_gain":400,"player_choice":"Sell","damage_taken":0,"max_hp_gain":0,"max_hp_loss":0,"event_name":"恩洛斯的盘子","floor":40,"relics_lost":["testmod-TestBox"],"gold_loss":0},{"cards_removed":["Normality"],"damage_healed":0,"gold_gain":0,"player_choice":"Offered Curse","damage_taken":0,"relics_obtained":["Spirit Poop"],"max_hp_gain":0,"max_hp_loss":0,"event_name":"Bonfire Elementals","floor":41,"gold_loss":0}],"is_beta":false,"boss_relics":[{"not_picked":["testmod-DreamHouse","SacredBark"],"picked":"Sozu"},{"not_picked":["testmod-EnergyCheck","testmod-NegativeEmotionEnhancer"],"picked":"Coffee Dripper"}],"items_purged_floors":[11,30,44,53],"is_endless":false,"potions_floor_spawned":[1,5,10,16,18,20,23,33,39,46,47,54],"ascension_level":0}}