{"host":"r9n4bwsh0iioe8bo","time":1614457392,"event":{"mods":["2.2 Compatiblity","BaseMod","Bestiary","Colored Map","Colored Powertips","Curses Come First","Highlight Path","Minty Spire (QoL Compilation)","Relic Stats","StSLib","SuperFastMode"],"gold_per_floor":[116,216,234,251,266,266,282,282,309,329,346,361,19,32,32,129,129,141,141,152,166,91,91,109,127,127,139,171,181,181,193,193,193,193],"floor_reached":33,"language":"ENG","playtime":3426,"items_purged":[],"score":269,"play_id":"a998d20f-5ccd-4531-aa3b-e1722ee407de","local_time":"20210227202312","is_ascension_mode":false,"campfire_choices":[{"data":"Leg Sweep","floor":6,"key":"SMITH"},{"data":"Caltrops","floor":8,"key":"SMITH"},{"floor":15,"key":"REST"},{"data":"Deflect","floor":23,"key":"SMITH"},{"floor":30,"key":"REST"},{"floor":32,"key":"REST"}],"circlet_count":0,"master_deck":["Strike_G","Strike_G","Strike_G","Strike_G","Defend_G","Defend_G","Defend_G","Defend_G","Survivor","Neutralize","Leg Sweep+1","Caltrops+1","Deadly Poison","Noxious Fumes","Blur","Slice","Outmaneuver","Deflect+1","CurseOfTheBell","Masterful Stab+1","Finisher+1","A Thousand Cuts","Slice+1","Deflect"],"relics":["Ring of the Snake","Boot","StoneCalendar","Calling Bell","Tiny Chest","White Beast Statue","Thread and Needle","Mango","Omamori"],"acts_visited":["Exordium","TheCity"],"potions_floor_usage":[7,10,11,12,16,21,24,25,27,27,28,31,31,31,33],"damage_taken":[{"damage":0,"enemies":"2 Louse","floor":1,"turns":3},{"damage":0,"enemies":"Cultist","floor":3,"turns":5},{"damage":1,"enemies":"Jaw Worm","floor":4,"turns":4},{"damage":10,"enemies":"3 Louse","floor":5,"turns":4},{"damage":0,"enemies":"Large Slime","floor":7,"turns":6},{"damage":30,"enemies":"Gremlin Gang","floor":10,"turns":4},{"damage":0,"enemies":"2 Fungi Beasts","floor":11,"turns":4},{"damage":0,"enemies":"Large Slime","floor":12,"turns":6},{"damage":16,"enemies":"Exordium Wildlife","floor":14,"turns":6},{"damage":25,"enemies":"Slime Boss","floor":16,"turns":11},{"damage":0,"enemies":"Shell Parasite","floor":18,"turns":7},{"damage":2,"enemies":"Chosen","floor":20,"turns":6},{"damage":18,"enemies":"Shelled Parasite and Fungi","floor":21,"turns":5},{"damage":13,"enemies":"Sentry and Sphere","floor":24,"turns":7},{"damage":11,"enemies":"Cultist and Chosen","floor":25,"turns":6},{"damage":0,"enemies":"Centurion and Healer","floor":27,"turns":7},{"damage":18,"enemies":"Book of Stabbing","floor":28,"turns":5},{"damage":16,"enemies":"Snake Plant","floor":29,"turns":4},{"damage":24,"enemies":"Shelled Parasite and Fungi","floor":31,"turns":5},{"damage":35,"enemies":"Collector","floor":33,"turns":5}],"seed_played":"5066846933332090637","potions_obtained":[{"floor":1,"key":"BlessingOfTheForge"},{"floor":4,"key":"Weak Potion"},{"floor":5,"key":"Fire Potion"},{"floor":10,"key":"Dexterity Potion"},{"floor":14,"key":"Fire Potion"},{"floor":16,"key":"Strength Potion"},{"floor":18,"key":"BlessingOfTheForge"},{"floor":20,"key":"CunningPotion"},{"floor":21,"key":"LiquidBronze"},{"floor":24,"key":"AttackPotion"},{"floor":25,"key":"LiquidBronze"},{"floor":27,"key":"FearPotion"},{"floor":28,"key":"SkillPotion"},{"floor":29,"key":"Block Potion"},{"floor":31,"key":"CultistPotion"}],"is_trial":false,"path_per_floor":["M","?","M","M","M","R","M","R","T","M","M","M","$","M","R","B",null,"M","$","M","M","?","R","M","M","T","M","E","M","R","M","R","B"],"character_chosen":"THE_SILENT","items_purchased":["StoneCalendar","Deflect"],"campfire_rested":3,"item_purchase_floors":[13,13],"current_hp_per_floor":[70,70,70,69,59,59,59,59,59,29,29,29,29,13,34,9,70,70,70,68,50,50,50,37,26,40,40,22,6,31,7,32,0,0],"gold":193,"neow_bonus":"TRANSFORM_CARD","is_daily":false,"chose_seed":false,"campfire_upgraded":3,"win_rate":0.0,"timestamp":1614457392,"path_taken":["M","?","M","M","?","R","M","R","T","M","M","M","$","M","R","BOSS","M","$","M","M","?","R","M","M","T","M","E","M","R","M","R","BOSS"],"items_purchased_type":["Relic","Card"],"build_version":"2020-12-22","purchased_purges":0,"victory":false,"max_hp_per_floor":[70,70,70,70,70,70,70,70,70,70,70,70,70,70,70,70,70,70,70,70,70,70,70,70,70,84,84,84,84,84,84,84,84,84],"relic_stats":{"counters":[20,110],"StoneCalendar":[110],"Tiny Chest":0,"Boot":[55],"obtain_stats":[{"Calling Bell":17,"StoneCalendar":13,"Tiny Chest":17,"Thread and Needle":17,"Mango":26,"Omamori":28,"Boot":9,"White Beast Statue":17,"Ring of the Snake":0},{"Calling Bell":10,"StoneCalendar":8,"Tiny Chest":10,"Thread and Needle":10,"Mango":15,"Omamori":17,"Boot":5,"White Beast Statue":10,"Ring of the Snake":0},{"Calling Bell":53,"StoneCalendar":36,"Tiny Chest":53,"Thread and Needle":53,"Mango":84,"Omamori":96,"Boot":22,"White Beast Statue":53,"Ring of the Snake":0}],"Ring of the Snake":[40]},"card_choices":[{"not_picked":["Masterful Stab","Dagger Throw"],"picked":"Caltrops","floor":1},{"not_picked":["Quick Slash","Finisher"],"picked":"Deadly Poison","floor":3},{"not_picked":["Quick Slash","Tactician"],"picked":"Noxious Fumes","floor":4},{"not_picked":["PiercingWail","Quick Slash"],"picked":"Blur","floor":5},{"not_picked":["Catalyst","Deadly Poison"],"picked":"Slice","floor":7},{"not_picked":["Quick Slash","Deadly Poison","Reflex"],"picked":"SKIP","floor":10},{"not_picked":["Masterful Stab","After Image","Sucker Punch"],"picked":"SKIP","floor":11},{"not_picked":["Dagger Throw","All Out Attack"],"picked":"Outmaneuver","floor":12},{"not_picked":["Masterful Stab","Blade Dance","Leg Sweep"],"picked":"SKIP","floor":14},{"not_picked":["Backflip","Prepared"],"picked":"Masterful Stab+1","floor":18},{"not_picked":["Underhanded Strike","Unload"],"picked":"Finisher+1","floor":20},{"not_picked":["Outmaneuver","Endless Agony","Prepared+1"],"picked":"SKIP","floor":21},{"not_picked":["Acrobatics","Prepared+1","Dagger Throw"],"picked":"SKIP","floor":24},{"not_picked":["Outmaneuver","Poisoned Stab"],"picked":"A Thousand Cuts","floor":25},{"not_picked":["Calculated Gamble","Bane","Underhanded Strike"],"picked":"SKIP","floor":27},{"not_picked":["Dagger Spray","Phantasmal Killer"],"picked":"Slice+1","floor":28},{"not_picked":["PiercingWail","Slice"],"picked":"Deflect","floor":29},{"not_picked":["Dagger Throw","Slice","Eviscerate"],"picked":"SKIP","floor":31}],"player_experience":72449,"relics_obtained":[{"floor":9,"key":"Boot"},{"floor":17,"key":"Tiny Chest"},{"floor":17,"key":"White Beast Statue"},{"floor":17,"key":"Thread and Needle"},{"floor":26,"key":"Mango"},{"floor":28,"key":"Omamori"}],"event_choices":[{"damage_healed":0,"gold_gain":100,"player_choice":"Pray","damage_taken":0,"max_hp_gain":0,"max_hp_loss":0,"event_name":"Golden Shrine","floor":2,"gold_loss":0},{"cards_removed":["Defend_G"],"damage_healed":0,"gold_gain":0,"player_choice":"Gave Gold","damage_taken":0,"max_hp_gain":0,"max_hp_loss":0,"event_name":"Beggar","floor":22,"gold_loss":75}],"is_beta":false,"boss_relics":[{"not_picked":["Philosopher\u0027s Stone","Coffee Dripper"],"picked":"Calling Bell"}],"items_purged_floors":[],"is_endless":false,"potions_floor_spawned":[1,4,5,10,14,16,18,20,21,24,25,27,28,29,31],"killed_by":"Collector","ascension_level":0}}