{"host":"3twtdwjpiqhvvn5s","time":1614435160,"event":{"mods":["AchievementEnabler","Act Like it!","Aspiration","BaseMod","BetterRewards","Colored Map","Colored Powertips","Downfall","Duelist Mod","Friendly Minions","GifTheSpireLib","Hermit","Hubris","Infinite Spire","Jorbs\u0027s Wanderer Trilogy","Koishi","KomeijiMod","Marisa????????","Minty Spire (QoL Compilation)","Quick Restart","Rare Cards Sparkle","Replay The Spire","Shop Mod","StSLib","Td1madao Mod","The Administrix","The Animator","The Bug Knight","The Caster","The Cursed","The Disciple","The Hierophant","The Necromancer","The Poker Player","The Runesmith","The Servant 0.9.4"],"gold_per_floor":[111,123,8,8,8,35,46,71,71,71,71],"floor_reached":10,"language":"ENG","playtime":2248,"items_purged":["animator:Defend"],"score":76,"play_id":"9bc0a3d7-4ca5-472f-b9e3-6d235cf9860e","local_time":"20210227081240","daily_mods":["downfall:Jewelcrafting","Elite Swarm"],"is_ascension_mode":false,"campfire_choices":[],"circlet_count":0,"master_deck":["animator:Strike_Konosuba","animator:Defend_Konosuba","animator:Strike","animator:Strike","animator:Strike","animator:Defend","animator:Defend","animator:Kazuma","animator:Aqua","Guardian:ExploitGems","Guardian:ExploitGems","animator:DolaRiku","animator:Arpeggio","animator:LeleiLaLalena","animator:Aqua","animator:Aqua"],"relics":["Unceasing Top","Guardian:PickAxe","animator:PurgingStone","hubris:Towel","Mummified Hand","Strawberry","Oddly Smooth Stone"],"acts_visited":["Exordium"],"potions_floor_usage":[6,8],"damage_taken":[{"damage":7,"enemies":"Jaw Worm","floor":1,"turns":4},{"damage":2,"enemies":"Small Slimes","floor":2,"turns":4},{"damage":14,"enemies":"3 Sentries","floor":6,"turns":11},{"damage":0,"enemies":"2 Louse","floor":7,"turns":3},{"damage":26,"enemies":"Lagavulin","floor":8,"turns":7},{"damage":63,"enemies":"Gremlin Nob","floor":10,"turns":4}],"seed_played":"5292775283918964581","potions_obtained":[{"floor":1,"key":"BlessingOfTheForge"},{"floor":7,"key":"Explosive Potion"}],"is_trial":true,"path_per_floor":["M","M","$","?","?","E","M","E","T","E"],"character_chosen":"THE_ANIMATOR","items_purchased":["animator:Arpeggio"],"campfire_rested":0,"item_purchase_floors":[3],"current_hp_per_floor":[61,61,61,61,61,49,53,38,38,0,0],"gold":71,"neow_bonus":"","is_daily":false,"chose_seed":false,"campfire_upgraded":0,"win_rate":0.0,"timestamp":1614435160,"path_taken":["M","M","$","?","?","E","M","E","T","E"],"items_purchased_type":["Card"],"build_version":"2020-12-22","purchased_purges":1,"victory":false,"max_hp_per_floor":[66,66,66,66,66,66,66,73,73,73,73],"card_choices":[{"not_picked":["animator:RoryMercury","animator:Tyuule","animator:Entoma"],"picked":"SKIP","floor":1},{"not_picked":["animator:Ciel","animator:Raven"],"picked":"animator:DolaRiku","floor":2},{"not_picked":["animator:Aisha","animator:Evileye"],"picked":"animator:Aqua","floor":6},{"not_picked":["animator:Jibril","animator:Bozes","animator:Alexander"],"picked":"SKIP","floor":7},{"not_picked":["animator:FeridBathory","animator:Guren"],"picked":"animator:Aqua","floor":8}],"player_experience":3712478,"relics_obtained":[{"floor":6,"key":"Mummified Hand"},{"floor":8,"key":"Strawberry"},{"floor":9,"key":"Oddly Smooth Stone"}],"event_choices":[],"is_beta":false,"boss_relics":[],"items_purged_floors":[3],"is_endless":false,"potions_floor_spawned":[1,7],"killed_by":"Gremlin Nob","ascension_level":0}}