{"host":"h3awr6eovmieyhyn","time":1614407055,"event":{"mods":["Act Like it!","Aspiration","BaseMod","BetterRewards","Downfall","Gensokyo","Hubris","Infinite Spire","Lobotomy","LobotomyExtend","Marisa????????","Minty Spire (QoL Compilation)","Reliquary","Replay The Spire","Robot Space Explorer","Shade Mod","StSLib","Td1madao Mod","The Bug Knight","The Cursed","The Disciple","The Hierophant","The Jungle","The Marked","The Necromancer","The Servant 0.9.4","[IsaacMod]????"],"gold_per_floor":[109,127,139,139,39,39,39,49,100,100,139,159,159,187,187,294,294,294,294,321,14,36,75,175,197,222,258,304,316,128,169,178,290,308,332,358,387,406,428,428,428],"floor_reached":40,"language":"ENG","playtime":2054,"items_purged":["Chill_Blood"],"score":575,"play_id":"805de7e7-2941-43ea-b4de-08adf52c9949","local_time":"20210227062415","daily_mods":["Heirloom","Flight","DeadlyEvents"],"is_ascension_mode":false,"campfire_choices":[{"data":"1","floor":6,"key":"LIFT"},{"data":"2","floor":7,"key":"LIFT"},{"data":"3","floor":10,"key":"LIFT"},{"data":"Siphon_Strength","floor":13,"key":"SMITH"},{"data":"Bone_Spikes","floor":15,"key":"SMITH"},{"data":"Slay_Living","floor":29,"key":"SMITH"}],"circlet_count":0,"master_deck":["Strike_W","Strike_W","Strike_W","Strike_W","Defend_W","Defend_W","Defend_W","Defend_W","Negative_Energy_Arrows","Bone_Wall","Negative_Energy_Javelin+1","Finger_Of_Death+1","Blood_Whip+1","Bone_Spikes+1","Negative_Energy_Shield+1","Bone_Bullets+1","Negative_Energy_Sphere+1","Siphon_Strength+1","Negative_Energy_Bomb+1","Skeleton_Dragon+1","Spectral_Armor","Scare","Acid_Javelin","Bone_Armor+1","Blood_Curse","Slay_Living+1","Cloudkill","Plague_Bolt","Vampiric_Strike","Summon_Lich","hubris:Insight","Shackles_Of_Pain+1","Flesh_Made_Foul","Cloudkill","Violent_Necrosis","Blood_Wake","Prostrate+1","Siphon_Strength+1","Negative_Energy_Burst","Stop_Heart+1","Negative_Energy_Shield+1"],"relics":["Vampire_Amulet","HushsDoor","TheBean","Girya","LetterFromLob","CeramicFish","Potion Belt","sneckomod:SneckoTalon","Gaze_r","Lantern","TheBattery","Shuriken","MawBank","Omamori","BargainBundle","Replay:Bottled Snecko","aspiration:WatcherSkillbook"],"acts_visited":["Gensokyo:Gensokyo","TheCity","TheBeyond"],"potions_floor_usage":[16,16,16,16,33,33,33,33,33,39,39],"damage_taken":[{"damage":0,"enemies":"Gensokyo:3_Fairies","floor":1,"turns":5},{"damage":2,"enemies":"Gensokyo:2_Kodama","floor":2,"turns":2},{"damage":0,"enemies":"Gensokyo:Gryphon","floor":3,"turns":3},{"damage":5,"enemies":"Gensokyo:Python_and_Kodama","floor":8,"turns":3},{"damage":0,"enemies":"Gensokyo:Mamizou","floor":11,"turns":4},{"damage":8,"enemies":"Gensokyo:CorruptedTreant","floor":12,"turns":2},{"damage":0,"enemies":"Gensokyo:2_Rabbits","floor":14,"turns":2},{"damage":2,"enemies":"Gensokyo:Reimu","floor":16,"turns":7},{"damage":5,"enemies":"Chosen","floor":18,"turns":3},{"damage":6,"enemies":"Chosen","floor":20,"turns":3},{"damage":0,"enemies":"3 Byrds","floor":22,"turns":4},{"damage":15,"enemies":"Book of Stabbing","floor":23,"turns":4},{"damage":2,"enemies":"Cultist and Chosen","floor":25,"turns":4},{"damage":0,"enemies":"Snake Plant","floor":27,"turns":4},{"damage":2,"enemies":"Gremlin Leader","floor":28,"turns":4},{"damage":12,"enemies":"Slavers","floor":31,"turns":3},{"damage":16,"enemies":"hubris:MusketHawk","floor":33,"turns":6},{"damage":25,"enemies":"3 Shapes","floor":35,"turns":3},{"damage":1,"enemies":"3 Darklings","floor":36,"turns":2},{"damage":6,"enemies":"Writhing Mass","floor":37,"turns":4},{"damage":29,"enemies":"Transient","floor":38,"turns":5},{"damage":16,"enemies":"Spire Growth","floor":39,"turns":3},{"damage":15,"enemies":"Nightmare","floor":40,"turns":2}],"seed_played":"-2395721849118784751","potions_obtained":[{"floor":2,"key":"PowerPotion"},{"floor":3,"key":"EssenceOfSteel"},{"floor":8,"key":"champ:CounterPotion"},{"floor":11,"key":"DuplicationPotion"},{"floor":22,"key":"DuplicationPotion"},{"floor":25,"key":"Energy Potion"},{"floor":27,"key":"Guardian:BlockOnCardUsePotion"},{"floor":31,"key":"Doom Potion"},{"floor":37,"key":"PowerPotion"},{"floor":38,"key":"sneckomod:MuddlingPotion"}],"is_trial":true,"path_per_floor":["M","M","M","?","$","R","R","M","T","R","E","M","R","M","R","B",null,"M","?","M","$","M","E","?","M","T","M","E","R","$","E","R","B",null,"M","M","M","M","M","NM"],"character_chosen":"NECROMANCER","items_purchased":["Bone_Spikes","Negative_Energy_Shield","Lantern","TheBattery","BargainBundle","Cloudkill","Chill_Blood","Plague_Bolt","Vampiric_Strike","Summon_Lich","hubris:Insight","SteroidPotion","Weak Potion","Violent_Necrosis","Blood_Wake"],"campfire_rested":0,"item_purchase_floors":[5,5,21,21,30,30,30,30,30,30,30,30,30,34,34],"current_hp_per_floor":[75,75,75,75,75,75,75,72,72,72,74,68,68,72,72,72,75,72,72,68,68,74,61,61,63,63,65,69,69,69,63,63,49,68,49,50,46,19,8,0,0],"gold":428,"neow_bonus":"","is_daily":false,"chose_seed":false,"campfire_upgraded":3,"win_rate":0.0,"timestamp":1614407055,"path_taken":["M","M","M","?","?","R","R","M","T","R","E","M","R","M","R","BOSS","M","?","M","$","M","E","?","?","T","?","E","R","$","?","R","BOSS","M","?","M","M","M","NM"],"items_purchased_type":["Card","Card","Card","Relic","Relic","Card","Card","Card","Card","Card","Card","Potion","Potion","Card","Card"],"build_version":"2020-12-22","purchased_purges":1,"victory":false,"max_hp_per_floor":[75,75,75,75,75,75,75,75,75,75,75,75,75,75,75,75,75,75,75,75,75,75,75,75,75,75,75,75,75,75,75,75,75,68,68,68,68,68,68,68,68],"card_choices":[{"not_picked":[],"picked":"EpicFetus","floor":0},{"not_picked":["Bones_to_Steel","Bone_Shift"],"picked":"Negative_Energy_Javelin","floor":1},{"not_picked":["Death_Coil","Blood_Whip"],"picked":"Finger_Of_Death","floor":2},{"not_picked":["Toxic_Smoke_Screen","Vampiric_Strike"],"picked":"Blood_Whip","floor":3},{"not_picked":["Epidemic","Toxic_Smoke_Screen"],"picked":"Bone_Bullets","floor":8},{"not_picked":["Flesh_Made_Foul","Vampiric_Strike"],"picked":"Negative_Energy_Sphere","floor":11},{"not_picked":["Bone_Spikes","Death_Knell"],"picked":"Siphon_Strength","floor":12},{"not_picked":["Bone_Shift","Epidemic"],"picked":"Negative_Energy_Bomb","floor":14},{"not_picked":["Grasp_Heart","Requiem"],"picked":"Skeleton_Dragon","floor":16},{"not_picked":["Blood_Whip","Chill_Blood"],"picked":"Spectral_Armor","floor":20},{"not_picked":["Negative_Energy_Shield","Blood_Whip"],"picked":"Scare","floor":22},{"not_picked":["Consume_Illness+1","Negative_Energy_Sphere"],"picked":"Acid_Javelin","floor":23},{"not_picked":["Slay_Living","Corrupt"],"picked":"Bone_Armor+1","floor":25},{"not_picked":["Deaths_Shadow","Life_Tap"],"picked":"Blood_Curse","floor":27},{"not_picked":["Finger_Of_Death","Bone_Bullets"],"picked":"Slay_Living","floor":28},{"not_picked":["Shade_Step","Toxic_Smoke_Screen+1"],"picked":"Shackles_Of_Pain+1","floor":31},{"not_picked":["Blood_Wake","Negative_Energy_Bomb"],"picked":"Cloudkill","floor":33},{"not_picked":["WreathOfFlame","FlyingSleeves+1","Finger_Of_Death+1"],"picked":"Prostrate+1","floor":35},{"not_picked":["FlyingSleeves+1","Wallop","Finger_Of_Death+1"],"picked":"Siphon_Strength+1","floor":36},{"not_picked":["Life_Tap","Adaptation+1","Chill_Blood"],"picked":"Negative_Energy_Burst","floor":37},{"not_picked":["ClearTheMind+1","Replay:AtTheReady","ForeignInfluence+1"],"picked":"Stop_Heart+1","floor":38},{"not_picked":["Detonate_Bones","SandsOfTime","Toxic_Smoke_Screen"],"picked":"Negative_Energy_Shield+1","floor":39}],"player_experience":177915,"relics_obtained":[{"floor":1,"key":"LetterFromLob"},{"floor":9,"key":"CeramicFish"},{"floor":11,"key":"Potion Belt"},{"floor":23,"key":"Shuriken"},{"floor":26,"key":"MawBank"},{"floor":28,"key":"Omamori"},{"floor":31,"key":"Replay:Bottled Snecko"}],"event_choices":[{"damage_healed":0,"gold_gain":100,"player_choice":"Pray","damage_taken":0,"max_hp_gain":0,"max_hp_loss":0,"event_name":"Golden Shrine","floor":24,"gold_loss":0}],"is_beta":false,"boss_relics":[{"not_picked":["hubris:GrandSneckoEye","Replay:Bronze Core"],"picked":"sneckomod:SneckoTalon"},{"not_picked":[]},{"not_picked":["Replay:Wanted Poster","ChampionBelt"],"picked":"aspiration:WatcherSkillbook"},{"not_picked":[]}],"items_purged_floors":[30],"is_endless":false,"potions_floor_spawned":[2,3,8,11,22,25,27,31,37,38],"killed_by":"Nightmare","ascension_level":0}}