{"host":"egwexuw5uvnxf11j","time":1614407205,"event":{"mods":["2.2 Compatiblity","Aspiration","BaseMod","Better Note","Better Sensory Stone","Better Third Choice","Displayed Cursed Tome","Downfall","Hermit","Key Reminder","Koishi","Marisa????????","Minty Spire (QoL Compilation)","Quick Restart","Shade Mod","Spicy Shops","StSLib","The Construct","The Cursed","The Runesmith","The Senshi","The Servant 0.9.4","Transform Curses"],"gold_per_floor":[110,77,77,77,252,280,280,315,315,325,325,355,69,85,85,182,182,196,225,69,69,69],"floor_reached":21,"language":"ENG","playtime":846,"items_purged":["Parasite"],"score":232,"play_id":"fb04c015-87d4-4462-88ed-980c43631258","local_time":"20210227012645","is_ascension_mode":true,"campfire_choices":[{"floor":7,"key":"REST"},{"floor":15,"key":"REST"}],"circlet_count":0,"master_deck":["Strike_P","Strike_P","Strike_P","Strike_P+1","Defend_P+1","Defend_P","Defend_P","Defend_P","Eruption","Vigilance","FearNoEvil","EmptyFist","Injury","Doubt","Evaluate","Devotion","Protect","Secret Weapon","EmptyFist+1","Brilliance+1","ReachHeaven+1","Pray","Establishment","InnerPeace+1","Consecrate+1"],"relics":["PureWater","Boot","Molten Egg 2","Akabeko","Potion Belt","Ginger","Vajra","PreservedInsect","bronze:MakeshiftBattery","Red Mask","theSenshi:SailorFukuRelic"],"acts_visited":["Exordium","TheCity"],"potions_floor_usage":[6,8,16,16,16],"damage_taken":[{"damage":1,"enemies":"Cultist","floor":1,"turns":4},{"damage":37,"enemies":"Gremlin Nob","floor":6,"turns":5},{"damage":12,"enemies":"3 Sentries","floor":8,"turns":9},{"damage":10,"enemies":"Jaw Worm","floor":10,"turns":3},{"damage":26,"enemies":"Lagavulin","floor":12,"turns":8},{"damage":0,"enemies":"2 Louse","floor":14,"turns":2},{"damage":35,"enemies":"The Guardian","floor":16,"turns":9},{"damage":23,"enemies":"2 Thieves","floor":18,"turns":3},{"damage":39,"enemies":"Masked Bandits","floor":19,"turns":6},{"damage":42,"enemies":"Spheric Guardian","floor":21,"turns":3}],"seed_played":"5718648865916094300","potions_obtained":[{"floor":1,"key":"EntropicBrew"},{"floor":12,"key":"hexamod:SoulburnPotion"},{"floor":14,"key":"champ:CounterPotion"},{"floor":19,"key":"FairyPotion"}],"is_trial":false,"path_per_floor":["M","$","?","?","?","E","R","E","T","M","?","E","$","M","R","B",null,"M","?","$","M"],"character_chosen":"WATCHER","items_purchased":["EmptyFist","PreservedInsect","Brilliance+1","ReachHeaven+1","theSenshi:SailorFukuRelic"],"campfire_rested":2,"item_purchase_floors":[2,13,13,13,20],"current_hp_per_floor":[71,71,57,57,57,20,41,29,29,19,19,21,21,21,41,6,69,46,7,7,0,0],"gold":69,"neow_bonus":"RANDOM_COMMON_RELIC","is_daily":false,"chose_seed":false,"campfire_upgraded":0,"win_rate":0.0,"timestamp":1614407205,"path_taken":["M","$","?","?","?","E","R","E","T","M","?","E","$","M","R","BOSS","M","?","$","M"],"items_purchased_type":["Card","Relic","Card","Card","Relic"],"build_version":"2020-12-22","purchased_purges":1,"victory":false,"max_hp_per_floor":[72,72,72,72,72,72,72,72,72,72,72,72,69,69,69,69,69,69,69,69,69,69],"card_choices":[{"not_picked":["CarveReality","CrushJoints"],"picked":"FearNoEvil","floor":1},{"not_picked":["ClearTheMind","ThirdEye"],"picked":"Evaluate","floor":6},{"not_picked":["DevaForm","ClearTheMind"],"picked":"Devotion","floor":8},{"not_picked":["ClearTheMind","Adaptation"],"picked":"Protect","floor":10},{"not_picked":["Impatience","Thinking Ahead"],"picked":"Secret Weapon","floor":11},{"not_picked":["Evaluate","CutThroughFate+1"],"picked":"EmptyFist+1","floor":12},{"not_picked":["Evaluate","Halt"],"picked":"Pray","floor":14},{"not_picked":["Scrawl","Vault"],"picked":"Establishment","floor":16},{"not_picked":["PathToVictory","Protect"],"picked":"InnerPeace+1","floor":18},{"not_picked":["Crescendo","Prostrate"],"picked":"Consecrate+1","floor":19}],"player_experience":2166346,"relics_obtained":[{"floor":6,"key":"Akabeko"},{"floor":8,"key":"Potion Belt"},{"floor":9,"key":"Ginger"},{"floor":12,"key":"Vajra"},{"floor":19,"key":"Red Mask"}],"event_choices":[{"damage_healed":71,"gold_gain":0,"player_choice":"Upgrade","damage_taken":14,"max_hp_gain":0,"max_hp_loss":72,"event_name":"betterThird:BetterShining","floor":3,"gold_loss":0,"cards_upgraded":["Defend_P","Strike_P"]},{"damage_healed":0,"gold_gain":175,"player_choice":"AGREE","damage_taken":77,"max_hp_gain":0,"max_hp_loss":0,"event_name":"betterThird:BetterSerpent","floor":5,"gold_loss":0},{"damage_healed":0,"gold_gain":1,"player_choice":"1","damage_taken":0,"max_hp_gain":0,"max_hp_loss":0,"event_name":"betterStone:BetterStone","floor":11,"gold_loss":0},{"damage_healed":0,"gold_gain":0,"player_choice":"Fought Bandits","damage_taken":0,"max_hp_gain":0,"max_hp_loss":0,"event_name":"Masked Bandits","floor":19,"gold_loss":0}],"is_beta":false,"boss_relics":[{"not_picked":["Sozu","Runic Dome"],"picked":"bronze:MakeshiftBattery"}],"items_purged_floors":[13],"is_endless":false,"potions_floor_spawned":[1,6,12,14,19],"killed_by":"Spheric Guardian","ascension_level":4}}