{"host":"nsc6ozq3atyrdr3m","time":1614460394,"event":{"mods":["BaseMod","Colored Map","Minty Spire (QoL Compilation)"],"gold_per_floor":[111,35,35,60,60,104,104,118,196,220,274,349,349,398,398,538,538,571,595,595,354,453,453,478,478,478,478,492,526,526,454,454,566,566,585,510,569,596,596,596,596],"floor_reached":40,"language":"FRA","playtime":1190,"items_purged":["Strike_B"],"score":667,"play_id":"d1e6dee3-5a8c-4de1-94ce-4e3f82b423ab","local_time":"20210227221314","is_ascension_mode":true,"campfire_choices":[{"data":"Static Discharge","floor":7,"key":"SMITH"},{"data":"Self Repair","floor":13,"key":"SMITH"},{"data":"White Noise","floor":15,"key":"SMITH"},{"data":"Creative AI","floor":23,"key":"SMITH"},{"data":"Heatsinks","floor":25,"key":"SMITH"},{"data":"Coolheaded","floor":32,"key":"SMITH"}],"circlet_count":0,"master_deck":["Strike_B","Strike_B","Defend_B","Defend_B","Defend_B","Defend_B","Zap","Dualcast","BootSequence","Static Discharge+1","Self Repair+1","Reinforced Body","Hyperbeam+1","White Noise+1","Creative AI+1","Coolheaded+1","Heatsinks+1","Auto Shields","Leap+1","Rainbow","Skim","Capacitor"],"relics":["Cracked Core","NeowsBlessing","Bloody Idol","Orichalcum","Molten Egg 2","CeramicFish","Velvet Choker","Mercury Hourglass","CaptainsWheel","Blue Candle","Letter Opener","Meat on the Bone","SacredBark","Girya"],"acts_visited":["Exordium","TheCity","TheBeyond"],"potions_floor_usage":[29,33,40,40,40],"damage_taken":[{"damage":0,"enemies":"Cultist","floor":1,"turns":1},{"damage":0,"enemies":"Small Slimes","floor":4,"turns":1},{"damage":0,"enemies":"Lagavulin","floor":6,"turns":1},{"damage":0,"enemies":"2 Louse","floor":8,"turns":3},{"damage":4,"enemies":"Exordium Thugs","floor":10,"turns":4},{"damage":0,"enemies":"3 Sentries","floor":14,"turns":3},{"damage":52,"enemies":"Slime Boss","floor":16,"turns":9},{"damage":7,"enemies":"Chosen","floor":18,"turns":4},{"damage":9,"enemies":"Spheric Guardian","floor":19,"turns":4},{"damage":23,"enemies":"Snake Plant","floor":24,"turns":4},{"damage":5,"enemies":"Chosen and Byrds","floor":28,"turns":6},{"damage":14,"enemies":"Slavers","floor":29,"turns":3},{"damage":58,"enemies":"Champ","floor":33,"turns":15},{"damage":0,"enemies":"3 Shapes","floor":35,"turns":3},{"damage":30,"enemies":"Mind Bloom Boss Battle","floor":37,"turns":9},{"damage":11,"enemies":"Orb Walker","floor":38,"turns":6},{"damage":86,"enemies":"Giant Head","floor":40,"turns":9}],"seed_played":"-3730258106498009723","potions_obtained":[{"floor":4,"key":"Strength Potion"},{"floor":10,"key":"Fire Potion"},{"floor":16,"key":"AttackPotion"},{"floor":24,"key":"Fire Potion"},{"floor":33,"key":"DuplicationPotion"}],"is_trial":false,"path_per_floor":["M","$","?","M","?","E","R","M","T","M","?","?","R","E","R","B",null,"M","M","?","$","?","R","M","R","T","?","M","E","T","$","R","B",null,"M","$","?","M","?","E"],"character_chosen":"DEFECT","items_purchased":["Static Discharge","Mercury Hourglass","LiquidBronze"],"campfire_rested":0,"item_purchase_floors":[2,21,31],"current_hp_per_floor":[68,68,68,68,68,68,68,69,69,69,69,63,63,69,69,27,59,62,63,63,63,68,68,65,65,65,65,69,69,69,69,69,43,63,69,69,59,68,68,0,0],"gold":596,"neow_bonus":"THREE_ENEMY_KILL","is_daily":false,"chose_seed":false,"campfire_upgraded":6,"win_rate":0.0,"timestamp":1614460394,"path_taken":["M","$","?","M","?","E","R","M","T","?","?","?","R","E","R","BOSS","M","M","?","$","?","R","M","R","T","?","?","E","?","$","R","BOSS","M","$","?","M","?","E"],"items_purchased_type":["Card","Relic","Potion"],"build_version":"2020-12-22","purchased_purges":1,"victory":false,"max_hp_per_floor":[75,75,69,69,69,69,69,69,69,69,69,69,69,69,69,69,69,69,69,69,69,69,69,69,69,69,69,69,69,69,69,69,69,69,69,69,69,69,69,69,69],"card_choices":[{"not_picked":["Turbo","Leap"],"picked":"BootSequence","floor":1},{"not_picked":["Steam","Redo"],"picked":"Self Repair","floor":4},{"not_picked":["Scrape","Recycle","Stack"],"picked":"SKIP","floor":6},{"not_picked":["Cold Snap","Compile Driver"],"picked":"Reinforced Body","floor":8},{"not_picked":["Go for the Eyes+1","Conserve Battery"],"picked":"Hyperbeam+1","floor":10},{"not_picked":["Conserve Battery","Compile Driver+1"],"picked":"White Noise","floor":14},{"not_picked":["Echo Form","Reboot"],"picked":"Creative AI","floor":16},{"not_picked":["Chill","Gash+1"],"picked":"Coolheaded","floor":18},{"not_picked":["Doom and Gloom+1","BootSequence+1"],"picked":"Heatsinks","floor":19},{"not_picked":["Undo+1","Conserve Battery"],"picked":"Auto Shields","floor":24},{"not_picked":["Sweeping Beam+1","Rebound+1","Barrage+1"],"picked":"SKIP","floor":28},{"not_picked":["Cold Snap+1","Streamline+1"],"picked":"Leap+1","floor":29},{"not_picked":["Biased Cognition","Multi-Cast"],"picked":"Rainbow","floor":33},{"not_picked":["Sweeping Beam+1","Rebound+1","Heatsinks+1"],"picked":"SKIP","floor":35},{"not_picked":["Leap","Redo+1"],"picked":"Skim","floor":37},{"not_picked":["Recycle+1","Coolheaded"],"picked":"Capacitor","floor":38}],"player_experience":452629,"relics_obtained":[{"floor":6,"key":"Orichalcum"},{"floor":9,"key":"Molten Egg 2"},{"floor":14,"key":"CeramicFish"},{"floor":26,"key":"CaptainsWheel"},{"floor":29,"key":"Letter Opener"},{"floor":30,"key":"Meat on the Bone"},{"floor":37,"key":"Girya"}],"event_choices":[{"damage_healed":0,"gold_gain":0,"player_choice":"Lose Max HP","damage_taken":0,"relics_obtained":["Golden Idol"],"max_hp_gain":0,"max_hp_loss":6,"event_name":"Golden Idol","floor":3,"gold_loss":0},{"cards_removed":["Strike_B"],"damage_healed":0,"gold_gain":0,"player_choice":"Purged","damage_taken":0,"max_hp_gain":0,"max_hp_loss":0,"event_name":"Purifier","floor":5,"gold_loss":0},{"damage_healed":0,"gold_gain":54,"player_choice":"Gained Gold","damage_taken":0,"max_hp_gain":0,"max_hp_loss":0,"event_name":"Golden Wing","floor":11,"gold_loss":0},{"damage_healed":0,"gold_gain":75,"player_choice":"Touch","damage_taken":6,"max_hp_gain":0,"max_hp_loss":0,"event_name":"FaceTrader","floor":12,"gold_loss":0},{"damage_healed":0,"gold_gain":0,"player_choice":"Gave Idol","damage_taken":0,"relics_obtained":["Bloody Idol"],"max_hp_gain":0,"max_hp_loss":0,"event_name":"Forgotten Altar","floor":20,"relics_lost":["Golden Idol"],"gold_loss":0},{"damage_healed":0,"gold_gain":99,"player_choice":"Stole From Cult","damage_taken":0,"max_hp_gain":0,"max_hp_loss":0,"event_name":"Nest","floor":22,"gold_loss":0},{"damage_healed":0,"gold_gain":0,"player_choice":"Opened","damage_taken":0,"relics_obtained":["Blue Candle"],"max_hp_gain":0,"max_hp_loss":0,"event_name":"The Mausoleum","floor":27,"gold_loss":0},{"damage_healed":0,"gold_gain":0,"player_choice":"Fight","damage_taken":0,"max_hp_gain":0,"max_hp_loss":0,"event_name":"MindBloom","floor":37,"gold_loss":0},{"damage_healed":0,"gold_gain":0,"player_choice":"Ignored","damage_taken":0,"max_hp_gain":0,"max_hp_loss":0,"event_name":"Tomb of Lord Red Mask","floor":39,"gold_loss":0}],"is_beta":false,"boss_relics":[{"not_picked":["SlaversCollar","Busted Crown"],"picked":"Velvet Choker"},{"not_picked":["Inserter","Empty Cage"],"picked":"SacredBark"}],"items_purged_floors":[36],"is_endless":false,"potions_floor_spawned":[4,10,16,24,28,33,35],"killed_by":"Giant Head","ascension_level":9}}