{"host":"88k5ybcf55kxe2cn","time":1614459759,"event":{"mods":["BaseMod","Bestiary","Colored Map","Colored Powertips","Downfall","Minty Spire (QoL Compilation)","StSLib"],"gold_per_floor":[99,117,129,148,166,166,190,220,220,251,251,264,264,280,291,391,391,391,403,403,422,507,507,507,525,280,299,331,110,143,163,183,285,285,285,303,319,319,46,46,46,46,69,103,118,136,153,6,6,6,6],"floor_reached":49,"language":"SPA","playtime":5687,"items_purged":["Pain"],"score":686,"play_id":"e269ac26-6a23-4dfd-b7c9-3fb04ed57572","local_time":"20210227220239","is_ascension_mode":false,"campfire_choices":[{"data":"Slimebound:CorrosiveSpit","floor":1.0,"key":"SMITH"},{"data":"Slimebound:LeadByExample","floor":6.0,"key":"SMITH"},{"data":"Slimebound:Split","floor":9.0,"key":"SMITH"},{"data":"Slimebound:Gluttony","floor":11.0,"key":"SMITH"},{"data":"Slimebound:OneTwoCombo","floor":13.0,"key":"SMITH"},{"data":"Slimebound:Teamwork","floor":18.0,"key":"SMITH"},{"data":"Slimebound:OneTwoCombo","floor":35.0,"key":"SMITH"},{"data":"Slimebound:LevelUp","floor":42.0,"key":"SMITH"}],"circlet_count":0,"master_deck":["Slimebound:Strike_Slimebound","Slimebound:Strike_Slimebound","Slimebound:Strike_Slimebound","Slimebound:Tackle","Slimebound:Defend_Slimebound+1","Slimebound:Defend_Slimebound+1","Slimebound:Defend_Slimebound","Slimebound:Defend_Slimebound","Slimebound:Split+1","Slimebound:CorrosiveSpit+1","Slimebound:MegaLick","Slimebound:PressTheAttack","Slimebound:LeadByExample+1","Slimebound:Prepare","Slimebound:RejuvenatingLick","Slimebound:Gluttony+1","Slimebound:OneTwoCombo+1","Slimebound:RollThrough","Slimebound:LivingWall","Slimebound:Teamwork+1","Slimebound:LeechingTouch","downfall:Bewildered","Slimebound:FormOfPuddle","Slimebound:Schlurp+1","Slimebound:SplitBruiser+1","expansioncontent:AwakenDeath","Slimebound:RallyTheTroops","Slimebound:SplitBruiser","Slimebound:SpikyOuterGoop+1","Slimebound:LeechEnergy+1","Slimebound:OneTwoCombo+1","Slimebound:BestDefense","Slimebound:AcidTongue","Slimebound:Schlurp+1","Slimebound:MassFeed","Slimebound:GoopSpray+1","Slimebound:SplitBruiser+1","Slimebound:MegaLick+1","Slimebound:LevelUp+1","downfall:Haunted","Pain","downfall:Bewildered","Slimebound:HauntingLick+1","Parasite","Slimebound:FinishingTackle","Slimebound:Nibble+1","Slimebound:SplitAcid+1","Slimebound:GrowthPunch+1","expansioncontent:HyperBeam","Slimebound:PrepareCrush"],"relics":["Slimebound:AbsorbEndCombatUpgraded","Strawberry","Odd Mushroom","Smiling Mask","sneckomod:BabySnecko","Du-Vu Doll","The Courier","Orichalcum","Velvet Choker","Pantograph","downfall:ExtraCursedKey","War Paint","Bag of Marbles","Potion Belt","Dead Branch"],"acts_visited":["Exordium","TheCity","TheBeyond"],"potions_floor_usage":[44],"damage_taken":[{"damage":13.0,"enemies":"Jaw Worm","floor":2.0,"turns":4.0},{"damage":3.0,"enemies":"Small Slimes","floor":3.0,"turns":3.0},{"damage":0.0,"enemies":"2 Louse","floor":4.0,"turns":2.0},{"damage":3.0,"enemies":"Exordium Thugs","floor":5.0,"turns":2.0},{"damage":13.0,"enemies":"The Mushroom Lair","floor":8.0,"turns":5.0},{"damage":25.0,"enemies":"3 Sentries","floor":10.0,"turns":5.0},{"damage":12.0,"enemies":"Red Slaver","floor":12.0,"turns":2.0},{"damage":3.0,"enemies":"Exordium Wildlife","floor":14.0,"turns":4.0},{"damage":6.0,"enemies":"2 Fungi Beasts","floor":15.0,"turns":3.0},{"damage":53.0,"enemies":"DF_ARCHETYPE_STREAMLINE","floor":16.0,"turns":11.0},{"damage":11.0,"enemies":"3 Byrds","floor":19.0,"turns":4.0},{"damage":8.0,"enemies":"Chosen","floor":21.0,"turns":6.0},{"damage":15.0,"enemies":"Snake Plant","floor":25.0,"turns":4.0},{"damage":0.0,"enemies":"downfall:FleeingMerchant","floor":26.0,"turns":4.0},{"damage":27.0,"enemies":"Sentry and Sphere","floor":27.0,"turns":5.0},{"damage":60.0,"enemies":"Gremlin Leader","floor":28.0,"turns":6.0},{"damage":5.0,"enemies":"downfall:FleeingMerchant","floor":29.0,"turns":4.0},{"damage":26.0,"enemies":"Book of Stabbing","floor":30.0,"turns":4.0},{"damage":6.0,"enemies":"Chosen and Byrds","floor":31.0,"turns":4.0},{"damage":20.0,"enemies":"Snake Plant","floor":32.0,"turns":4.0},{"damage":39.0,"enemies":"SI_MIRROR_ARCHETYPE","floor":33.0,"turns":16.0},{"damage":31.0,"enemies":"3 Shapes","floor":36.0,"turns":4.0},{"damage":15.0,"enemies":"3 Darklings","floor":37.0,"turns":5.0},{"damage":3.0,"enemies":"downfall:FleeingMerchant","floor":39.0,"turns":4.0},{"damage":59,"enemies":"Reptomancer","floor":44,"turns":7},{"damage":17,"enemies":"Writhing Mass","floor":45,"turns":5},{"damage":10,"enemies":"Spire Growth","floor":46,"turns":3},{"damage":4,"enemies":"4 Shapes","floor":47,"turns":4},{"damage":13,"enemies":"downfall:FleeingMerchant","floor":48,"turns":4},{"damage":30,"enemies":"Jaw Worm Horde","floor":49,"turns":2}],"seed_played":"7986828201806073810","potions_obtained":[{"floor":3.0,"key":"Fire Potion"},{"floor":4.0,"key":"LiquidBronze"},{"floor":12.0,"key":"EssenceOfSteel"},{"floor":19.0,"key":"Weak Potion"},{"floor":25.0,"key":"LiquidMemories"},{"floor":27.0,"key":"Fire Potion"},{"floor":30.0,"key":"FearPotion"},{"floor":32.0,"key":"LiquidMemories"},{"floor":33.0,"key":"champ:CounterPotion"},{"floor":36.0,"key":"SteroidPotion"},{"floor":45,"key":"BlessingOfTheForge"},{"floor":46,"key":"LiquidBronze"}],"is_trial":false,"path_per_floor":["R","M","M","M","M","R","T","?","R","E","R","M","R","M","M","B",null,"R","M","?","M","?","?","T","M","$","M","E","$","E","M","M","B",null,"R","M","M","?","$","?","T","R","T","E","M","M","M","$","M"],"character_chosen":"SLIMEBOUND","items_purchased":["expansioncontent:AwakenDeath","Slimebound:RallyTheTroops","Slimebound:OneTwoCombo","FairyPotion","Pantograph","Slimebound:LevelUp","expansioncontent:HyperBeam","Dead Branch","Slimebound:PrepareCrush"],"campfire_rested":0,"item_purchase_floors":[26,26,29,29,39,39,48,48,48],"current_hp_per_floor":[71,61,62,66,69,69,76,69,69,52,52,44,44,47,49,4,78,78,70,70,73,61,61,61,52,64,46,21,16,26,26,9,5,78,78,53,44,68,68,68,68,68,68,22,14,13,9,25,0,0,0],"gold":6,"neow_bonus":"TEN_PERCENT_HP_BONUS","is_daily":false,"chose_seed":false,"campfire_upgraded":8,"win_rate":0.0,"timestamp":1614459759,"path_taken":["R","M","M","M","M","R","T","?","R","E","R","M","R","M","M","BOSS","R","M","?","M","?","?","T","M","$","?","E","?","E","M","M","BOSS","R","M","M","?","$","?","T","R","?","E","M","M","M","$","M"],"items_purchased_type":["Card","Card","Card","Potion","Relic","Card","Card","Relic","Card"],"build_version":"2020-12-22","purchased_purges":1,"victory":false,"max_hp_per_floor":[71,71,71,71,71,71,78,78,78,78,78,78,78,78,78,78,78,78,78,78,78,78,78,78,78,78,78,78,78,78,78,78,78,78,78,78,78,68,68,68,68,68,68,68,68,68,68,71,71,71,71],"card_choices":[{"not_picked":["Slimebound:HauntingLick","Slimebound:ItLooksTasty"],"picked":"Slimebound:MegaLick","floor":2.0},{"not_picked":["Slimebound:SlimeSpikes","Slimebound:GoopSpray"],"picked":"Slimebound:PressTheAttack","floor":3.0},{"not_picked":["Slimebound:SamplingLick","Slimebound:SplitMire"],"picked":"Slimebound:LeadByExample","floor":4.0},{"not_picked":["Slimebound:GoopTackle","Slimebound:RainOfGoop"],"picked":"Slimebound:Prepare","floor":5.0},{"not_picked":["Slimebound:Grow","Slimebound:FinishingTackle"],"picked":"Slimebound:RejuvenatingLick","floor":8.0},{"not_picked":["Slimebound:AcidTongue","Slimebound:SpikyOuterGoop"],"picked":"Slimebound:Gluttony","floor":10.0},{"not_picked":["Slimebound:SplitBruiser","Slimebound:SplitLeeching"],"picked":"Slimebound:OneTwoCombo","floor":12.0},{"not_picked":["Slimebound:SplitMire","Slimebound:FinishingTackle"],"picked":"Slimebound:RollThrough","floor":14.0},{"not_picked":["Slimebound:GoopSpray","Slimebound:GoopTackle"],"picked":"Slimebound:LivingWall","floor":15.0},{"not_picked":["Slimebound:FirmFortitude","Slimebound:WasteNot"],"picked":"Slimebound:Teamwork","floor":16.0},{"not_picked":["Slimebound:RollThrough","Slimebound:SlimeTap"],"picked":"Slimebound:LeechingTouch","floor":19.0},{"not_picked":["Slimebound:LeechingTouch+1","Slimebound:LeadByExample"],"picked":"Slimebound:GoopTackle","floor":21.0},{"not_picked":["Slimebound:Prepare+1","Slimebound:LivingWall"],"picked":"Slimebound:Schlurp+1","floor":25.0},{"not_picked":["Slimebound:SplitLeeching+1","Slimebound:HauntingLick+1"],"picked":"Slimebound:SplitBruiser+1","floor":26.0},{"not_picked":["Slimebound:Prepare","Slimebound:RollThrough"],"picked":"Slimebound:SplitBruiser","floor":27.0},{"not_picked":["Slimebound:SplitAcid","Slimebound:GoopTackle"],"picked":"Slimebound:SpikyOuterGoop+1","floor":28.0},{"not_picked":["Slimebound:RainOfGoop+1","Slimebound:SpikyOuterGoop+1"],"picked":"Slimebound:LeechEnergy+1","floor":29.0},{"not_picked":["Slimebound:HauntingLick","Slimebound:PressTheAttack"],"picked":"Slimebound:BestDefense","floor":30.0},{"not_picked":["Slimebound:Grow+1","Slimebound:SpikyOuterGoop"],"picked":"Slimebound:AcidTongue","floor":31.0},{"not_picked":["Slimebound:AcidTongue","Slimebound:Replication"],"picked":"Slimebound:Schlurp+1","floor":32.0},{"not_picked":["Slimebound:SelfFormingGoo","Slimebound:MassRepurpose"],"picked":"Slimebound:MassFeed","floor":33.0},{"not_picked":["Slimebound:SplitAcid","Slimebound:SplitLeeching+1"],"picked":"Slimebound:GoopSpray+1","floor":36.0},{"not_picked":["Slimebound:Schlurp+1","Slimebound:Chomp"],"picked":"Slimebound:SplitBruiser+1","floor":37.0},{"not_picked":["Slimebound:DuplicatedForm","Slimebound:ForwardTackle"],"picked":"Slimebound:MegaLick+1","floor":39.0},{"not_picked":["Slimebound:LeechEnergy+1","Slimebound:Chomp"],"picked":"Slimebound:HauntingLick+1","floor":44},{"not_picked":["Slimebound:SplitMire","Slimebound:GoopTackle"],"picked":"Slimebound:FinishingTackle","floor":45},{"not_picked":["Slimebound:Prepare+1","Slimebound:RollThrough"],"picked":"Slimebound:Nibble+1","floor":46},{"not_picked":["Slimebound:MegaLick","Slimebound:Repurpose+1"],"picked":"Slimebound:SplitAcid+1","floor":47},{"not_picked":["Slimebound:Chomp","Slimebound:Schlurp+1"],"picked":"Slimebound:GrowthPunch+1","floor":48}],"player_experience":235875,"relics_obtained":[{"floor":7.0,"key":"Strawberry"},{"floor":8.0,"key":"Odd Mushroom"},{"floor":10.0,"key":"Smiling Mask"},{"floor":24.0,"key":"Du-Vu Doll"},{"floor":28.0,"key":"The Courier"},{"floor":30.0,"key":"Orichalcum"},{"floor":41.0,"key":"War Paint"},{"floor":43.0,"key":"Bag of Marbles"},{"floor":44,"key":"Potion Belt"}],"event_choices":[{"damage_healed":0.0,"max_hp_gain":0.0,"max_hp_loss":0.0,"gold_gain":0.0,"event_name":"Mushrooms","player_choice":"Fought Mushrooms","floor":8.0,"gold_loss":0.0,"damage_taken":0.0}],"is_beta":false,"boss_relics":[{"not_picked":["Busted Crown","Runic Dome"],"picked":"Slimebound:AbsorbEndCombatUpgraded"},{"not_picked":["SacredBark","Runic Pyramid"],"picked":"Velvet Choker"}],"items_purged_floors":[48],"is_endless":false,"potions_floor_spawned":[3,4,12,19,25,27,30,32,33,36,45,46],"killed_by":"Jaw Worm Horde","ascension_level":0}}