{"host":"g8a0qo0vjtg6u5wv","time":1614419723,"event":{"mods":["BaseMod","Colored Map","Custom Start","KOR Keyword Fix","Minty Spire (QoL Compilation)","StSLib","SuperFastMode"],"gold_per_floor":[10,20,20,20,20,20,51,51,77,94,114,114,131,151,151,228,228,238,12,12,23,0,0,34,34,34,52,52,152,180,10,10,83,83,93,103,118,45,63,63,81,110,110,110,164,164,67,92,92,92,92],"floor_reached":50,"language":"KOR","playtime":1505,"items_purged":["Defend_G","Writhe"],"score":889,"play_id":"1e88f2a8-099c-4f5f-b0fa-7b9e5e06cc9c","local_time":"20210227185523","is_ascension_mode":true,"campfire_choices":[{"data":"Blade Dance","floor":6.0,"key":"SMITH"},{"data":"Footwork","floor":8.0,"key":"SMITH"},{"data":"Bouncing Flask","floor":12.0,"key":"SMITH"},{"floor":15.0,"key":"REST"},{"data":"Malaise","floor":23.0,"key":"SMITH"},{"floor":25.0,"key":"REST"},{"data":"Wraith Form v2","floor":32,"key":"SMITH"},{"data":"Accuracy","floor":40,"key":"SMITH"},{"data":"Night Terror","floor":44,"key":"SMITH"},{"data":"Burst","floor":49,"key":"SMITH"}],"circlet_count":0,"master_deck":["AscendersBane","Survivor","Neutralize","Tools of the Trade","Leg Sweep","Blade Dance+1","PiercingWail","Dagger Throw","Footwork+1","Bouncing Flask+1","Infinite Blades","Backflip","Deadly Poison","Malaise+1","Corpse Explosion+1","Calculated Gamble+1","Envenom+1","Dodge and Roll","Escape Plan+1","Burst+1","Cloak And Dagger","Wraith Form v2+1","Night Terror+1","Bane+1","Terror+1","Bouncing Flask+1","Accuracy+1","Footwork","Panacea"],"relics":["Ring of the Snake","Mummified Hand","Pen Nib","Astrolabe","TwistedFunnel","Juzu Bracelet","Meat on the Bone","Vajra","Enchiridion","Nunchaku","Empty Cage","Torii","Bird Faced Urn","Mango","Regal Pillow"],"acts_visited":["Exordium","TheCity","TheBeyond"],"potions_floor_usage":[30,50],"damage_taken":[{"damage":1.0,"enemies":"Jaw Worm","floor":1.0,"turns":7.0},{"damage":0.0,"enemies":"2 Louse","floor":2.0,"turns":5.0},{"damage":27.0,"enemies":"Lagavulin","floor":7.0,"turns":12.0},{"damage":0.0,"enemies":"Cultist","floor":10.0,"turns":4.0},{"damage":0.0,"enemies":"2 Fungi Beasts","floor":11.0,"turns":4.0},{"damage":13.0,"enemies":"Exordium Wildlife","floor":13.0,"turns":5.0},{"damage":3.0,"enemies":"Looter","floor":14.0,"turns":3.0},{"damage":5.0,"enemies":"The Guardian","floor":16.0,"turns":10.0},{"damage":0.0,"enemies":"Spheric Guardian","floor":18.0,"turns":3.0},{"damage":0.0,"enemies":"3 Byrds","floor":21.0,"turns":2.0},{"damage":50.0,"enemies":"Gremlin Leader","floor":24.0,"turns":7.0},{"damage":0.0,"enemies":"Snecko","floor":27.0,"turns":6.0},{"damage":1,"enemies":"Slavers","floor":30,"turns":3},{"damage":28,"enemies":"Champ","floor":33,"turns":13},{"damage":3,"enemies":"3 Darklings","floor":35,"turns":4},{"damage":1,"enemies":"3 Shapes","floor":36,"turns":4},{"damage":8,"enemies":"Transient","floor":37,"turns":5},{"damage":9,"enemies":"4 Shapes","floor":39,"turns":4},{"damage":0,"enemies":"Spire Growth","floor":41,"turns":4},{"damage":1,"enemies":"Nemesis","floor":42,"turns":5},{"damage":1,"enemies":"2 Orb Walkers","floor":45,"turns":3},{"damage":65,"enemies":"Awakened One","floor":50,"turns":9}],"seed_played":"605581405511247050","potions_obtained":[{"floor":7.0,"key":"Poison Potion"},{"floor":10.0,"key":"Strength Potion"},{"floor":18.0,"key":"Fire Potion"},{"floor":33,"key":"FearPotion"},{"floor":37,"key":"GhostInAJar"}],"is_trial":false,"path_per_floor":["M","M","?","?","$","R","E","R","T","M","M","R","M","M","R","B",null,"M","$","?","M","?","R","E","R","T","M","?","?","E","$","R","B",null,"M","M","M","$","M","R","M","E","T","R","?","?","$","T","R","B"],"character_chosen":"THE_SILENT","items_purchased":["TwistedFunnel","Wraith Form v2","Accuracy","Panacea"],"campfire_rested":2,"item_purchase_floors":[19,31,38,47],"current_hp_per_floor":[58,58,58,63,63,63,36,36,36,36,36,36,23,20,41,36,62,62,62,62,62,62,62,12,33,33,45,29,29,40,40,40,24,59,56,55,47,47,38,38,38,37,37,37,56,56,56,56,56,0,0],"gold":92,"neow_bonus":"TRANSFORM_TWO_CARDS","is_daily":false,"chose_seed":false,"campfire_upgraded":8,"win_rate":0.0,"timestamp":1614419723,"path_taken":["M","M","?","?","$","R","E","R","T","M","M","R","M","M","R","BOSS","M","$","?","M","?","R","E","R","T","M","?","?","E","$","R","BOSS","M","M","M","$","M","R","M","E","T","R","?","?","$","?","R","BOSS"],"items_purchased_type":["Relic","Card","Card","Card"],"build_version":"2020-12-22","purchased_purges":2,"victory":false,"max_hp_per_floor":[66,66,66,71,71,71,71,71,71,71,71,71,71,71,71,71,71,71,71,71,71,71,71,71,71,71,71,71,71,71,71,71,71,71,71,71,71,71,71,71,71,71,71,71,85,85,85,85,85,85,85],"card_choices":[{"not_picked":["Flying Knee","Blur"],"picked":"Blade Dance","floor":1.0},{"not_picked":["Cloak And Dagger","Dash"],"picked":"PiercingWail","floor":2.0},{"not_picked":["Acrobatics","Backflip"],"picked":"Footwork","floor":7.0},{"not_picked":["Deflect","Dagger Spray"],"picked":"Bouncing Flask","floor":10.0},{"not_picked":["Bane","Dodge and Roll"],"picked":"Infinite Blades","floor":11.0},{"not_picked":["Dagger Spray","Quick Slash"],"picked":"Backflip","floor":13.0},{"not_picked":["Skewer","Infinite Blades"],"picked":"Deadly Poison","floor":14.0},{"not_picked":["Venomology","Doppelganger"],"picked":"Malaise","floor":16.0},{"not_picked":["Infinite Blades","Quick Slash","Bane"],"picked":"SKIP","floor":18.0},{"not_picked":["Masterful Stab","Finisher"],"picked":"Dodge and Roll","floor":21.0},{"not_picked":["All Out Attack","Bane"],"picked":"Escape Plan+1","floor":24.0},{"not_picked":["Blade Dance+1","Deflect"],"picked":"Burst","floor":27.0},{"not_picked":["Burst","Outmaneuver"],"picked":"Cloak And Dagger","floor":30},{"not_picked":["Glass Knife","Storm of Steel"],"picked":"Night Terror","floor":33},{"not_picked":["Cloak And Dagger","Quick Slash"],"picked":"Bane+1","floor":35},{"not_picked":["Underhanded Strike","Sucker Punch"],"picked":"Terror+1","floor":36},{"not_picked":["Underhanded Strike","Caltrops"],"picked":"Bouncing Flask+1","floor":37},{"not_picked":["Bane","Sucker Punch","Bouncing Flask+1"],"picked":"SKIP","floor":39},{"not_picked":["Deadly Poison+1","Dagger Spray","Corpse Explosion"],"picked":"SKIP","floor":41},{"not_picked":["Dodge and Roll+1","Underhanded Strike"],"picked":"Footwork","floor":42}],"player_experience":600385,"relics_obtained":[{"floor":7.0,"key":"Mummified Hand"},{"floor":9.0,"key":"Pen Nib"},{"floor":24.0,"key":"Meat on the Bone"},{"floor":26.0,"key":"Vajra"},{"floor":28.0,"key":"Enchiridion"},{"floor":30,"key":"Nunchaku"},{"floor":42,"key":"Torii"},{"floor":43,"key":"Bird Faced Urn"},{"floor":45,"key":"Mango"},{"floor":48,"key":"Regal Pillow"}],"event_choices":[{"damage_healed":0.0,"max_hp_gain":0.0,"max_hp_loss":0.0,"gold_gain":0.0,"cards_transformed":["Strike_G"],"event_name":"Living Wall","player_choice":"Change","floor":3.0,"gold_loss":0.0,"damage_taken":0.0,"cards_obtained":["Dagger Throw"]},{"damage_healed":0.0,"max_hp_gain":5.0,"max_hp_loss":0.0,"gold_gain":0.0,"event_name":"Big Fish","player_choice":"Donut","floor":4.0,"gold_loss":0.0,"damage_taken":0.0},{"damage_healed":0.0,"max_hp_gain":0.0,"max_hp_loss":0.0,"gold_gain":0.0,"event_name":"The Mausoleum","player_choice":"Opened","floor":20.0,"gold_loss":0.0,"damage_taken":0.0,"relics_obtained":["Juzu Bracelet"],"cards_obtained":["Writhe"]},{"damage_healed":0.0,"max_hp_gain":0.0,"max_hp_loss":0.0,"gold_gain":0.0,"event_name":"Masked Bandits","player_choice":"Paid Fearfully","floor":22.0,"gold_loss":23.0,"damage_taken":0.0},{"damage_healed":0.0,"max_hp_gain":0.0,"max_hp_loss":0.0,"gold_gain":0.0,"event_name":"Cursed Tome","player_choice":"Obtained Book","floor":28.0,"gold_loss":0.0,"damage_taken":16.0},{"damage_healed":0.0,"max_hp_gain":0.0,"max_hp_loss":0.0,"gold_gain":100.0,"event_name":"Golden Shrine","player_choice":"Pray","floor":29.0,"gold_loss":0.0,"damage_taken":0.0},{"damage_healed":0,"gold_gain":0,"player_choice":"Fight","damage_taken":0,"max_hp_gain":0,"max_hp_loss":0,"event_name":"Mysterious Sphere","floor":45,"gold_loss":0},{"cards_removed":["Defend_G"],"damage_healed":0,"gold_gain":0,"player_choice":"Removed Skill","damage_taken":0,"max_hp_gain":0,"max_hp_loss":0,"event_name":"Falling","floor":46,"gold_loss":0}],"is_beta":false,"boss_relics":[{"not_picked":["Philosopher\u0027s Stone","Tiny House"],"picked":"Astrolabe"},{"not_picked":["Black Star","Runic Pyramid"],"picked":"Empty Cage"}],"items_purged_floors":[19,31],"is_endless":false,"potions_floor_spawned":[7,10,11,14,18,33,37,41],"killed_by":"Awakened One","ascension_level":14}}