{"host":"t5vp0whyqzs05fb6","time":1614413341,"event":{"mods":["AchievementEnabler","BaseMod","Colored Map","Minty Spire (QoL Compilation)","Rare Cards Sparkle","SuperFastMode","everything is the same but u backflip on backflip"],"gold_per_floor":[111,130,148,166,185,215,215,229,309,324,324,341,291,305,305,401,401,416,416,428,527,546,573,271,306,331,331,331,363,381,381,381,481,481,494,298,317,317,120,120,152,152,152,180,198,218,229,256,256,256,256,256,20,51,51],"floor_reached":56,"language":"KOR","playtime":2238,"items_purged":["Strike_R","Strike_R","Strike_R+1","Defend_R","Defend_R"],"score":1599,"play_id":"aa5c0967-e157-4805-96d6-ff57c37b71a6","local_time":"20210227170901","is_ascension_mode":true,"campfire_choices":[{"data":"True Grit","floor":7,"key":"SMITH"},{"data":"Dark Embrace","floor":11,"key":"SMITH"},{"data":"Seeing Red","floor":15,"key":"SMITH"},{"data":"Berserk","floor":27,"key":"SMITH"},{"data":"Corruption","floor":32,"key":"SMITH"},{"floor":40,"key":"RECALL"},{"data":"Bloodletting","floor":49,"key":"SMITH"},{"data":"Havoc","floor":52,"key":"SMITH"}],"circlet_count":0,"master_deck":["Defend_R","Defend_R","Bash","Corruption+1","Barricade+1","Shrug It Off","Havoc+1","True Grit+1","Dark Embrace+1","Bloodletting+1","Seeing Red+1","Berserk+1","Corruption+1","Havoc+1","True Grit+1","Second Wind","Intimidate"],"relics":["Burning Blood","Whetstone","Dead Branch","Smiling Mask","HornCleat","Philosopher\u0027s Stone","Blood Vial","Sundial","Red Mask","Tiny Chest","Unceasing Top","Empty Cage","ClockworkSouvenir","Happy Flower","PreservedInsect","Bag of Marbles","Magic Flower","Orichalcum","Membership Card","Mercury Hourglass"],"acts_visited":["Exordium","TheCity","TheBeyond","TheEnding"],"potions_floor_usage":[18,18,25,25,33,50,55,55,55],"damage_taken":[{"damage":2,"enemies":"Jaw Worm","floor":1,"turns":3},{"damage":0,"enemies":"Small Slimes","floor":2,"turns":3},{"damage":15,"enemies":"2 Louse","floor":3,"turns":3},{"damage":3,"enemies":"Exordium Thugs","floor":4,"turns":5},{"damage":6,"enemies":"2 Fungi Beasts","floor":5,"turns":2},{"damage":2,"enemies":"3 Sentries","floor":6,"turns":7},{"damage":3,"enemies":"3 Louse","floor":8,"turns":3},{"damage":3,"enemies":"Looter","floor":10,"turns":3},{"damage":0,"enemies":"Exordium Thugs","floor":12,"turns":4},{"damage":9,"enemies":"Blue Slaver","floor":14,"turns":3},{"damage":14,"enemies":"Slime Boss","floor":16,"turns":4},{"damage":18,"enemies":"3 Byrds","floor":18,"turns":3},{"damage":8,"enemies":"Spheric Guardian","floor":20,"turns":3},{"damage":18,"enemies":"Shelled Parasite and Fungi","floor":22,"turns":4},{"damage":53,"enemies":"Slavers","floor":23,"turns":4},{"damage":21,"enemies":"Masked Bandits","floor":25,"turns":4},{"damage":3,"enemies":"Book of Stabbing","floor":29,"turns":3},{"damage":0,"enemies":"Snecko","floor":30,"turns":5},{"damage":30,"enemies":"Collector","floor":33,"turns":6},{"damage":17,"enemies":"3 Shapes","floor":35,"turns":3},{"damage":1,"enemies":"Orb Walker","floor":37,"turns":4},{"damage":10,"enemies":"Reptomancer","floor":41,"turns":3},{"damage":3,"enemies":"Giant Head","floor":44,"turns":6},{"damage":4,"enemies":"Jaw Worm Horde","floor":45,"turns":3},{"damage":7,"enemies":"3 Darklings","floor":46,"turns":3},{"damage":12,"enemies":"Maw","floor":47,"turns":3},{"damage":12,"enemies":"Nemesis","floor":48,"turns":3},{"damage":41,"enemies":"Awakened One","floor":50,"turns":7},{"damage":7,"enemies":"Shield and Spear","floor":54,"turns":3},{"damage":12,"enemies":"The Heart","floor":55,"turns":9}],"seed_played":"1424893377148494223","potions_obtained":[{"floor":2,"key":"Regen Potion"},{"floor":4,"key":"SteroidPotion"},{"floor":6,"key":"Swift Potion"},{"floor":22,"key":"BloodPotion"},{"floor":23,"key":"Weak Potion"},{"floor":25,"key":"Explosive Potion"},{"floor":33,"key":"Regen Potion"},{"floor":41,"key":"DuplicationPotion"},{"floor":54,"key":"Explosive Potion"}],"is_trial":false,"path_per_floor":["M","M","M","M","M","E","R","M","T","M","R","M","$","M","R","B",null,"M","?","M","?","M","E","$","?","T","R","?","E","M","?","R","B",null,"M","$","M","?","$","R","E","T","T","E","M","M","M","E","R","B",null,"R","$","E","B",null],"character_chosen":"IRONCLAD","items_purchased":["Sundial","ClockworkSouvenir","Happy Flower","Membership Card","Second Wind"],"campfire_rested":0,"item_purchase_floors":[24,36,39,53,53],"current_hp_per_floor":[80,80,71,74,74,78,78,80,80,80,80,80,80,77,77,69,80,72,72,70,70,58,11,11,14,14,14,14,19,27,27,27,10,80,69,69,76,76,76,76,72,72,72,76,76,76,73,73,73,64,76,76,76,76,73],"gold":51,"neow_bonus":"RANDOM_COMMON_RELIC","is_daily":false,"chose_seed":false,"campfire_upgraded":7,"win_rate":0.0,"timestamp":1614413341,"path_taken":["M","M","M","M","M","E","R","M","T","M","R","M","$","M","R","BOSS","M","?","M","?","M","E","$","?","T","R","?","E","M","?","R","BOSS","M","$","M","?","$","R","E","?","T","E","M","M","M","E","R","BOSS","R","$","E","BOSS"],"items_purchased_type":["Relic","Relic","Relic","Relic","Card"],"build_version":"2020-12-22","purchased_purges":5,"victory":true,"max_hp_per_floor":[80,80,80,80,80,80,80,80,80,80,80,80,80,80,80,80,80,80,80,80,80,80,80,80,80,80,80,80,80,80,80,80,80,80,80,80,80,76,76,76,76,76,76,76,76,76,76,76,76,76,76,76,76,76,76],"card_choices":[{"not_picked":["True Grit","Bloodletting"],"picked":"Shrug It Off","floor":1},{"not_picked":["Whirlwind","Perfected Strike","Dual Wield"],"picked":"SKIP","floor":2},{"not_picked":["Combust","Wild Strike","Clothesline"],"picked":"SKIP","floor":3},{"not_picked":["Anger","Inflame"],"picked":"Havoc","floor":4},{"not_picked":["Power Through","Shrug It Off"],"picked":"True Grit","floor":5},{"not_picked":["Rage","Power Through","Juggernaut"],"picked":"SKIP","floor":6},{"not_picked":["Infernal Blade","Flex"],"picked":"Dark Embrace","floor":8},{"not_picked":["Warcry","Heavy Blade","Clash"],"picked":"SKIP","floor":10},{"not_picked":["Carnage","Shockwave"],"picked":"Bloodletting","floor":12},{"not_picked":["Cleave","Flame Barrier"],"picked":"Seeing Red","floor":14},{"not_picked":["Immolate","Limit Break"],"picked":"Berserk","floor":16},{"not_picked":["Flex+1","Reckless Charge","Spot Weakness"],"picked":"SKIP","floor":18},{"not_picked":["Combust","True Grit","Seeing Red"],"picked":"SKIP","floor":20},{"not_picked":["Sever Soul+1","Entrench","Pommel Strike+1"],"picked":"SKIP","floor":22},{"not_picked":["Combust","Hemokinesis+1","Wild Strike+1"],"picked":"SKIP","floor":23},{"not_picked":["Sever Soul","Seeing Red"],"picked":"Corruption","floor":29},{"not_picked":["Iron Wave+1","Heavy Blade","Cleave"],"picked":"SKIP","floor":30},{"not_picked":["Searing Blow","Spot Weakness"],"picked":"Havoc+1","floor":35},{"not_picked":["Clothesline","Intimidate+1","Perfected Strike"],"picked":"SKIP","floor":37},{"not_picked":["Demon Form","Seeing Red","Cleave"],"picked":"SKIP","floor":41},{"not_picked":["Combust+1","Uppercut","Havoc"],"picked":"SKIP","floor":44},{"not_picked":["Combust+1","Uppercut","Havoc"],"picked":"SKIP","floor":44},{"not_picked":["Body Slam","Inflame","Disarm"],"picked":"SKIP","floor":45},{"not_picked":["Anger","Clash"],"picked":"True Grit+1","floor":46},{"not_picked":["Heavy Blade+1","Infernal Blade+1","Havoc"],"picked":"SKIP","floor":47},{"not_picked":["Iron Wave+1","Corruption","Rampage"],"picked":"SKIP","floor":48},{"not_picked":["Perfected Strike","Inflame"],"picked":"Intimidate","floor":54}],"player_experience":249648,"relics_obtained":[{"floor":6,"key":"Smiling Mask"},{"floor":9,"key":"HornCleat"},{"floor":23,"key":"Blood Vial"},{"floor":25,"key":"Red Mask"},{"floor":26,"key":"Tiny Chest"},{"floor":29,"key":"Unceasing Top"},{"floor":41,"key":"PreservedInsect"},{"floor":43,"key":"Bag of Marbles"},{"floor":44,"key":"Magic Flower"},{"floor":48,"key":"Orichalcum"},{"floor":54,"key":"Mercury Hourglass"}],"event_choices":[{"damage_healed":0,"gold_gain":0,"player_choice":"Ignored","damage_taken":0,"max_hp_gain":0,"max_hp_loss":0,"event_name":"Vampires","floor":19,"gold_loss":0},{"damage_healed":0,"gold_gain":99,"player_choice":"Stole From Cult","damage_taken":0,"max_hp_gain":0,"max_hp_loss":0,"event_name":"Nest","floor":21,"gold_loss":0},{"damage_healed":0,"gold_gain":0,"player_choice":"Fought Bandits","damage_taken":0,"max_hp_gain":0,"max_hp_loss":0,"event_name":"Masked Bandits","floor":25,"gold_loss":0},{"damage_healed":0,"gold_gain":0,"player_choice":"Smashed Altar","damage_taken":0,"max_hp_gain":0,"max_hp_loss":0,"event_name":"Forgotten Altar","floor":28,"gold_loss":0,"cards_obtained":["Decay"]},{"cards_removed":["Decay"],"damage_healed":0,"gold_gain":0,"player_choice":"Removed Curses","damage_taken":0,"max_hp_gain":0,"max_hp_loss":0,"event_name":"Fountain of Cleansing","floor":31,"gold_loss":0},{"damage_healed":0,"gold_gain":0,"player_choice":"Max HP","damage_taken":0,"max_hp_gain":0,"max_hp_loss":4,"event_name":"Winding Halls","floor":38,"gold_loss":0}],"is_beta":false,"boss_relics":[{"not_picked":["SacredBark","SlaversCollar"],"picked":"Philosopher\u0027s Stone"},{"not_picked":["Snecko Eye","Velvet Choker"],"picked":"Empty Cage"}],"items_purged_floors":[13,24,36,39,53],"is_endless":false,"potions_floor_spawned":[2,4,6,8,14,22,23,25,33,37,41,48,54],"ascension_level":2}}