{"host":"3dgd3gfmqutz6web","time":1614411442,"event":{"mods":["Aspiration","BaseMod","BetterRewards","Dark Map","Downfall","Library of Ruina","Minty Spire (QoL Compilation)","Reliquary","Replay The Spire","Spikes Relics","StSLib"],"gold_per_floor":[117,117,130,140,140,165,165,192,192,202,217,236,236,248,248,348,348,360,360,459,474,474,474],"floor_reached":22,"language":"ENG","playtime":1170,"items_purged":[],"score":307,"play_id":"74684d9f-e116-470b-b525-61398854b1f7","local_time":"20210226233722","is_ascension_mode":true,"campfire_choices":[{"floor":7,"key":"REST"},{"floor":13,"key":"REST"},{"floor":15,"key":"DIG"}],"circlet_count":0,"master_deck":["AscendersBane","Strike_R","Strike_R","Strike_R","Strike_R","Defend_R+1","Defend_R+1","Defend_R","Bash","Iron Wave","Dropkick","Flex","Limit Break","Intimidate","Headbutt","Wild Strike","Warcry","Evolve","Sword Boomerang","Demon Form","Evolve+1","Battle Trance"],"relics":["Burning Blood","SnailShell","War Paint","Du-Vu Doll","reliquary:RedPaperclip","aspiration:Stabinomicon"],"acts_visited":["Exordium","TheCity"],"potions_floor_usage":[6,8,16,22],"damage_taken":[{"damage":1,"enemies":"2 Louse","floor":1,"turns":4},{"damage":0,"enemies":"Cultist","floor":3,"turns":3},{"damage":0,"enemies":"Jaw Worm","floor":4,"turns":5},{"damage":44,"enemies":"3 Sentries","floor":6,"turns":10},{"damage":14,"enemies":"Lagavulin","floor":8,"turns":7},{"damage":12,"enemies":"Lots of Slimes","floor":10,"turns":4},{"damage":7,"enemies":"Exordium Thugs","floor":11,"turns":4},{"damage":6,"enemies":"Looter","floor":12,"turns":3},{"damage":12,"enemies":"Red Slaver","floor":14,"turns":4},{"damage":62,"enemies":"Slime Boss","floor":16,"turns":13},{"damage":16,"enemies":"Chosen","floor":18,"turns":5},{"damage":20,"enemies":"Shell Parasite","floor":21,"turns":5},{"damage":32,"enemies":"3 Cultists","floor":22,"turns":4}],"seed_played":"4151978088673441260","potions_obtained":[{"floor":3,"key":"DistilledChaos"},{"floor":6,"key":"DistilledChaos"},{"floor":11,"key":"Doom Potion"},{"floor":14,"key":"BlessingOfTheForge"},{"floor":21,"key":"Explosive Potion"}],"is_trial":false,"path_per_floor":["M","?","M","M","?","E","R","E","T","M","M","M","R","M","R","B",null,"M","?","?","M","M"],"character_chosen":"IRONCLAD","items_purchased":[],"campfire_rested":2,"item_purchase_floors":[],"current_hp_per_floor":[77,77,80,80,80,42,66,58,58,52,51,51,75,69,69,24,66,56,40,40,26,0,0],"gold":474,"neow_bonus":"RANDOM_COMMON_RELIC","is_daily":false,"chose_seed":false,"campfire_upgraded":0,"win_rate":0.0,"timestamp":1614411442,"path_taken":["M","?","?","M","?","E","R","E","T","M","?","M","R","M","R","BOSS","M","?","?","M","M"],"items_purchased_type":[],"build_version":"2020-12-22","purchased_purges":0,"victory":false,"max_hp_per_floor":[80,80,80,80,80,80,80,80,80,80,80,80,80,80,80,80,80,80,80,80,80,80,80],"card_choices":[{"not_picked":["Shrug It Off","Headbutt"],"picked":"Iron Wave","floor":1},{"not_picked":["Clothesline","Iron Wave"],"picked":"Flex","floor":3},{"not_picked":["Armaments","Clothesline"],"picked":"Limit Break","floor":4},{"not_picked":["ReplayTheSpireMod:Strike From Hell","Massacre"],"picked":"Intimidate","floor":6},{"not_picked":["Heavy Blade","Whirlwind"],"picked":"Headbutt","floor":8},{"not_picked":["Sword Boomerang","Burning Pact"],"picked":"Wild Strike","floor":10},{"not_picked":["Metallicize","Twin Strike"],"picked":"Warcry","floor":11},{"not_picked":["Rage","Hemogenesis"],"picked":"Evolve","floor":12},{"not_picked":["Clothesline","Run Through"],"picked":"Sword Boomerang","floor":14},{"not_picked":["Immolate","Double Tap"],"picked":"Demon Form","floor":16},{"not_picked":["Battle Trance","Wild Strike"],"picked":"Evolve+1","floor":18},{"not_picked":["Clash","Sword Boomerang"],"picked":"Battle Trance","floor":21}],"player_experience":260708,"relics_obtained":[{"floor":6,"key":"War Paint"},{"floor":8,"key":"Replay:Bottled Flurry"},{"floor":9,"key":"Du-Vu Doll"},{"floor":15,"key":"Pantograph"},{"floor":19,"key":"aspiration:Stabinomicon"}],"event_choices":[{"damage_healed":0,"gold_gain":0,"cards_transformed":["Strike_R"],"player_choice":"Transformed","damage_taken":0,"max_hp_gain":0,"max_hp_loss":0,"event_name":"Transmorgrifier","floor":2,"gold_loss":0,"cards_obtained":["Dropkick"]},{"cards_removed":["Defend_R"],"damage_healed":0,"gold_gain":0,"player_choice":"Offered Basic","damage_taken":0,"max_hp_gain":0,"max_hp_loss":0,"event_name":"Bonfire Elementals","floor":5,"gold_loss":0},{"damage_healed":0,"gold_gain":0,"player_choice":"Obtained Book","damage_taken":16,"max_hp_gain":0,"max_hp_loss":0,"event_name":"Cursed Tome","floor":19,"gold_loss":0},{"damage_healed":0,"gold_gain":99,"player_choice":"Stole From Cult","damage_taken":0,"max_hp_gain":0,"max_hp_loss":0,"event_name":"Nest","floor":20,"gold_loss":0}],"is_beta":false,"boss_relics":[{"not_picked":["reliquary:KinkedSpring","Runic Dome"],"picked":"reliquary:RedPaperclip"}],"items_purged_floors":[],"is_endless":false,"potions_floor_spawned":[3,6,11,14,21],"killed_by":"3 Cultists","ascension_level":11}}