{"host":"Hutts","time":1614390915,"event":{"mods":["BaseMod","Downfall","Googly Eyes","Hermit","Minty Spire (QoL Compilation)","StSLib","The Cursed","The IronCluck"],"gold_per_floor":[115,129,129,32,207,240,240,273,273,273,2,77,89,102,102,204,204,222,222,222,233,233,233,261,281,305,337,337,437,362,394,394,492,492,507,562,562,576,596,625,625,654,654,654,666,678,437,465,465,465],"floor_reached":51,"language":"ENG","playtime":4112,"items_purged":["Regret","Strike_G+1"],"score":917,"play_id":"57afc672-8d03-4897-a3de-d836bc3f6510","local_time":"20210226195515","is_ascension_mode":true,"campfire_choices":[{"floor":7,"key":"REST"},{"floor":10,"key":"REST"},{"floor":15,"key":"REST"},{"data":"After Image","floor":23,"key":"SMITH"},{"floor":28,"key":"REST"},{"floor":32,"key":"REST"},{"data":"A Thousand Cuts","floor":41,"key":"SMITH"},{"data":"Panache","floor":44,"key":"SMITH"},{"floor":49,"key":"REST"}],"circlet_count":0,"master_deck":["Strike_G+1","Strike_G+1","Strike_G+1","Defend_G+1","Defend_G+1","Defend_G+1","Defend_G+1","Defend_G+1","Survivor","Neutralize+1","Panache+1","Prepared","Flying Knee+1","Slice","Slice+1","Dagger Spray+1","Infinite Blades","After Image+1","Terror+1","Dagger Spray+1","Prepared+1","Deflect+1","Underhanded Strike+1","Infinite Blades","Cloak And Dagger+1","After Image","Cloak And Dagger+1","A Thousand Cuts+1","Deflect+1","Underhanded Strike+1","Blade Dance+1","Cloak And Dagger+1","Footwork","Underhanded Strike+1","Distraction+1","Tools of the Trade","Unload+1","Infinite Blades"],"relics":["Ring of the Snake","Du-Vu Doll","Molten Egg 2","HornCleat","Membership Card","Toxic Egg 2","Cursed Key","Omamori","Centennial Puzzle","Matryoshka","StoneCalendar","Ornamental Fan","Whetstone","HoveringKite","Pocketwatch","PreservedInsect","Calipers","Strawberry","Dead Branch","Anchor"],"acts_visited":["Exordium","TheCity","TheBeyond"],"potions_floor_usage":[19,25,29,33,36,39,50,50,50],"damage_taken":[{"damage":5,"enemies":"Cultist","floor":1,"turns":4},{"damage":0,"enemies":"2 Louse","floor":2,"turns":2},{"damage":29,"enemies":"3 Sentries","floor":6,"turns":12},{"damage":28,"enemies":"Lagavulin","floor":8,"turns":8},{"damage":0,"enemies":"Jaw Worm","floor":13,"turns":2},{"damage":0,"enemies":"Large Slime","floor":14,"turns":4},{"damage":29,"enemies":"Slime Boss","floor":16,"turns":8},{"damage":0,"enemies":"3 Byrds","floor":18,"turns":3},{"damage":0,"enemies":"Spheric Guardian","floor":19,"turns":3},{"damage":6,"enemies":"Chosen and Byrds","floor":21,"turns":6},{"damage":15,"enemies":"Slavers","floor":24,"turns":5},{"damage":4,"enemies":"Snecko","floor":25,"turns":4},{"damage":10,"enemies":"Book of Stabbing","floor":27,"turns":4},{"damage":13,"enemies":"Colosseum Slavers","floor":29,"turns":2},{"damage":0,"enemies":"Colosseum Nobs","floor":29,"turns":4},{"damage":9,"enemies":"Slavers","floor":31,"turns":3},{"damage":1,"enemies":"Collector","floor":33,"turns":7},{"damage":0,"enemies":"3 Shapes","floor":35,"turns":3},{"damage":2,"enemies":"2 Orb Walkers","floor":36,"turns":4},{"damage":1,"enemies":"3 Darklings","floor":38,"turns":3},{"damage":0,"enemies":"Transient","floor":39,"turns":5},{"damage":6,"enemies":"Giant Head","floor":40,"turns":7},{"damage":2,"enemies":"Nemesis","floor":42,"turns":4},{"damage":26,"enemies":"Jaw Worm Horde","floor":45,"turns":3},{"damage":0,"enemies":"4 Shapes","floor":46,"turns":3},{"damage":0,"enemies":"Reptomancer","floor":48,"turns":5},{"damage":0,"enemies":"Donu and Deca","floor":50,"turns":7}],"seed_played":"-7916236409628510518","potions_obtained":[{"floor":2,"key":"SmokeBomb"},{"floor":13,"key":"sneckomod:MuddlingPotion"},{"floor":18,"key":"Explosive Potion"},{"floor":24,"key":"AttackPotion"},{"floor":25,"key":"PowerPotion"},{"floor":31,"key":"FearPotion"},{"floor":33,"key":"Energy Potion"},{"floor":35,"key":"EssenceOfSteel"},{"floor":38,"key":"BlessingOfTheForge"},{"floor":42,"key":"LiquidBronze"}],"is_trial":false,"path_per_floor":["M","M","?","$","?","E","R","E","T","R","$","?","M","M","R","B",null,"M","M","?","M","?","R","E","M","T","E","R","?","?","E","R","B",null,"M","?","?","M","M","E","R","E","T","R","M","M","$","E","R","B",null],"character_chosen":"THE_SILENT","items_purchased":["Slice","Membership Card","Toxic Egg 2","Distraction+1","Tools of the Trade","CunningPotion","Unload+1"],"campfire_rested":6,"item_purchase_floors":[4,11,11,47,47,47,47],"current_hp_per_floor":[65,65,70,70,70,41,63,35,35,57,57,46,46,46,68,39,75,75,75,75,69,69,69,54,50,50,40,62,49,49,40,62,61,75,75,73,73,72,72,66,66,64,71,71,45,45,45,45,69,69],"gold":465,"neow_bonus":"RANDOM_COLORLESS_2","is_daily":false,"chose_seed":false,"campfire_upgraded":3,"win_rate":0.0,"timestamp":1614390915,"path_taken":["M","?","?","$","?","E","R","E","T","R","?","?","M","M","R","BOSS","M","M","?","M","?","R","E","M","T","E","R","?","?","E","R","BOSS","M","?","?","M","M","E","R","E","T","R","M","M","$","E","R","BOSS"],"items_purchased_type":["Card","Relic","Relic","Card","Card","Potion","Card"],"build_version":"2020-12-18","purchased_purges":2,"victory":true,"max_hp_per_floor":[70,70,75,75,75,75,75,75,75,75,75,75,75,75,75,75,75,75,75,75,75,75,75,75,75,75,75,75,75,75,75,75,75,75,75,75,75,75,75,75,75,75,82,82,82,82,82,82,82,82],"card_choices":[{"not_picked":["Transmutation","Apotheosis"],"picked":"Panache","floor":0},{"not_picked":["Reflex","Quick Slash"],"picked":"Prepared","floor":1},{"not_picked":["Dash","Bane"],"picked":"Flying Knee","floor":2},{"not_picked":["Finisher","Caltrops","Accuracy"],"picked":"SKIP","floor":6},{"not_picked":["Flying Knee+1","Dodge and Roll"],"picked":"Slice+1","floor":8},{"not_picked":["Crippling Poison+1","Poisoned Stab+1"],"picked":"Dagger Spray+1","floor":13},{"not_picked":["Flying Knee+1","Eviscerate+1"],"picked":"Infinite Blades","floor":14},{"not_picked":["Wraith Form v2","Bullet Time+1"],"picked":"After Image","floor":16},{"not_picked":["PiercingWail+1","Flying Knee+1"],"picked":"Terror+1","floor":18},{"not_picked":["Predator+1","PiercingWail+1"],"picked":"Dagger Spray+1","floor":21},{"not_picked":["Dodge and Roll+1","Acrobatics+1"],"picked":"Prepared+1","floor":24},{"not_picked":["Terror+1","Outmaneuver+1"],"picked":"Deflect+1","floor":25},{"not_picked":["Prepared+1","Riddle With Holes+1"],"picked":"Underhanded Strike+1","floor":27},{"not_picked":["Acrobatics+1","Prepared+1"],"picked":"Infinite Blades","floor":29},{"not_picked":["Escape Plan+1","Endless Agony+1"],"picked":"Cloak And Dagger+1","floor":31},{"not_picked":["Bullet Time+1","Envenom"],"picked":"After Image","floor":33},{"not_picked":["Eviscerate+1","Slice+1","Catalyst+1"],"picked":"SKIP","floor":35},{"not_picked":["Terror+1","Deadly Poison+1"],"picked":"Cloak And Dagger+1","floor":36},{"not_picked":["Deadly Poison+1","Masterful Stab+1"],"picked":"Deflect+1","floor":38},{"not_picked":["Deflect+1","Dash+1"],"picked":"Underhanded Strike+1","floor":39},{"not_picked":["Unload+1","Deadly Poison+1"],"picked":"Blade Dance+1","floor":40},{"not_picked":["Poisoned Stab+1","Deflect+1"],"picked":"Cloak And Dagger+1","floor":42},{"not_picked":["Predator+1","Terror+1"],"picked":"Footwork","floor":45},{"not_picked":["Dash+1","Dagger Throw+1"],"picked":"Underhanded Strike+1","floor":46},{"not_picked":["Dash+1","Wraith Form v2"],"picked":"Infinite Blades","floor":48}],"player_experience":1087166,"relics_obtained":[{"floor":6,"key":"Du-Vu Doll"},{"floor":8,"key":"Molten Egg 2"},{"floor":9,"key":"HornCleat"},{"floor":24,"key":"Omamori"},{"floor":26,"key":"Centennial Puzzle"},{"floor":27,"key":"Matryoshka"},{"floor":29,"key":"StoneCalendar"},{"floor":29,"key":"Ornamental Fan"},{"floor":31,"key":"Whetstone"},{"floor":36,"key":"Pocketwatch"},{"floor":40,"key":"PreservedInsect"},{"floor":42,"key":"Calipers"},{"floor":43,"key":"Strawberry"},{"floor":43,"key":"Dead Branch"},{"floor":48,"key":"Anchor"}],"event_choices":[{"damage_healed":0,"gold_gain":0,"player_choice":"Donut","damage_taken":0,"max_hp_gain":5,"max_hp_loss":0,"event_name":"Big Fish","floor":3,"gold_loss":0},{"damage_healed":0,"gold_gain":175,"player_choice":"AGREE","damage_taken":0,"max_hp_gain":0,"max_hp_loss":0,"event_name":"Liars Game","floor":5,"gold_loss":0,"cards_obtained":["Doubt"]},{"damage_healed":0,"gold_gain":75,"player_choice":"Gather Gold","damage_taken":11,"max_hp_gain":0,"max_hp_loss":0,"event_name":"World of Goop","floor":12,"gold_loss":0},{"damage_healed":0,"gold_gain":0,"player_choice":"Simplicity","damage_taken":0,"max_hp_gain":0,"max_hp_loss":0,"event_name":"Back to Basics","floor":22,"gold_loss":0,"cards_upgraded":["Strike_G","Strike_G","Strike_G","Strike_G","Strike_G","Defend_G","Defend_G","Defend_G","Defend_G","Defend_G"]},{"damage_healed":0,"gold_gain":0,"player_choice":"Fight","damage_taken":0,"max_hp_gain":0,"max_hp_loss":0,"event_name":"Colosseum","floor":29,"gold_loss":0},{"damage_healed":0,"gold_gain":0,"player_choice":"Fought Nobs","damage_taken":0,"max_hp_gain":0,"max_hp_loss":0,"event_name":"Colosseum","floor":29,"gold_loss":0},{"cards_removed":["Doubt"],"damage_healed":0,"gold_gain":0,"player_choice":"Gave Gold","damage_taken":0,"max_hp_gain":0,"max_hp_loss":0,"event_name":"Beggar","floor":30,"gold_loss":75},{"damage_healed":0,"gold_gain":0,"player_choice":"Fight","damage_taken":0,"max_hp_gain":0,"max_hp_loss":0,"event_name":"Mysterious Sphere","floor":36,"gold_loss":0},{"damage_healed":0,"gold_gain":0,"cards_transformed":["Strike_G"],"player_choice":"Transformed","damage_taken":0,"max_hp_gain":0,"max_hp_loss":0,"event_name":"Transmorgrifier","floor":37,"gold_loss":0,"cards_obtained":["A Thousand Cuts"]}],"is_beta":true,"boss_relics":[{"not_picked":["Tiny House","Snecko Eye"],"picked":"Cursed Key"},{"not_picked":["Busted Crown","Velvet Choker"],"picked":"HoveringKite"}],"items_purged_floors":[4,47],"is_endless":false,"potions_floor_spawned":[2,13,18,24,25,29,31,33,35,38,42],"ascension_level":1}}