{"host":"kh6fvhxn285ncg0o","time":1614429638,"event":{"mods":["Act Like it!","BaseMod","Colored Map","Friendly Minions","Keyboard Shortcuts","Minty Spire (QoL Compilation)","Quick Restart","Relic Stats","StSLib","SuperFastMode","UnlockEverythingMod"],"gold_per_floor":[114,132,144,159,175,175,175,204,228,44,44,56,56,69,69,69,69],"floor_reached":16,"language":"KOR","playtime":307,"items_purged":[],"score":208,"play_id":"e46a55f4-73a6-49a2-bd37-e5b01ac8a9f3","local_time":"20210227214038","is_ascension_mode":true,"campfire_choices":[{"data":"Clothesline","floor":6,"key":"SMITH"},{"data":"Apotheosis","floor":13,"key":"SMITH"},{"data":"Juggernaut","floor":15,"key":"SMITH"}],"circlet_count":0,"master_deck":["AscendersBane","Strike_R","Strike_R","Strike_R","Defend_R","Defend_R","Defend_R","Defend_R","Bash","Clothesline+1","Juggernaut+1","Flame Barrier","Apotheosis+1","Body Slam"],"relics":["Burning Blood","Lizard Tail","Toy Ornithopter","PreservedInsect"],"acts_visited":["Exordium"],"potions_floor_usage":[4,8],"damage_taken":[{"damage":6,"enemies":"Cultist","floor":1,"turns":4},{"damage":9,"enemies":"2 Louse","floor":2,"turns":4},{"damage":10,"enemies":"Small Slimes","floor":3,"turns":3},{"damage":23,"enemies":"Exordium Wildlife","floor":4,"turns":7},{"damage":7,"enemies":"3 Louse","floor":5,"turns":4},{"damage":40,"enemies":"3 Sentries","floor":8,"turns":8},{"damage":10,"enemies":"Red Slaver","floor":12,"turns":5},{"damage":15,"enemies":"Exordium Thugs","floor":14,"turns":6},{"damage":40,"enemies":"Slime Boss","floor":16,"turns":8}],"seed_played":"-66180672784590109","potions_obtained":[{"floor":2,"key":"Energy Potion"},{"floor":3,"key":"Fire Potion"},{"floor":14,"key":"SmokeBomb"}],"is_trial":false,"path_per_floor":["M","M","M","M","M","R","?","E","T","$","?","M","R","M","R","B"],"character_chosen":"IRONCLAD","items_purchased":["Apotheosis"],"campfire_rested":0,"item_purchase_floors":[10],"current_hp_per_floor":[68,65,61,44,43,43,43,9,9,9,2,40,40,31,31,0,0],"gold":69,"neow_bonus":"ONE_RARE_RELIC","is_daily":false,"chose_seed":false,"campfire_upgraded":3,"win_rate":0.0,"timestamp":1614429638,"path_taken":["M","M","M","M","?","R","?","E","T","?","?","?","R","M","R","BOSS"],"items_purchased_type":["Card"],"build_version":"2020-12-22","purchased_purges":0,"victory":false,"max_hp_per_floor":[68,68,68,68,68,68,68,68,68,68,68,68,68,68,68,68,68],"relic_stats":{"Lizard Tail":34,"counters":[9,49],"PreservedInsect":0,"obtain_stats":[{"Lizard Tail":0,"PreservedInsect":9,"Burning Blood":0,"Toy Ornithopter":8},{"Lizard Tail":0,"PreservedInsect":6,"Burning Blood":0,"Toy Ornithopter":6},{"Lizard Tail":0,"PreservedInsect":30,"Burning Blood":0,"Toy Ornithopter":30}],"Burning Blood":48,"Toy Ornithopter":0},"card_choices":[{"not_picked":["Wild Strike","Sword Boomerang"],"picked":"Clothesline","floor":3},{"not_picked":["Brutality","Iron Wave"],"picked":"Flame Barrier","floor":8},{"not_picked":["Twin Strike","Intimidate","Sentinel"],"picked":"SKIP","floor":12},{"not_picked":["Disarm","Reckless Charge"],"picked":"Body Slam","floor":14}],"player_experience":1574664,"relics_obtained":[{"floor":8,"key":"Toy Ornithopter"},{"floor":9,"key":"PreservedInsect"}],"event_choices":[{"damage_healed":0,"gold_gain":0,"cards_transformed":["Strike_R"],"player_choice":"Transformed","damage_taken":0,"max_hp_gain":0,"max_hp_loss":0,"event_name":"Transmorgrifier","floor":7,"gold_loss":0,"cards_obtained":["Juggernaut"]},{"cards_removed":["Strike_R"],"damage_healed":0,"gold_gain":0,"player_choice":"Card Removal","damage_taken":7,"max_hp_gain":0,"max_hp_loss":0,"event_name":"Golden Wing","floor":11,"gold_loss":0}],"is_beta":false,"boss_relics":[],"items_purged_floors":[],"is_endless":false,"potions_floor_spawned":[2,3,14],"killed_by":"Slime Boss","ascension_level":20}}