{"host":"s229x1smnerk6mew","time":1614410460,"event":{"mods":["BaseMod","Bestiary","Minty Spire (QoL Compilation)","Relic Stats"],"gold_per_floor":[113,125,143,11,23,23,54,66,66,96,115,115,130,151,151,227,227,246,136,136,153,153,153,153],"floor_reached":23,"language":"ENG","playtime":1313,"items_purged":["Strike_R"],"score":531,"play_id":"1695a436-054e-4719-8030-8f1db81ff361","local_time":"20210227182100","is_ascension_mode":true,"campfire_choices":[{"data":"Armaments","floor":6,"key":"SMITH"},{"data":"Fire Breathing","floor":12,"key":"SMITH"},{"data":"True Grit","floor":15,"key":"SMITH"}],"circlet_count":0,"master_deck":["AscendersBane","Strike_R","Strike_R","Strike_R","Defend_R","Defend_R","Defend_R","Defend_R+1","Bash","Anger","Cleave","Pommel Strike","Armaments+1","Offering","Fire Breathing+1","Exhume","True Grit+1","Feed","Shrug It Off","Sword Boomerang","Clumsy","Dual Wield"],"relics":["Burning Blood","Bag of Marbles","Pear","Odd Mushroom","SlaversCollar"],"acts_visited":["Exordium","TheCity"],"potions_floor_usage":[7,10,16,18,23],"damage_taken":[{"damage":9,"enemies":"2 Louse","floor":1,"turns":4},{"damage":1,"enemies":"Cultist","floor":2,"turns":3},{"damage":9,"enemies":"Jaw Worm","floor":3,"turns":4},{"damage":27,"enemies":"Large Slime","floor":5,"turns":6},{"damage":11,"enemies":"3 Sentries","floor":7,"turns":7},{"damage":0,"enemies":"3 Louse","floor":8,"turns":4},{"damage":13,"enemies":"Lagavulin","floor":10,"turns":7},{"damage":0,"enemies":"Gremlin Gang","floor":11,"turns":2},{"damage":0,"enemies":"2 Fungi Beasts","floor":13,"turns":3},{"damage":6,"enemies":"The Mushroom Lair","floor":14,"turns":2},{"damage":6,"enemies":"Slime Boss","floor":16,"turns":5},{"damage":49,"enemies":"3 Byrds","floor":18,"turns":8},{"damage":26,"enemies":"Chosen","floor":21,"turns":5},{"damage":32,"enemies":"Slavers","floor":23,"turns":3}],"seed_played":"-8309695366515873311","potions_obtained":[{"floor":2,"key":"Swift Potion"},{"floor":8,"key":"Swift Potion"},{"floor":10,"key":"SpeedPotion"},{"floor":14,"key":"SkillPotion"},{"floor":21,"key":"HeartOfIron"}],"is_trial":false,"path_per_floor":["M","M","M","$","M","R","E","M","T","E","M","R","M","?","R","B",null,"M","?","$","M","?","E"],"character_chosen":"IRONCLAD","items_purchased":["BlessingOfTheForge"],"campfire_rested":0,"item_purchase_floors":[4],"current_hp_per_floor":[72,77,74,74,53,53,48,54,54,57,63,63,69,69,69,69,86,49,49,49,32,32,0,0],"gold":153,"neow_bonus":"TEN_PERCENT_HP_BONUS","is_daily":false,"chose_seed":false,"campfire_upgraded":3,"win_rate":0.0,"timestamp":1614410460,"path_taken":["M","M","M","$","M","R","E","M","T","E","M","R","M","?","R","BOSS","M","?","?","?","?","E"],"items_purchased_type":["Potion"],"build_version":"2020-12-22","purchased_purges":1,"victory":false,"max_hp_per_floor":[82,82,82,82,82,82,82,82,82,92,92,92,92,92,92,92,92,98,98,98,101,101,101,101],"relic_stats":{"counters":[14,63],"obtain_stats":[{"SlaversCollar":17,"Pear":10,"Bag of Marbles":7,"Odd Mushroom":14,"Burning Blood":0},{"SlaversCollar":11,"Pear":7,"Bag of Marbles":5,"Odd Mushroom":10,"Burning Blood":0},{"SlaversCollar":47,"Pear":35,"Bag of Marbles":24,"Odd Mushroom":42,"Burning Blood":0}],"Burning Blood":78},"card_choices":[{"not_picked":["Pommel Strike","Perfected Strike"],"picked":"Anger","floor":1},{"not_picked":["Clothesline","Warcry"],"picked":"Cleave","floor":2},{"not_picked":["Demon Form","Twin Strike"],"picked":"Pommel Strike","floor":3},{"not_picked":["Whirlwind","Clothesline"],"picked":"Armaments","floor":5},{"not_picked":["Metallicize","Warcry"],"picked":"Offering","floor":7},{"not_picked":["Iron Wave","Flame Barrier"],"picked":"Fire Breathing","floor":8},{"not_picked":["Perfected Strike","Havoc"],"picked":"Exhume","floor":10},{"not_picked":["Sword Boomerang","Body Slam","Havoc"],"picked":"SKIP","floor":11},{"not_picked":["Anger","Headbutt"],"picked":"True Grit","floor":13},{"not_picked":["Offering","Double Tap"],"picked":"Feed","floor":16},{"not_picked":["Perfected Strike","Disarm"],"picked":"Shrug It Off","floor":18},{"not_picked":["Perfected Strike","Clothesline","Havoc"],"picked":"SKIP","floor":21}],"player_experience":2110799,"relics_obtained":[{"floor":7,"key":"Bag of Marbles"},{"floor":10,"key":"Pear"},{"floor":14,"key":"Odd Mushroom"}],"event_choices":[{"damage_healed":0,"gold_gain":0,"player_choice":"Fought Mushrooms","damage_taken":0,"max_hp_gain":0,"max_hp_loss":0,"event_name":"Mushrooms","floor":14,"gold_loss":0},{"cards_removed":["Strike_R"],"damage_healed":0,"gold_gain":0,"player_choice":"Upgrade and Remove","damage_taken":0,"max_hp_gain":0,"max_hp_loss":0,"event_name":"Designer","floor":19,"gold_loss":110,"cards_upgraded":["Defend_R"]},{"damage_healed":0,"gold_gain":0,"player_choice":"3 cards matched","damage_taken":0,"max_hp_gain":0,"max_hp_loss":0,"event_name":"Match and Keep!","floor":22,"gold_loss":0,"cards_obtained":["Sword Boomerang","Clumsy","Dual Wield"]},{"damage_healed":0,"gold_gain":0,"player_choice":"3 cards matched","damage_taken":0,"max_hp_gain":0,"max_hp_loss":0,"event_name":"Match and Keep!","floor":22,"gold_loss":0,"cards_obtained":["Sword Boomerang","Clumsy","Dual Wield"]}],"is_beta":false,"boss_relics":[{"not_picked":["Black Blood","Runic Dome"],"picked":"SlaversCollar"}],"items_purged_floors":[4],"is_endless":false,"potions_floor_spawned":[2,5,8,10,14,21],"killed_by":"Slavers","ascension_level":20}}