{"host":"wik2u884rt5bbues","time":1614455243,"event":{"mods":["AchievementEnabler","BaseMod","Colored Map","Colored Powertips","DeckTracker","Googly Eyes","Minty Spire (QoL Compilation)","Permanent Neow","Quick Restart","Shop Mod","StSLib","SuperFastMode"],"gold_per_floor":[361,371,446,464,482,482,512,437,512,547,547,577,174,186,186,186,186],"floor_reached":16,"language":"ENG","playtime":938,"items_purged":["Strike_R","Defend_R"],"score":110,"play_id":"35f10a1b-f7f6-489a-85f7-b538ee387d5b","local_time":"20210227194723","is_ascension_mode":false,"campfire_choices":[{"data":"Shrug It Off","floor":6,"key":"SMITH"},{"floor":11,"key":"REST"},{"floor":15,"key":"RECALL"}],"circlet_count":0,"master_deck":["Strike_R","Strike_R","Strike_R","Strike_R","Defend_R","Defend_R","Defend_R","Bash","Shrug It Off+1"],"relics":["Burning Blood","Thread and Needle","Sundial","Strawberry","Ginger"],"acts_visited":["Exordium"],"potions_floor_usage":[7,7,10,10],"damage_taken":[{"damage":11,"enemies":"2 Louse","floor":1,"turns":3},{"damage":3,"enemies":"Small Slimes","floor":2,"turns":3},{"damage":10,"enemies":"Cultist","floor":4,"turns":4},{"damage":0,"enemies":"Large Slime","floor":5,"turns":6},{"damage":29,"enemies":"Gremlin Nob","floor":7,"turns":5},{"damage":36,"enemies":"3 Sentries","floor":10,"turns":11},{"damage":8,"enemies":"Exordium Wildlife","floor":14,"turns":7},{"damage":12,"enemies":"The Guardian","floor":16,"turns":11}],"seed_played":"4206087741266068965","potions_obtained":[{"floor":1,"key":"SteroidPotion"},{"floor":4,"key":"Weak Potion"},{"floor":5,"key":"LiquidBronze"},{"floor":7,"key":"Weak Potion"}],"is_trial":false,"path_per_floor":["M","M","?","M","M","R","E","$","T","E","R","?","$","M","R","B"],"character_chosen":"IRONCLAD","items_purchased":["Ginger"],"campfire_rested":1,"item_purchase_floors":[13],"current_hp_per_floor":[67,70,59,55,61,61,38,38,38,15,38,38,38,36,36,24,24],"gold":186,"neow_bonus":"TWO_FIFTY_GOLD","is_daily":false,"chose_seed":false,"campfire_upgraded":1,"win_rate":0.0,"timestamp":1614455243,"path_taken":["M","M","?","M","M","R","E","$","T","E","R","?","$","M","R","BOSS"],"items_purchased_type":["Relic"],"build_version":"2020-12-22","purchased_purges":2,"victory":false,"max_hp_per_floor":[72,72,72,72,72,72,72,72,72,79,79,79,79,79,79,79,79],"card_choices":[{"not_picked":["Inflame","Warcry","Hemokinesis"],"picked":"SKIP","floor":1},{"not_picked":["Spot Weakness","Metallicize"],"picked":"Shrug It Off","floor":2},{"not_picked":["Battle Trance","Armaments","Rampage"],"picked":"SKIP","floor":4},{"not_picked":["Searing Blow","Perfected Strike","Reckless Charge"],"picked":"SKIP","floor":5},{"not_picked":["Flame Barrier","Cleave","Uppercut"],"picked":"SKIP","floor":7},{"not_picked":["Clash","Sever Soul","Fire Breathing"],"picked":"SKIP","floor":10},{"not_picked":["Havoc","Wild Strike","Armaments"],"picked":"SKIP","floor":14}],"player_experience":758733,"relics_obtained":[{"floor":7,"key":"Thread and Needle"},{"floor":9,"key":"Sundial"},{"floor":10,"key":"Strawberry"}],"event_choices":[{"damage_healed":0,"gold_gain":75,"player_choice":"Gather Gold","damage_taken":11,"max_hp_gain":0,"max_hp_loss":0,"event_name":"World of Goop","floor":3,"gold_loss":0},{"damage_healed":0,"gold_gain":30,"player_choice":"Searched \u00271\u0027 times","damage_taken":0,"max_hp_gain":0,"max_hp_loss":0,"event_name":"Dead Adventurer","floor":12,"gold_loss":0}],"is_beta":false,"boss_relics":[],"items_purged_floors":[8,13],"is_endless":false,"potions_floor_spawned":[1,4,5,7],"killed_by":"The Guardian","ascension_level":0}}