{"host":"ilo0sg5cl3zcnqwd","time":1614455060,"event":{"mods":["BaseMod","Downfall","Minty Spire (QoL Compilation)","StSLib"],"gold_per_floor":[99,115,125,144,144,52,52,52,87,99,111,11,28,39,52,155,155,55,73,86,96,115,115,141,41,60,93,93,110,95,128,145,245,245,245,264,279,268,278,278,278,278,290,290,55,5,5,36,54,54,54,54],"floor_reached":50,"language":"ENG","playtime":2598,"items_purged":[],"score":601,"play_id":"7f33e84f-0e42-4216-b5d2-3e8f280e8df4","local_time":"20210227194420","is_ascension_mode":true,"campfire_choices":[{"floor":1.0,"key":"RECALL"},{"data":"champ:Taunt","floor":12.0,"key":"SMITH"},{"data":"champ:TripleStrike","floor":18.0,"key":"SMITH"},{"data":"champ:BladeFlurry","floor":23.0,"key":"SMITH"},{"floor":25.0,"key":"REST"},{"data":"champ:PerfectedStrike","floor":35.0,"key":"SMITH"},{"data":"champ:PerfectedStrike","floor":42,"key":"SMITH"},{"data":"champ:StanceDance","floor":44,"key":"SMITH"},{"data":"champ:BladeFlurry","floor":47,"key":"SMITH"}],"circlet_count":0,"master_deck":["champ:Strike","champ:Strike","champ:Strike","champ:Strike","champ:Defend","champ:Defend","champ:Defend","champ:Defend","champ:Execute","champ:Taunt+1","champ:BladeFlurry+1","champ:StanceDance+1","champ:RisingSlash","champ:RapidStrikes","champ:StanceDance+1","champ:TripleStrike+1","champ:CrownThrow+1","champ:RecklessLeap","champ:CrownThrow+1","champ:BladeFlurry","champ:PerfectedStrike+1","champ:CrookedStrike","champ:FlashCut","champ:PerfectedStrike+1","champ:RageSigil","champ:FlashCut","champ:EnGarde+1","champ:BladeFlurry+1","expansioncontent:QuickStudy+1","champ:FlashCut","champ:Duel"],"relics":["champ:ChampionCrown","Pocketwatch","downfall:HeartBlessingGreen","Sozu","downfall:HeartBlessingRed","PreservedInsect","downfall:HeartBlessingBlue","Red Mask","Nunchaku","SlaversCollar","Torii","Toxic Egg 2","champ:GladiatorsBookOfMartialProwess"],"acts_visited":["Exordium","TheCity","TheBeyond"],"potions_floor_usage":[50],"damage_taken":[{"damage":36.0,"enemies":"Jaw Worm","floor":2.0,"turns":5.0},{"damage":11.0,"enemies":"Cultist","floor":3.0,"turns":3.0},{"damage":10.0,"enemies":"2 Louse","floor":4.0,"turns":2.0},{"damage":25.0,"enemies":"downfall:FleeingMerchant","floor":6.0,"turns":4.0},{"damage":35.0,"enemies":"3 Sentries","floor":9.0,"turns":8.0},{"damage":19.0,"enemies":"Blue Slaver","floor":10.0,"turns":2.0},{"damage":0.0,"enemies":"3 Louse","floor":11.0,"turns":2.0},{"damage":15.0,"enemies":"Exordium Wildlife","floor":13.0,"turns":3.0},{"damage":0.0,"enemies":"Exordium Thugs","floor":14.0,"turns":3.0},{"damage":15.0,"enemies":"3 Louse","floor":15.0,"turns":3.0},{"damage":82.0,"enemies":"DF_ARCHETYPE_STREAMLINE","floor":16.0,"turns":8.0},{"damage":35.0,"enemies":"Chosen","floor":19.0,"turns":4.0},{"damage":30.0,"enemies":"3 Byrds","floor":20.0,"turns":4.0},{"damage":29.0,"enemies":"Snake Plant","floor":21.0,"turns":3.0},{"damage":46.0,"enemies":"Sentry and Sphere","floor":22.0,"turns":4.0},{"damage":48.0,"enemies":"Centurion and Healer","floor":26.0,"turns":2.0},{"damage":10.0,"enemies":"Masked Bandits","floor":27.0,"turns":3.0},{"damage":36.0,"enemies":"Cultist and Chosen","floor":29.0,"turns":3.0},{"damage":10.0,"enemies":"downfall:FleeingMerchant","floor":30.0,"turns":4.0},{"damage":10.0,"enemies":"Gremlin Leader","floor":31.0,"turns":3.0},{"damage":0.0,"enemies":"Sentry and Sphere","floor":32.0,"turns":2.0},{"damage":37.0,"enemies":"WA_ARCHETYPE_CALM","floor":33.0,"turns":7.0},{"damage":21.0,"enemies":"Orb Walker","floor":36.0,"turns":2.0},{"damage":5,"enemies":"3 Shapes","floor":37,"turns":4},{"damage":10,"enemies":"downfall:FleeingMerchant","floor":38,"turns":4},{"damage":8,"enemies":"Maw","floor":39,"turns":6},{"damage":0,"enemies":"Sphere and 2 Shapes","floor":43,"turns":3},{"damage":22,"enemies":"Reptomancer","floor":48,"turns":3},{"damage":28,"enemies":"Spire Growth","floor":49,"turns":4},{"damage":76,"enemies":"IC_BLOCK_ARCHETYPE","floor":50,"turns":7}],"seed_played":"-8169974249705685601","potions_obtained":[{"floor":9.0,"key":"AttackPotion"},{"floor":11.0,"key":"LiquidMemories"},{"floor":13.0,"key":"SpeedPotion"},{"floor":14.0,"key":"Swift Potion"}],"is_trial":false,"path_per_floor":["R","M","M","M","?","$","T","?","E","M","M","R","M","M","M","B",null,"R","M","M","M","M","R","T","R","M","?","?","M","$","E","M","B",null,"R","M","M","$","M","?","T","R","M","R","$","$","R","E","M","B"],"character_chosen":"THE_CHAMP","items_purchased":["champ:RisingSlash","champ:FlashCut","Torii","champ:BladeFlurry","expansioncontent:QuickStudy","champ:FlashCut"],"campfire_rested":1,"item_purchase_floors":[6,38,38,45,45,46],"current_hp_per_floor":[99,93,92,92,99,99,99,99,94,85,85,85,85,85,85,68,99,99,74,74,50,34,34,34,76,68,68,68,62,62,62,62,50,109,109,108,103,103,95,95,95,95,95,95,95,95,95,83,70,0,0,0],"gold":54,"neow_bonus":"TEN_PERCENT_HP_BONUS","is_daily":false,"chose_seed":false,"campfire_upgraded":7,"win_rate":0.0,"timestamp":1614455060,"path_taken":["R","M","M","M","?","?","T","?","E","M","M","R","M","M","M","BOSS","R","M","M","M","M","R","T","R","M","?","?","M","?","E","M","BOSS","R","M","M","$","M","?","T","R","M","R","?","$","R","E","M","BOSS"],"items_purchased_type":["Card","Card","Relic","Card","Card","Card"],"build_version":"2020-12-22","purchased_purges":0,"victory":false,"max_hp_per_floor":[99,99,99,99,99,99,99,99,99,99,99,99,99,99,99,99,99,99,99,99,99,99,99,99,109,109,109,109,109,109,109,109,109,109,109,109,109,109,109,109,109,109,109,109,109,109,109,109,109,109,109,109],"card_choices":[{"not_picked":["champ:FocusedBerserking","champ:Shatter"],"picked":"champ:BladeFlurry","floor":2.0},{"not_picked":["champ:FalseCounter","champ:FancyFootwork","champ:PreciseThrust"],"picked":"SKIP","floor":3.0},{"not_picked":["champ:SwordSigil","champ:GladiatorStyle"],"picked":"champ:Lariat","floor":4.0},{"not_picked":["champ:CrownThrow","champ:EnGarde"],"picked":"champ:StanceDance","floor":6.0},{"not_picked":["champ:FalseCounter","champ:FancyFootwork","champ:GutPunch"],"picked":"SKIP","floor":9.0},{"not_picked":["champ:Lariat","champ:AdrenalArmor"],"picked":"champ:RapidStrikes","floor":10.0},{"not_picked":["champ:FancyFootwork","champ:GladiatorStyle","champ:HoldFirm"],"picked":"SKIP","floor":11.0},{"not_picked":["champ:FaceSlap","champ:ShieldSlam","champ:TornadoPunch"],"picked":"SKIP","floor":13.0},{"not_picked":["champ:ShieldSlam","champ:DefensiveShout"],"picked":"champ:StanceDance","floor":14.0},{"not_picked":["champ:DefensiveShout","champ:FanOfKnives","champ:BringItOn"],"picked":"SKIP","floor":15.0},{"not_picked":["champ:UltimateStance","champ:LastStand"],"picked":"champ:TripleStrike","floor":16.0},{"not_picked":["champ:Haymaker","champ:Circumvent"],"picked":"champ:CrownThrow+1","floor":19.0},{"not_picked":["champ:ShieldSigil","champ:FaceSlap"],"picked":"champ:RecklessLeap","floor":20.0},{"not_picked":["champ:BerserkersShout","champ:GutPunch"],"picked":"champ:CrownThrow+1","floor":21.0},{"not_picked":["champ:Haymaker","champ:StanceDance"],"picked":"champ:BladeFlurry","floor":22.0},{"not_picked":["champ:BerserkerStyle+1","champ:Shatter+1","champ:FalseCounter"],"picked":"SKIP","floor":26.0},{"not_picked":["champ:ShieldSlam+1","champ:Backstep+1"],"picked":"champ:PerfectedStrike","floor":27.0},{"not_picked":["champ:Lariat","champ:Parry+1"],"picked":"champ:CrookedStrike","floor":29.0},{"not_picked":["champ:EnchantCrown","champ:RageSigil","champ:LastStand"],"picked":"SKIP","floor":30.0},{"not_picked":["champ:Encircle","champ:SteelEdge"],"picked":"champ:FlashCut","floor":31.0},{"not_picked":["champ:DefensiveShout","champ:AdrenalArmor","champ:Encircle+1"],"picked":"SKIP","floor":32.0},{"not_picked":["champ:Circumvent","champ:AdrenalArmor+1","champ:Encircle+1"],"picked":"SKIP","floor":36.0},{"not_picked":["champ:Haymaker","champ:BerserkersShout"],"picked":"champ:PerfectedStrike","floor":37},{"not_picked":["champ:PreemptiveStrike","champ:MurderStrike"],"picked":"champ:RageSigil","floor":38},{"not_picked":["champ:Parry","champ:ShieldWall","champ:CrownThrow"],"picked":"SKIP","floor":39},{"not_picked":["champ:TornadoPunch+1","champ:BerserkersShout+1"],"picked":"champ:EnGarde+1","floor":43},{"not_picked":["champ:SwordThrow","champ:CalledShot+1","champ:Duel"],"picked":"SKIP","floor":48},{"not_picked":["champ:SwordThrow","champ:CalledShot+1"],"picked":"champ:Duel","floor":48},{"not_picked":["champ:ShieldSlam+1","champ:PreemptiveStrike+1","champ:ArenaPreparation+1"],"picked":"SKIP","floor":49}],"player_experience":316816,"relics_obtained":[{"floor":9.0,"key":"Pocketwatch"},{"floor":24.0,"key":"PreservedInsect"},{"floor":27.0,"key":"Red Mask"},{"floor":31.0,"key":"Nunchaku"},{"floor":41,"key":"Toxic Egg 2"},{"floor":48,"key":"champ:GladiatorsBookOfMartialProwess"}],"event_choices":[{"cards_removed":["champ:Lariat"],"damage_healed":7.0,"max_hp_gain":0.0,"max_hp_loss":0.0,"gold_gain":0.0,"event_name":"Bonfire Elementals","player_choice":"Offered Uncommon","floor":5.0,"gold_loss":0.0,"damage_taken":0.0},{"damage_healed":0.0,"max_hp_gain":0.0,"max_hp_loss":0.0,"gold_gain":0.0,"event_name":"Living Wall","player_choice":"Grow","floor":8.0,"gold_loss":0.0,"damage_taken":0.0,"cards_upgraded":["champ:StanceDance"]},{"damage_healed":0.0,"max_hp_gain":0.0,"max_hp_loss":0.0,"gold_gain":0.0,"event_name":"Masked Bandits","player_choice":"Fought Bandits","floor":27.0,"gold_loss":0.0,"damage_taken":0.0},{"damage_healed":0,"gold_gain":0,"player_choice":"Got Potions","damage_taken":0,"max_hp_gain":0,"max_hp_loss":0,"event_name":"Lab","floor":40,"gold_loss":0}],"is_beta":false,"boss_relics":[{"not_picked":["Empty Cage","Fusion Hammer"],"picked":"Sozu"},{"not_picked":["Calling Bell","Runic Dome"],"picked":"SlaversCollar"}],"items_purged_floors":[],"is_endless":false,"potions_floor_spawned":[9,11,13,14,16,21,31,32,33,39,43,48,49],"killed_by":"IC_BLOCK_ARCHETYPE","ascension_level":1}}