{"host":"33hygxkqsm5kb9ql","time":1614454200,"event":{"mods":["BaseMod","Block Reminder","Colored Map","Colored Powertips","DeckTracker","Highlight Path","Minty Spire (QoL Compilation)","Permanent Neow","Quick Restart","Random Character Button","Relic Sorter","Relic Stats"],"gold_per_floor":[115,390,401,351,66,66,84,412,412,443,40,60,88,88,88,186,186,197,197,122,122,135,135,163,175,200,200,200],"floor_reached":27,"language":"ENG","playtime":2373,"items_purged":["Strike_B"],"score":329,"play_id":"bad24d08-750a-45d1-b8ec-7770982939fb","local_time":"20210227133000","is_ascension_mode":true,"campfire_choices":[{"data":"Loop","floor":6,"key":"SMITH"},{"data":"Double Energy","floor":15,"key":"SMITH"},{"data":"Sunder","floor":23,"key":"SMITH"}],"circlet_count":0,"master_deck":["Strike_B","Strike_B","Strike_B","Defend_B","Defend_B","Defend_B","Zap","Dualcast","Chill","Cold Snap","Sunder+1","Leap","Cold Snap","Loop+1","Redo","Double Energy+1","Ball Lightning","Doppelganger","Shame","Fusion","Escape Plan","Flex"],"relics":["SacredBark","Old Coin","White Beast Statue","MealTicket","Bottled Tornado","PrismaticShard","Happy Flower","Runic Pyramid","Toy Ornithopter","Bottled Flame","Art of War"],"acts_visited":["Exordium","TheCity"],"potions_floor_usage":[10,10,16,22,24,27,27],"damage_taken":[{"damage":7,"enemies":"Jaw Worm","floor":1,"turns":3},{"damage":6,"enemies":"Cultist","floor":3,"turns":4},{"damage":0,"enemies":"Small Slimes","floor":7,"turns":3},{"damage":12,"enemies":"Lagavulin","floor":8,"turns":10},{"damage":0,"enemies":"Gremlin Nob","floor":10,"turns":4},{"damage":9,"enemies":"Exordium Thugs","floor":12,"turns":4},{"damage":19,"enemies":"Lagavulin","floor":13,"turns":6},{"damage":23,"enemies":"Slime Boss","floor":16,"turns":9},{"damage":19,"enemies":"3 Byrds","floor":18,"turns":5},{"damage":18,"enemies":"Shell Parasite","floor":22,"turns":4},{"damage":51,"enemies":"Gremlin Leader","floor":24,"turns":7},{"damage":13,"enemies":"Snecko","floor":25,"turns":5},{"damage":46,"enemies":"Slavers","floor":27,"turns":3}],"seed_played":"2705711558752275865","potions_obtained":[{"floor":3,"key":"PowerPotion"},{"floor":7,"key":"PowerPotion"},{"floor":10,"key":"LiquidMemories"},{"floor":12,"key":"FairyPotion"},{"floor":13,"key":"DuplicationPotion"},{"floor":16,"key":"Weak Potion"},{"floor":22,"key":"Strength Potion"},{"floor":24,"key":"GamblersBrew"},{"floor":25,"key":"CultistPotion"}],"is_trial":false,"path_per_floor":["M","?","M","?","$","R","M","E","T","E","$","M","E","?","R","B",null,"M","?","?","?","M","R","E","M","T","E"],"character_chosen":"DEFECT","items_purchased":["Sunder","Leap","Cold Snap","Loop","Bottled Tornado","PrismaticShard"],"campfire_rested":0,"item_purchase_floors":[5,5,5,5,11,11],"current_hp_per_floor":[68,68,62,62,62,62,62,50,50,50,65,56,37,30,30,7,75,56,56,56,56,43,43,45,32,32,0,0],"gold":200,"neow_bonus":"BOSS_RELIC","is_daily":false,"chose_seed":false,"campfire_upgraded":3,"win_rate":0.0,"timestamp":1614454200,"path_taken":["M","?","?","?","?","R","?","E","T","E","$","M","E","?","R","BOSS","M","?","?","?","M","R","E","M","T","E"],"items_purchased_type":["Card","Card","Card","Card","Relic","Relic"],"build_version":"2020-12-22","purchased_purges":1,"victory":false,"max_hp_per_floor":[75,75,75,75,75,75,75,75,75,75,75,75,75,75,75,75,75,75,75,75,75,75,75,75,75,75,75,75],"relic_stats":{"Happy Flower":[11],"counters":[13,64],"MealTicket":15,"Art of War":[1],"obtain_stats":[{"Bottled Flame":24,"Happy Flower":13,"SacredBark":0,"MealTicket":10,"Art of War":26,"Bottled Tornado":11,"Cracked Core":0,"PrismaticShard":11,"White Beast Statue":9,"Toy Ornithopter":19,"Old Coin":8,"Runic Pyramid":17},{"Bottled Flame":11,"Happy Flower":7,"SacredBark":0,"MealTicket":5,"Art of War":12,"Bottled Tornado":5,"Cracked Core":0,"PrismaticShard":5,"White Beast Statue":4,"Toy Ornithopter":9,"Old Coin":4,"Runic Pyramid":8},{"Bottled Flame":56,"Happy Flower":31,"SacredBark":0,"MealTicket":22,"Art of War":61,"Bottled Tornado":22,"Cracked Core":0,"PrismaticShard":22,"White Beast Statue":19,"Toy Ornithopter":45,"Old Coin":19,"Runic Pyramid":40}],"Toy Ornithopter":20},"card_choices":[{"not_picked":["Conserve Battery","Heatsinks"],"picked":"Chill","floor":1},{"not_picked":["Hologram","Defragment"],"picked":"Cold Snap","floor":3},{"not_picked":["Turbo","Gash"],"picked":"Redo","floor":7},{"not_picked":["Stack","Loop"],"picked":"Double Energy","floor":8},{"not_picked":["Doom and Gloom","Cold Snap"],"picked":"Meteor Strike","floor":10},{"not_picked":["Prostrate","Bloodletting"],"picked":"Ball Lightning","floor":12},{"not_picked":["Beam Cell","JustLucky","Poisoned Stab"],"picked":"SKIP","floor":13},{"not_picked":["Fiend Fire","Feed"],"picked":"Doppelganger","floor":16},{"not_picked":["Warcry","Bane","Bloodletting"],"picked":"SKIP","floor":18},{"not_picked":["Sever Soul","Leap","EmptyBody"],"picked":"SKIP","floor":22},{"not_picked":["Forethought","Crescendo"],"picked":"Escape Plan","floor":24},{"not_picked":["Glass Knife","Clothesline"],"picked":"Flex","floor":25}],"player_experience":185021,"relics_obtained":[{"floor":8,"key":"Old Coin"},{"floor":9,"key":"White Beast Statue"},{"floor":10,"key":"MealTicket"},{"floor":13,"key":"Happy Flower"},{"floor":24,"key":"Bottled Flame"},{"floor":26,"key":"Art of War"}],"event_choices":[{"damage_healed":0,"gold_gain":275,"player_choice":"Desecrate","damage_taken":0,"max_hp_gain":0,"max_hp_loss":0,"event_name":"Golden Shrine","floor":2,"gold_loss":0,"cards_obtained":["Regret"]},{"cards_removed":["Regret"],"damage_healed":0,"gold_gain":0,"player_choice":"Card Removal","damage_taken":0,"max_hp_gain":0,"max_hp_loss":0,"event_name":"The Cleric","floor":4,"gold_loss":50},{"cards_removed":["Meteor Strike"],"damage_healed":0,"gold_gain":0,"player_choice":"Card Removal","damage_taken":7,"max_hp_gain":0,"max_hp_loss":0,"event_name":"Golden Wing","floor":14,"gold_loss":0},{"damage_healed":0,"gold_gain":0,"player_choice":"Stole Relic","damage_taken":0,"relics_obtained":["Toy Ornithopter"],"max_hp_gain":0,"max_hp_loss":0,"event_name":"Addict","floor":19,"gold_loss":0,"cards_obtained":["Shame"]},{"cards_removed":["Defend_B"],"damage_healed":0,"gold_gain":0,"player_choice":"Gave Gold","damage_taken":0,"max_hp_gain":0,"max_hp_loss":0,"event_name":"Beggar","floor":20,"gold_loss":75},{"damage_healed":0,"gold_gain":0,"player_choice":"Read","damage_taken":0,"max_hp_gain":0,"max_hp_loss":0,"event_name":"The Library","floor":21,"gold_loss":0,"cards_obtained":["Fusion"]}],"is_beta":false,"boss_relics":[{"not_picked":["Inserter","Runic Dome"],"picked":"Runic Pyramid"}],"items_purged_floors":[5],"is_endless":false,"potions_floor_spawned":[3,7,10,12,13,16,18,22,24,25],"killed_by":"Slavers","ascension_level":4}}