{"host":"dlntb7rt7pkxckqh","time":1614408600,"event":{"mods":["AchievementEnabler","BaseMod","Colored Powertips","Highlight Path","Minty Spire (QoL Compilation)","Spire with Friends"],"gold_per_floor":[117,133,133,133,10,10,10,10,10,43,18,18,28,58,58,58,157,157,157,157,57,72,72,72,101,16,43,63,82,82,100,112,112,112,211,211,221,239,239,256,256,256,285,297,362,6,6,17,30,30,30,30,30,30,30,30,56,56,56],"floor_reached":60,"language":"ZHS","playtime":3018,"items_purged":["Defend_P","Strike_P","Strike_P"],"score":1757,"play_id":"85ae8012-80f1-40de-81cd-25c20165ecfe","local_time":"20210227145000","is_ascension_mode":true,"campfire_choices":[{"data":"Eruption","floor":6,"key":"SMITH"},{"data":"CutThroughFate","floor":8,"key":"SMITH"},{"data":"CutThroughFate","floor":12,"key":"SMITH"},{"data":"Meditate","floor":16,"key":"SMITH"},{"data":"Vault","floor":24,"key":"SMITH"},{"data":"MentalFortress","floor":30,"key":"SMITH"},{"data":"EmptyMind","floor":34,"key":"SMITH"},{"data":"Fasting2","floor":42,"key":"SMITH"},{"data":"Prostrate","floor":47,"key":"SMITH"},{"data":"ConjureBlade","floor":52,"key":"SMITH"},{"data":"Omniscience","floor":55,"key":"SMITH"}],"circlet_count":0,"master_deck":["AscendersBane","Defend_P","Defend_P","Defend_P","Eruption+1","Vigilance","CutThroughFate+1","Prostrate+1","EmptyMind+1","CutThroughFate+1","JustLucky","Meditate+1","Vault+1","Ghostly","Ghostly","Ghostly","Ghostly","Ghostly","Sanctity","ConjureBlade+1","EmptyBody","TalkToTheHand+1","Indignation+1","MentalFortress+1","Omniscience+1","Fasting2+1","Prostrate+1","Injury","Clumsy","Meditate+1","Impatience","DeceiveReality"],"relics":["Coffee Dripper","Eternal Feather","Pear","Blue Candle","Sozu","Gambling Chip","Nunchaku","Pen Nib","Cursed Key","MawBank","Darkstone Periapt","Unceasing Top","Potion Belt"],"acts_visited":["Exordium","TheCity","TheBeyond","TheEnding"],"potions_floor_usage":[14,48,48,48,53,59,59,59,59,59],"damage_taken":[{"damage":0,"enemies":"Jaw Worm","floor":1,"turns":4},{"damage":0,"enemies":"Small Slimes","floor":2,"turns":2},{"damage":66,"enemies":"Lagavulin","floor":10,"turns":4},{"damage":0,"enemies":"Cultist","floor":13,"turns":2},{"damage":62,"enemies":"Gremlin Nob","floor":14,"turns":4},{"damage":42,"enemies":"The Guardian","floor":17,"turns":12},{"damage":0,"enemies":"3 Byrds","floor":22,"turns":7},{"damage":13,"enemies":"Slavers","floor":25,"turns":8},{"damage":1,"enemies":"Spheric Guardian","floor":28,"turns":3},{"damage":0,"enemies":"Centurion and Healer","floor":29,"turns":5},{"damage":0,"enemies":"Shelled Parasite and Fungi","floor":31,"turns":4},{"damage":0,"enemies":"Snecko","floor":32,"turns":4},{"damage":3,"enemies":"Collector","floor":35,"turns":6},{"damage":0,"enemies":"3 Shapes","floor":37,"turns":7},{"damage":0,"enemies":"3 Darklings","floor":38,"turns":3},{"damage":2,"enemies":"Spire Growth","floor":40,"turns":5},{"damage":0,"enemies":"Giant Head","floor":43,"turns":7},{"damage":7,"enemies":"Transient","floor":48,"turns":5},{"damage":3,"enemies":"Writhing Mass","floor":49,"turns":5},{"damage":0,"enemies":"Awakened One","floor":53,"turns":7},{"damage":1,"enemies":"Shield and Spear","floor":57,"turns":6},{"damage":18,"enemies":"The Heart","floor":59,"turns":10}],"seed_played":"-1523672428961930194","potions_obtained":[{"floor":13,"key":"Dexterity Potion"},{"floor":17,"key":"BottledMiracle"}],"is_trial":false,"path_per_floor":["M","M","?","?","$","R","$","R","T","E","$","R","M","E","C","R","B",null,"-","?","$","M","?","R","E","?","T","M","M","R","M","M","C","R","B",null,"M","M","?","M","?","R","E","T","T","$","R","M","M","?","C","R","B",null,"R","$","E","C","B",null],"character_chosen":"WATCHER","items_purchased":["Prostrate","CutThroughFate","Darkstone Periapt"],"campfire_rested":0,"item_purchase_floors":[5,11,46],"current_hp_per_floor":[65,65,70,70,70,70,70,70,70,14,14,20,20,44,44,44,2,34,34,22,22,22,22,22,9,9,9,8,8,22,22,22,22,22,19,21,21,21,21,19,19,21,21,21,21,21,21,14,11,11,11,21,21,21,21,21,20,20,2],"gold":56,"neow_bonus":"","is_daily":false,"chose_seed":true,"campfire_upgraded":11,"win_rate":0.0,"timestamp":1614408600,"path_taken":["M","M","?","?","?","R","$","R","T","E","$","R","M","E","C","R","BOSS","-","?","$","M","?","R","E","?","T","M","M","R","?","M","C","R","BOSS","M","M","?","M","?","R","E","?","T","$","R","M","M","?","C","R","BOSS","R","$","E","C","BOSS"],"items_purchased_type":["Card","Card","Relic"],"build_version":"2020-12-22","purchased_purges":3,"victory":true,"max_hp_per_floor":[72,72,77,77,77,77,77,77,77,87,87,87,87,44,44,44,44,44,44,22,22,22,22,22,22,22,22,22,22,22,22,22,22,22,22,22,22,22,21,21,21,21,21,21,21,21,21,21,21,21,21,21,21,21,21,21,21,21,21],"card_choices":[{"not_picked":["WreathOfFlame","Protect"],"picked":"CutThroughFate","floor":1},{"not_picked":["LikeWater","Crescendo","FollowUp"],"picked":"SKIP","floor":2},{"not_picked":["ForeignInfluence","Evaluate"],"picked":"EmptyMind","floor":10},{"not_picked":["ThirdEye","Study"],"picked":"JustLucky","floor":13},{"not_picked":["BowlingBash","Consecrate"],"picked":"Meditate","floor":14},{"not_picked":["SpiritShield","Devotion"],"picked":"Vault","floor":17},{"not_picked":["Collect","Protect"],"picked":"Sanctity","floor":22},{"not_picked":["BowlingBash","Prostrate"],"picked":"TalkToTheHand+1","floor":25},{"not_picked":["Protect","ReachHeaven"],"picked":"Indignation+1","floor":28},{"not_picked":["JustLucky","FollowUp"],"picked":"MentalFortress","floor":29},{"not_picked":["WreathOfFlame","Blasphemy","DeceiveReality"],"picked":"SKIP","floor":31},{"not_picked":["CarveReality","BowlingBash+1","FlyingSleeves"],"picked":"SKIP","floor":32},{"not_picked":["Wish","Ragnarok"],"picked":"Omniscience","floor":35},{"not_picked":["SandsOfTime","PathToVictory+1","JustLucky+1"],"picked":"SKIP","floor":37},{"not_picked":["Evaluate+1","ThirdEye+1"],"picked":"Fasting2","floor":38},{"not_picked":["Halt","CutThroughFate+1"],"picked":"Prostrate+1","floor":40},{"not_picked":["Wish","Collect","PathToVictory+1"],"picked":"SKIP","floor":43},{"not_picked":["ThirdEye+1","EmptyFist+1","ClearTheMind+1"],"picked":"SKIP","floor":48},{"not_picked":["FlyingSleeves","Halt+1"],"picked":"Meditate+1","floor":49},{"not_picked":["Mind Blast","The Bomb"],"picked":"Impatience","floor":50},{"not_picked":["SignatureMove","Perseverance+1"],"picked":"DeceiveReality","floor":57}],"player_experience":217038,"relics_obtained":[{"floor":9,"key":"Eternal Feather"},{"floor":10,"key":"Pear"},{"floor":14,"key":"Blue Candle"},{"floor":25,"key":"Gambling Chip"},{"floor":27,"key":"Pen Nib"},{"floor":43,"key":"MawBank"},{"floor":57,"key":"Unceasing Top"},{"floor":58,"key":"Potion Belt"}],"event_choices":[{"damage_healed":0,"gold_gain":0,"player_choice":"Donut","damage_taken":0,"max_hp_gain":5,"max_hp_loss":0,"event_name":"Big Fish","floor":3,"gold_loss":0},{"damage_healed":0,"gold_gain":0,"player_choice":"Ignored","damage_taken":0,"max_hp_gain":0,"max_hp_loss":0,"event_name":"Liars Game","floor":4,"gold_loss":0},{"damage_healed":0,"gold_gain":0,"player_choice":"Became a Ghost","damage_taken":0,"max_hp_gain":0,"max_hp_loss":22,"event_name":"Ghosts","floor":20,"gold_loss":0,"cards_obtained":["Ghostly","Ghostly","Ghostly","Ghostly","Ghostly"]},{"damage_healed":0,"gold_gain":0,"cards_transformed":["Strike_P","Strike_P"],"player_choice":"Became Test Subject","damage_taken":0,"max_hp_gain":0,"max_hp_loss":0,"event_name":"Drug Dealer","floor":23,"gold_loss":0,"cards_obtained":["ConjureBlade","EmptyBody"]},{"damage_healed":0,"gold_gain":0,"player_choice":"Obtained Relic","damage_taken":0,"relics_obtained":["Nunchaku"],"max_hp_gain":0,"max_hp_loss":0,"event_name":"Addict","floor":26,"gold_loss":85},{"damage_healed":0,"gold_gain":0,"player_choice":"Max HP","damage_taken":0,"max_hp_gain":0,"max_hp_loss":1,"event_name":"Winding Halls","floor":39,"gold_loss":0},{"damage_healed":0,"gold_gain":0,"player_choice":"Ignored","damage_taken":0,"max_hp_gain":0,"max_hp_loss":0,"event_name":"Tomb of Lord Red Mask","floor":41,"gold_loss":0},{"damage_healed":0,"gold_gain":0,"player_choice":"Memory 1","damage_taken":0,"max_hp_gain":0,"max_hp_loss":0,"event_name":"SensoryStone","floor":50,"gold_loss":0}],"is_beta":false,"boss_relics":[{"not_picked":["Empty Cage","Black Star"],"picked":"Sozu"},{"not_picked":["Velvet Choker","Pandora\u0027s Box"],"picked":"Cursed Key"}],"items_purged_floors":[5,21,46],"is_endless":false,"potions_floor_spawned":[13,17,29,31,35,38,48,49],"ascension_level":10}}