{"host":"pifa3o3uv2a0m12r","time":1614409497,"event":{"mods":["AchievementEnabler","BaseMod","Colored Map","Minty Spire (QoL Compilation)","Quick Restart","StSLib","SuperFastMode"],"gold_per_floor":[109,109,126,144,144,144,162,196,219,236,263,281,57,57,57,152,202,142,153,164,164,181,181,194,194,194],"floor_reached":25,"language":"FRA","playtime":997,"items_purged":["Strike_P"],"score":292,"play_id":"a6350d1a-c76e-4c88-a65e-37648e951b88","local_time":"20210226210457","is_ascension_mode":true,"campfire_choices":[{"floor":6,"key":"RECALL"},{"floor":15,"key":"REST"},{"floor":23,"key":"REST"}],"circlet_count":0,"master_deck":["Strike_P","Strike_P","Defend_P","Defend_P","Defend_P","Defend_P","Eruption+1","Vigilance","ClearTheMind","Vengeance","FlurryOfBlows","Halt","Crescendo","Protect","Tantrum","Madness","Protect","ClearTheMind","Halt"],"relics":["PureWater","NeowsBlessing","Oddly Smooth Stone","Art of War","Shuriken","Tiny House"],"acts_visited":["Exordium","TheCity"],"potions_floor_usage":[8,22,22,25],"damage_taken":[{"damage":0,"enemies":"Small Slimes","floor":1,"turns":1},{"damage":0,"enemies":"Cultist","floor":3,"turns":2},{"damage":0,"enemies":"2 Louse","floor":4,"turns":2},{"damage":4,"enemies":"Blue Slaver","floor":7,"turns":5},{"damage":24,"enemies":"3 Sentries","floor":8,"turns":8},{"damage":14,"enemies":"Gremlin Gang","floor":10,"turns":6},{"damage":23,"enemies":"Gremlin Nob","floor":11,"turns":5},{"damage":0,"enemies":"Exordium Thugs","floor":12,"turns":5},{"damage":0,"enemies":"Slime Boss","floor":16,"turns":7},{"damage":6,"enemies":"2 Thieves","floor":18,"turns":4},{"damage":13,"enemies":"Spheric Guardian","floor":19,"turns":4},{"damage":26,"enemies":"Centurion and Healer","floor":20,"turns":5},{"damage":8,"enemies":"Cultist and Chosen","floor":22,"turns":7},{"damage":34,"enemies":"Snake Plant","floor":24,"turns":7},{"damage":19,"enemies":"Shelled Parasite and Fungi","floor":25,"turns":5}],"seed_played":"9198841401894079772","potions_obtained":[{"floor":1,"key":"StancePotion"},{"floor":4,"key":"AttackPotion"},{"floor":10,"key":"Block Potion"},{"floor":17,"key":"LiquidMemories"},{"floor":22,"key":"SpeedPotion"}],"is_trial":false,"path_per_floor":["M","?","M","M","?","R","M","E","T","M","E","M","$","?","R","B",null,"M","M","M","?","M","R","M","M"],"character_chosen":"WATCHER","items_purchased":["Tantrum","Madness"],"campfire_rested":2,"item_purchase_floors":[13,13],"current_hp_per_floor":[72,72,72,72,69,69,65,41,41,27,4,4,4,4,25,25,77,71,58,32,37,29,52,18,0,0],"gold":194,"neow_bonus":"THREE_ENEMY_KILL","is_daily":false,"chose_seed":false,"campfire_upgraded":0,"win_rate":0.0,"timestamp":1614409497,"path_taken":["M","?","?","M","?","R","M","E","T","M","E","M","$","?","R","BOSS","M","M","M","?","M","R","?","M"],"items_purchased_type":["Card","Card"],"build_version":"2020-12-22","purchased_purges":1,"victory":false,"max_hp_per_floor":[72,72,72,72,72,72,72,72,72,72,72,72,72,72,72,72,77,77,77,77,77,77,77,77,77,77],"card_choices":[{"not_picked":["EmptyBody","WheelKick"],"picked":"ClearTheMind","floor":1},{"not_picked":["Wireheading","JustLucky","CrushJoints"],"picked":"SKIP","floor":3},{"not_picked":["Consecrate","BowlingBash","FollowUp"],"picked":"SKIP","floor":4},{"not_picked":["FlyingSleeves","EmptyMind"],"picked":"FlurryOfBlows","floor":7},{"not_picked":["DeceiveReality","SpiritShield"],"picked":"Halt","floor":8},{"not_picked":["InnerPeace","CrushJoints"],"picked":"Crescendo","floor":10},{"not_picked":["Adaptation","JustLucky"],"picked":"Protect","floor":11},{"not_picked":["SashWhip","Conclude","SandsOfTime"],"picked":"SKIP","floor":12},{"not_picked":["ThirdEye","Prostrate"],"picked":"FlyingSleeves","floor":17},{"not_picked":["Crescendo","Consecrate+1"],"picked":"Protect","floor":18},{"not_picked":["SpiritShield","FlyingSleeves"],"picked":"ClearTheMind","floor":19},{"not_picked":["DeceiveReality","WheelKick+1","Collect"],"picked":"SKIP","floor":20},{"not_picked":["Evaluate","LikeWater","CrushJoints"],"picked":"SKIP","floor":22},{"not_picked":["Consecrate","Worship"],"picked":"Halt","floor":24}],"player_experience":158551,"relics_obtained":[{"floor":8,"key":"Art of War"},{"floor":11,"key":"Shuriken"}],"event_choices":[{"damage_healed":0,"gold_gain":0,"cards_transformed":["Strike_P"],"player_choice":"Transformed","damage_taken":0,"max_hp_gain":0,"max_hp_loss":0,"event_name":"Transmorgrifier","floor":2,"gold_loss":0,"cards_obtained":["Vengeance"]},{"damage_healed":0,"gold_gain":0,"player_choice":"Success","damage_taken":3,"relics_obtained":["Oddly Smooth Stone"],"max_hp_gain":0,"max_hp_loss":0,"event_name":"Scrap Ooze","floor":5,"gold_loss":0},{"damage_healed":0,"gold_gain":0,"player_choice":"Ignored","damage_taken":0,"max_hp_gain":0,"max_hp_loss":0,"event_name":"Shining Light","floor":14,"gold_loss":0},{"cards_removed":["FlyingSleeves"],"damage_healed":5,"gold_gain":0,"player_choice":"Offered Common","damage_taken":0,"max_hp_gain":0,"max_hp_loss":0,"event_name":"Bonfire Elementals","floor":21,"gold_loss":0},{"cards_removed":["FlyingSleeves"],"damage_healed":5,"gold_gain":0,"player_choice":"Offered Special","damage_taken":0,"max_hp_gain":0,"max_hp_loss":0,"event_name":"Bonfire Elementals","floor":21,"gold_loss":0}],"is_beta":false,"boss_relics":[{"not_picked":["Empty Cage","SacredBark"],"picked":"Tiny House"}],"items_purged_floors":[13],"is_endless":false,"potions_floor_spawned":[1,4,10,22],"killed_by":"Shelled Parasite and Fungi","ascension_level":2}}