{"host":"ooetke516h53yqww","time":1614396387,"event":{"mods":["100% Spire Juice","2.2 Compatiblity","Abigail Mod","Act Like it!","Astrologer","BaseMod","Beaked The Cultist","Better Match","Better Third Choice","Conspire","Elementarium","Friendly Minions","Hallownest","Hermit","HololiveMod","Hubris","Kiyohime????","Library of Ruina","Library of Ruina Extra","Lobotomy","LobotomyExtend","Mari Mod (Legacy)","Mari\u0027s V1 Patch","Menagerie","Minty Spire (QoL Compilation)","Morshu Shopkeeper","Prisma Mod","Random Character Button","Reliquary","Replay The Spire","Robot Space Explorer","Ruina","Spicy Shops","StSLib","Td1madao Mod","The Alterego","The Bug Knight","The Marked","The Poker Player","The Senshi","TheSwordswoman","Uncapped","WarShipGirlsR/????R mod","Yakumo Yukari mod","Yohane!"],"gold_per_floor":[10,10,0,0,0,0,0,26,26,52,66,92,102,128,128,232,232,247,258,134,154,169,201,216,216,264,264,264,264,264,264,264,282,282,378,378,394,412,412,460,478,508,508,533,533,553,553,3,3,35,35,35,35],"floor_reached":54,"language":"ENG","playtime":2598,"items_purged":["Decay"],"score":977,"play_id":"c451d313-c0dc-467d-8370-fe2d901e0aa9","local_time":"20210226222627","is_ascension_mode":true,"campfire_choices":[{"data":"Enlightenment","floor":6.0,"key":"SMITH"},{"data":"FocusFire","floor":15.0,"key":"SMITH"},{"floor":30,"key":"REST"},{"floor":34,"key":"REST"},{"data":"Struggle","floor":43,"key":"SMITH"},{"floor":47,"key":"REST"},{"floor":49,"key":"REST"},{"data":"Concentration","floor":51,"key":"SMITH"}],"circlet_count":0,"master_deck":["Dodge","LightDefense","LightAttack","LightDefense","LightDefense","LightDefense","ChargeAndCover","FocusedStrikes","StayCalm","FormingStorm+1","Enlightenment+1","VioletBlade","SharpNails","Reload","FocusFire+1","MultiBlock+1","FormingStorm","SuanNi","UnforgettableMelody","AsThePrescriptOrders","BiAn","Fence+1","Zzzzzap","MultiBlock+1","Eject","EmotionalTurbulence","FierceCharge+1","Faith+1","BiAn+1","SunsetBlade+1","Struggle+1","ButterflySlash+1","SuppressingShot","Concentration+1"],"relics":["PageOfLibrarian","LetterFromLob","PageOfThreeBirds","Bird Faced Urn","Smiling Mask","Snecko Heart","Nunchaku","Potion Belt","ruina:PrescriptsGrace","theSenshi:SailorFukuRelic","hubris:VirtuousBlindfold","Thread and Needle","reliquary:BoilingFlask","Bottled Lightning","PageOfDeadButterflies","reliquary:Sod","reliquary:Knoch"],"acts_visited":["Exordium","ruina:Briah","TheBeyond"],"potions_floor_usage":[35,52,52,53],"damage_taken":[{"damage":0.0,"enemies":"Jaw Worm","floor":1.0,"turns":7.0},{"damage":0.0,"enemies":"Lagavulin","floor":8.0,"turns":5.0},{"damage":16.0,"enemies":"Replay:BlueRogue","floor":10.0,"turns":5.0},{"damage":0.0,"enemies":"2 Louse","floor":11.0,"turns":2.0},{"damage":21.0,"enemies":"Gremlin Nob","floor":12.0,"turns":5.0},{"damage":9.0,"enemies":"Small Slimes","floor":13.0,"turns":3.0},{"damage":38.0,"enemies":"Hexaghost","floor":16.0,"turns":11.0},{"damage":4.0,"enemies":"ruina:2_Scarecrows","floor":18.0,"turns":3.0},{"damage":16.0,"enemies":"ruina:Nosferatu","floor":19.0,"turns":3.0},{"damage":36.0,"enemies":"ruina:KingOfGreed","floor":21.0,"turns":4.0},{"damage":6.0,"enemies":"ruina:QueenOfHate","floor":22.0,"turns":4.0},{"damage":0.0,"enemies":"ruina:RoadHome","floor":23.0,"turns":2.0},{"damage":8,"enemies":"ruina:3_Scarecrows","floor":24,"turns":3},{"damage":0,"enemies":"ruina:KingOfGreed","floor":33,"turns":4},{"damage":48,"enemies":"ruina:Red_and_Wolf","floor":35,"turns":11},{"damage":0,"enemies":"3 Darklings","floor":37,"turns":3},{"damage":0,"enemies":"3 Shapes","floor":38,"turns":3},{"damage":26,"enemies":"2 Orb Walkers","floor":40,"turns":4},{"damage":6,"enemies":"Sphere and 2 Shapes","floor":41,"turns":3},{"damage":15,"enemies":"beaked:SuperParasite","floor":42,"turns":4},{"damage":41,"enemies":"Nemesis","floor":44,"turns":5},{"damage":0,"enemies":"Spire Growth","floor":46,"turns":3},{"damage":0,"enemies":"Giant Head","floor":50,"turns":5},{"damage":46,"enemies":"Awakened One","floor":52,"turns":7},{"damage":13,"enemies":"Awakened One","floor":53,"turns":17}],"seed_played":"-5727070687478919626","potions_obtained":[{"floor":8.0,"key":"Fire Potion"},{"floor":10.0,"key":"ColorlessPotion"},{"floor":11.0,"key":"SkillPotion"},{"floor":13.0,"key":"Explosive Potion"},{"floor":24,"key":"ColorlessPotion"},{"floor":33,"key":"Regen Potion"},{"floor":40,"key":"DistilledChaos"},{"floor":41,"key":"SpeedPotion"}],"is_trial":false,"path_per_floor":["M","?","?","?","?","R","?","E","T","E","M","E","M","T","R","B",null,"M","M","$","M","M","E","M","?","T","?","PTL","PTL","R","?","$","M","R","B",null,"M","M","?","?","M","E","R","E","T","M","R","$","R","E","R","B",null,null],"character_chosen":"Librarian","items_purchased":["Nunchaku","PageOfDeadButterflies","reliquary:Sod"],"campfire_rested":4,"item_purchase_floors":[20,48,48],"current_hp_per_floor":[60,60,66,66,70,70,70,70,70,54,59,38,34,34,34,1,76,72,60,60,31,27,34,31,31,31,9,9,9,31,31,31,36,58,32,76,76,76,76,50,54,50,50,11,11,20,42,42,64,68,68,59,62],"gold":35,"neow_bonus":"TRANSFORM_TWO_CARDS","is_daily":false,"chose_seed":false,"campfire_upgraded":4,"win_rate":0.0,"timestamp":1614396387,"path_taken":["M","?","?","?","?","R","?","E","T","E","?","E","M","?","R","BOSS","M","?","$","M","M","E","M","?","T","?","PTL","PTL","R","?","?","M","R","BOSS","M","?","?","?","M","E","R","E","T","?","R","$","R","E","R","BOSS"],"items_purchased_type":["Relic","Relic","Relic"],"build_version":"2020-12-22","purchased_purges":1,"victory":true,"max_hp_per_floor":[78,78,84,84,84,84,84,84,84,84,76,76,76,76,76,76,76,76,76,76,76,76,76,76,76,76,76,76,76,76,76,76,76,76,76,76,76,76,76,76,76,76,76,76,76,76,76,76,76,76,76,76,76],"card_choices":[{"not_picked":["EndlessBattle","VenomousFangs","SerpentSwordTechnique","Clone","TendonChords","Unlock1","MultiHit","DarkCloud"],"picked":"TheWillOfTheCity","floor":1.0},{"not_picked":["StructuralAnalysis","ClassAndRespect","DeepDrag","AbsorbImpact","Execute_lor","WrathOfTorment","SpearedSweep","Collision"],"picked":"VioletBlade","floor":8.0},{"not_picked":["QuickAttack","ButterflySlash","ProselytesBlade","Execute_lor","Punishment","AssaultOrder","UpbeatPerformance","GuardingStance"],"picked":"SharpNails","floor":10.0},{"not_picked":["PinpointShot","LawAndOrder","VioletBlade","ICanCookAnything","Standoff","Unlock1","HandlingWork","SweepTheBackstreets"],"picked":"Reload","floor":11.0},{"not_picked":["CumulusWall","ProselytesBlade","BizarreAttack","Parry2","BiAn","ShrineToMusic","SnakesPrey","ICanCookAnything"],"picked":"FocusFire","floor":12.0},{"not_picked":["StructuralAnalysis","Brawl","Feast","Standoff","BlazingStrike","AutomatedMovement","JiaoTu","StrongStrike"],"picked":"MultiBlock","floor":13.0},{"not_picked":["GutHarvesting","GroundSmash"],"picked":"FormingStorm","floor":16.0},{"not_picked":["FleetFootsteps+1","TasteMyFlamingBat","Struggle","Parry2","FleetEdge","PreparedMind+1","BiAn","BindingArms+1"],"picked":"SuanNi","floor":18.0},{"not_picked":["EnergyConversion","Crush","DesperateStruggle","AGoldenOpportunity","PinpointShot","RhinoRam","WillOfThePrescript","AsThePrescriptOrders"],"picked":"UnforgettableMelody","floor":19.0},{"not_picked":["Outburst","SnakesPrey","FlashingStrike","ProselytesBlade","KeepItFresh","Diversion","CumulusWall","FlowOfTheSword"],"picked":"AsThePrescriptOrders","floor":21.0},{"not_picked":["UpbeatPerformance+1","QuickAttack","FierceCharge","LawAndOrder+1","Unlock1","HiddenBlade","ShockRound","Reload"],"picked":"BiAn","floor":22.0},{"not_picked":["Pound+1","CumulusWall+1","SnakesPrey+1","Wallop_lor+1","BindingArms","ConcentratedFire","SharpenedBlade","VenomousFangs"],"picked":"Fence+1","floor":23.0},{"not_picked":["InkOver","GreatSerpentsImpact","Diversion+1","TendonChords","CoordinatedAssault","ExtractFuel+1","StrikeDown","TheWillOfTheCity+1"],"picked":"Zzzzzap","floor":24},{"not_picked":["Parry2","IllEndYou+1","AsThePrescriptOrders","ClassAndRespect+1","GrazeTheGrass+1","MultiHit+1","EnergyStrike","Pound"],"picked":"Eject","floor":33},{"not_picked":["Punishment","CleanUp"],"picked":"EmotionalTurbulence","floor":35},{"not_picked":["UnavoidableGaze","FeatherShield+1","Thrust+1","Decapitation","MultiBlock+1","FlashOfSunup+1","BindingArms","Outburst"],"picked":"FierceCharge+1","floor":37},{"not_picked":["PreemptiveStrike+1","HandleRequest+1","Parry+1","EnergyStrike+1","UnavoidableGaze","SenseQuarry","HighSpeedStabbing","MultiHit"],"picked":"Faith+1","floor":38},{"not_picked":["ExtremeEdge+1","Parry","ClassAndRespect+1","Track","FieryWaltz+1","Mutilate+1","SpearedSweep","MultiHit"],"picked":"BiAn+1","floor":40},{"not_picked":["SinglePointStab+1","Unlock1+1","EnergyShield","EndlessBattle+1","Pound+1","LossOfSenses+1","StructuralAnalysis+1","ShrineToMusic"],"picked":"SunsetBlade+1","floor":41},{"not_picked":["SerpentSwordTechnique","Faith+1","YoureAHindrance+1","TheWillOfTheCity","Transpierce","StrikeDown","AssaultOrder","TendonChords"],"picked":"Struggle","floor":42},{"not_picked":["HandlingWork","SharpSwipe+1","UnforgettableMelody","DevastatingThrash+1","BackstreetsDash","SerpentSwordTechnique+1","AsThePrescriptOrders+1","MultiHit+1"],"picked":"ButterflySlash+1","floor":44},{"not_picked":["ForTheFamily","AGoldenOpportunity","ConcentratedFire","StrongStrike+1","SnakesPrey","Thrust","DevastatingThrash","AsThePrescriptOrders"],"picked":"SuppressingShot","floor":46},{"not_picked":["SnakeSlit+1","UnavoidableGaze+1","TheWillOfTheCity","Standoff+1","AsThePrescriptOrders","Endure+1","UndertakePrescript","UncannyStrike"],"picked":"Concentration","floor":50}],"player_experience":1541654,"relics_obtained":[{"floor":8.0,"key":"LetterFromLob"},{"floor":9.0,"key":"PageOfThreeBirds"},{"floor":12.0,"key":"Bird Faced Urn"},{"floor":14.0,"key":"Smiling Mask"},{"floor":23.0,"key":"Potion Belt"},{"floor":26,"key":"theSenshi:SailorFukuRelic"},{"floor":40,"key":"Thread and Needle"},{"floor":42,"key":"reliquary:BoilingFlask"},{"floor":44,"key":"Bottled Lightning"},{"floor":50,"key":"reliquary:Knoch"}],"event_choices":[{"damage_healed":0.0,"max_hp_gain":0.0,"max_hp_loss":0.0,"gold_gain":0.0,"event_name":"betterThird:BetterSerpent","player_choice":"RENOUNCE","floor":3.0,"gold_loss":10.0,"damage_taken":10.0,"cards_obtained":["Enlightenment"]},{"damage_healed":0.0,"max_hp_gain":0.0,"max_hp_loss":0.0,"gold_gain":0.0,"event_name":"Wheel of Change","player_choice":"Cursed","floor":7.0,"gold_loss":0.0,"damage_taken":0.0,"cards_obtained":["Decay"]},{"damage_healed":0,"gold_gain":0,"player_choice":"Leave","damage_taken":0,"max_hp_gain":0,"max_hp_loss":0,"event_name":"conspire:Investor","floor":31,"gold_loss":0},{"cards_removed":["TheWillOfTheCity"],"damage_healed":0,"gold_gain":0,"player_choice":"Removed Skill","damage_taken":0,"max_hp_gain":0,"max_hp_loss":0,"event_name":"Falling","floor":39,"gold_loss":0},{"damage_healed":0,"gold_gain":0,"player_choice":"Fight","damage_taken":0,"max_hp_gain":0,"max_hp_loss":0,"event_name":"Mysterious Sphere","floor":40,"gold_loss":0}],"is_beta":false,"boss_relics":[{"not_picked":["Velvet Choker","Replay:Bronze Core"],"picked":"Snecko Heart"},{"not_picked":["Black Star","hubris:Backtick"],"picked":"hubris:VirtuousBlindfold"}],"items_purged_floors":[20],"is_endless":false,"potions_floor_spawned":[8,10,11,13,21,24,33,40,41,46,50],"ascension_level":1}}