{"host":"cfv8orgc8997ql4r","time":1614404818,"event":{"mods":["AchievementEnabler","BaseMod","DeckTracker","Keyboard Shortcuts","Minty Spire (QoL Compilation)"],"gold_per_floor":[118,138,59,75,75,75,108,108,108,166,177,177,196,222,222,222,222],"floor_reached":16,"language":"KOR","playtime":346,"items_purged":[],"score":132,"play_id":"8332c4d9-3b55-4a9b-839c-c6d38e968cd1","local_time":"20210227144658","is_ascension_mode":true,"campfire_choices":[{"data":"Defragment","floor":6,"key":"SMITH"},{"floor":12,"key":"REST"},{"floor":15,"key":"REST"}],"circlet_count":0,"master_deck":["Strike_B","Strike_B","Strike_B","Strike_B","Defend_B","Defend_B","Defend_B","Zap+1","Dualcast","Gash","Sweeping Beam","Chill","Defragment+1","Aggregate","Redo","Barrage","Cold Snap"],"relics":["Cracked Core","NeowsBlessing","The Courier","Bottled Flame","Tiny Chest","Vajra"],"acts_visited":["Exordium"],"potions_floor_usage":[14],"damage_taken":[{"damage":0.0,"enemies":"Cultist","floor":1.0,"turns":1.0},{"damage":0.0,"enemies":"Small Slimes","floor":2.0,"turns":1.0},{"damage":0,"enemies":"2 Louse","floor":4,"turns":1},{"damage":8,"enemies":"3 Sentries","floor":7,"turns":7},{"damage":40,"enemies":"Lagavulin Event","floor":10,"turns":6},{"damage":8,"enemies":"Blue Slaver","floor":11,"turns":2},{"damage":0,"enemies":"Exordium Wildlife","floor":13,"turns":3},{"damage":24,"enemies":"Lagavulin","floor":14,"turns":4},{"damage":36,"enemies":"Hexaghost","floor":16,"turns":9}],"seed_played":"-3712755248409017792","potions_obtained":[{"floor":7,"key":"FocusPotion"},{"floor":14,"key":"BlessingOfTheForge"}],"is_trial":false,"path_per_floor":["M","M","$","M","?","R","E","?","T","?","M","R","M","E","R","B"],"character_chosen":"DEFECT","items_purchased":["Chill"],"campfire_rested":2,"item_purchase_floors":[3],"current_hp_per_floor":[75,75,75,75,68,68,60,60,60,20,12,34,34,10,32,0,0],"gold":222,"neow_bonus":"THREE_ENEMY_KILL","is_daily":false,"chose_seed":false,"campfire_upgraded":1,"win_rate":0.0,"timestamp":1614404818,"path_taken":["M","?","$","?","?","R","E","?","T","?","M","R","M","E","R","BOSS"],"items_purchased_type":["Card"],"build_version":"2020-12-22","purchased_purges":0,"victory":false,"max_hp_per_floor":[75,75,75,75,75,75,75,75,75,75,75,75,75,75,75,75,75],"card_choices":[{"not_picked":["Storm","Beam Cell"],"picked":"Gash","floor":1.0},{"not_picked":["Blizzard","Go for the Eyes"],"picked":"Sweeping Beam","floor":2.0},{"not_picked":["Reprogram","Reinforced Body"],"picked":"Defragment","floor":4},{"not_picked":["Force Field","Multi-Cast"],"picked":"Aggregate","floor":7},{"not_picked":["Streamline","Reprogram"],"picked":"Redo","floor":10},{"not_picked":["Redo","Beam Cell","Rebound"],"picked":"SKIP","floor":11},{"not_picked":["Aggregate","Multi-Cast"],"picked":"Barrage","floor":13},{"not_picked":["Turbo","Steam"],"picked":"Cold Snap","floor":14}],"player_experience":218770,"relics_obtained":[{"floor":7,"key":"The Courier"},{"floor":9,"key":"Bottled Flame"},{"floor":10,"key":"Tiny Chest"},{"floor":14,"key":"Vajra"}],"event_choices":[{"cards_removed":["Defend_B"],"damage_healed":0,"gold_gain":0,"player_choice":"Card Removal","damage_taken":7,"max_hp_gain":0,"max_hp_loss":0,"event_name":"Golden Wing","floor":5,"gold_loss":0},{"damage_healed":0,"gold_gain":0,"player_choice":"Grow","damage_taken":0,"max_hp_gain":0,"max_hp_loss":0,"event_name":"Living Wall","floor":8,"gold_loss":0,"cards_upgraded":["Zap"]},{"damage_healed":0,"gold_gain":0,"player_choice":"Searched \u00271\u0027 times","damage_taken":0,"max_hp_gain":0,"max_hp_loss":0,"event_name":"Dead Adventurer","floor":10,"gold_loss":0}],"is_beta":false,"boss_relics":[],"items_purged_floors":[],"is_endless":false,"potions_floor_spawned":[7,14],"killed_by":"Hexaghost","ascension_level":4}}