{"host":"180gexyoiure5zz4","time":1614390201,"event":{"mods":["BaseMod","Minty Spire (QoL Compilation)"],"gold_per_floor":[118,130,55,5,5,5,5,30,53,53,67,84,11,26,26,122,172,185,195,206,206,206,218,218,218],"floor_reached":24,"language":"ENG","playtime":850,"items_purged":["Shame"],"score":218,"play_id":"13a8474d-7b48-4959-bb8a-716dee230819","local_time":"20210226204321","is_ascension_mode":true,"campfire_choices":[{"floor":7,"key":"RECALL"},{"floor":15,"key":"REST"}],"circlet_count":0,"master_deck":["Strike_R+1","Strike_R+1","Strike_R+1","Strike_R+1","Defend_R+1","Defend_R+1","Defend_R+1","Bash","Spot Weakness+1","Fire Breathing","Power Through","Wild Strike","Limit Break","Spot Weakness","Spot Weakness+1"],"relics":["Burning Blood","Torii","Oddly Smooth Stone","Tiny House"],"acts_visited":["Exordium","TheCity"],"potions_floor_usage":[8,16,20,23,24,24],"damage_taken":[{"damage":15,"enemies":"Jaw Worm","floor":1,"turns":4},{"damage":10,"enemies":"2 Louse","floor":2,"turns":3},{"damage":39,"enemies":"3 Sentries","floor":8,"turns":8},{"damage":1,"enemies":"Small Slimes","floor":11,"turns":4},{"damage":6,"enemies":"3 Louse","floor":12,"turns":4},{"damage":0,"enemies":"Large Slime","floor":14,"turns":6},{"damage":67,"enemies":"The Guardian","floor":16,"turns":11},{"damage":24,"enemies":"Chosen","floor":18,"turns":6},{"damage":10,"enemies":"Shell Parasite","floor":19,"turns":7},{"damage":38,"enemies":"Snecko","floor":20,"turns":6},{"damage":26,"enemies":"Snake Plant","floor":23,"turns":6},{"damage":13,"enemies":"Gremlin Leader","floor":24,"turns":6}],"seed_played":"4442609373532411507","potions_obtained":[{"floor":2,"key":"Explosive Potion"},{"floor":8,"key":"ColorlessPotion"},{"floor":11,"key":"ElixirPotion"},{"floor":17,"key":"AttackPotion"},{"floor":18,"key":"SpeedPotion"},{"floor":23,"key":"Weak Potion"}],"is_trial":false,"path_per_floor":["M","M","$","?","?","?","R","E","T","?","M","M","$","M","R","B",null,"M","M","M","?","?","M","E"],"character_chosen":"IRONCLAD","items_purchased":["Power Through"],"campfire_rested":1,"item_purchase_floors":[13],"current_hp_per_floor":[71,67,67,67,51,44,44,11,11,37,42,42,42,48,72,11,85,67,63,31,31,31,11,0,0],"gold":218,"neow_bonus":"ONE_RARE_RELIC","is_daily":false,"chose_seed":false,"campfire_upgraded":0,"win_rate":0.0,"timestamp":1614390201,"path_taken":["M","M","$","?","?","?","R","E","T","?","M","M","?","?","R","BOSS","M","M","M","?","?","?","E"],"items_purchased_type":["Card"],"build_version":"2020-12-22","purchased_purges":1,"victory":false,"max_hp_per_floor":[80,80,80,80,80,80,80,80,80,80,80,80,80,80,80,80,85,85,85,85,85,85,85,85,85],"card_choices":[{"not_picked":["Perfected Strike","Intimidate"],"picked":"Spot Weakness","floor":1},{"not_picked":["Hemokinesis","Iron Wave","Sword Boomerang"],"picked":"SKIP","floor":2},{"not_picked":["Anger","Feed","Warcry"],"picked":"SKIP","floor":8},{"not_picked":["Rage","Sentinel"],"picked":"Fire Breathing","floor":11},{"not_picked":["Armaments","Sword Boomerang","Shrug It Off"],"picked":"SKIP","floor":12},{"not_picked":["Feel No Pain","Burning Pact"],"picked":"Wild Strike","floor":14},{"not_picked":["Immolate","Offering"],"picked":"Limit Break","floor":16},{"not_picked":["Warcry","Battle Trance","Thunderclap"],"picked":"SKIP","floor":18},{"not_picked":["Clash+1","Warcry"],"picked":"Spot Weakness","floor":19},{"not_picked":["True Grit","Thunderclap+1","Clash"],"picked":"SKIP","floor":20},{"not_picked":["Disarm","Wild Strike"],"picked":"Spot Weakness+1","floor":23}],"player_experience":341089,"relics_obtained":[{"floor":8,"key":"Oddly Smooth Stone"}],"event_choices":[{"cards_removed":["Defend_R"],"damage_healed":0,"gold_gain":0,"player_choice":"Card Removal","damage_taken":0,"max_hp_gain":0,"max_hp_loss":0,"event_name":"The Cleric","floor":4,"gold_loss":50},{"damage_healed":0,"gold_gain":0,"player_choice":"Entered Light","damage_taken":16,"max_hp_gain":0,"max_hp_loss":0,"event_name":"Shining Light","floor":5,"gold_loss":0,"cards_upgraded":["Defend_R","Spot Weakness"]},{"cards_removed":["Strike_R"],"damage_healed":0,"gold_gain":0,"player_choice":"Card Removal","damage_taken":7,"max_hp_gain":0,"max_hp_loss":0,"event_name":"Golden Wing","floor":6,"gold_loss":0},{"damage_healed":26,"gold_gain":0,"player_choice":"Banana","damage_taken":0,"max_hp_gain":0,"max_hp_loss":0,"event_name":"Big Fish","floor":10,"gold_loss":0},{"damage_healed":0,"gold_gain":0,"player_choice":"Simplicity","damage_taken":0,"max_hp_gain":0,"max_hp_loss":0,"event_name":"Back to Basics","floor":21,"gold_loss":0,"cards_upgraded":["Strike_R","Strike_R","Strike_R","Strike_R","Defend_R"]},{"damage_healed":0,"gold_gain":0,"player_choice":"Bought 0 Potions","damage_taken":0,"max_hp_gain":0,"max_hp_loss":0,"event_name":"The Woman in Blue","floor":22,"gold_loss":0}],"is_beta":false,"boss_relics":[{"not_picked":["Fusion Hammer","Empty Cage"],"picked":"Tiny House"}],"items_purged_floors":[3],"is_endless":false,"potions_floor_spawned":[2,8,11,18,23],"killed_by":"Gremlin Leader","ascension_level":2}}