{"host":"tg75n96cfgtlqktk","time":1614458239,"event":{"mods":["BaseMod","Colored Map","Minty Spire (QoL Compilation)","StSLib"],"gold_per_floor":[116,116,41,41,60,60,79,110,110,122,122,122],"floor_reached":11,"language":"ENG","playtime":1502,"items_purged":["Pain"],"score":110,"play_id":"a9ae1049-23f0-4784-ae0e-317886d68eac","local_time":"20210227133719","is_ascension_mode":true,"campfire_choices":[{"data":"Bash","floor":6,"key":"SMITH"}],"circlet_count":0,"master_deck":["AscendersBane","Strike_R","Strike_R+1","Defend_R","Defend_R","Defend_R","Defend_R","Bash+1","Rampage","Iron Wave+1","Shockwave","Rampage","Clothesline","True Grit","Headbutt","Fire Breathing"],"relics":["Burning Blood","StrikeDummy","Vajra"],"acts_visited":["Exordium"],"potions_floor_usage":[8],"damage_taken":[{"damage":6,"enemies":"2 Louse","floor":1,"turns":3},{"damage":0,"enemies":"Small Slimes","floor":5,"turns":3},{"damage":4,"enemies":"Cultist","floor":7,"turns":3},{"damage":38,"enemies":"3 Sentries","floor":8,"turns":11},{"damage":7,"enemies":"2 Fungi Beasts","floor":10,"turns":3},{"damage":41,"enemies":"Lagavulin","floor":11,"turns":6}],"seed_played":"3799978742755317252","potions_obtained":[{"floor":1,"key":"Ancient Potion"},{"floor":7,"key":"SkillPotion"}],"is_trial":false,"path_per_floor":["M","?","$","?","M","R","M","E","T","M","E"],"character_chosen":"IRONCLAD","items_purchased":[],"campfire_rested":0,"item_purchase_floors":[],"current_hp_per_floor":[72,56,56,56,62,62,64,32,32,31,0,0],"gold":122,"neow_bonus":"TRANSFORM_TWO_CARDS","is_daily":false,"chose_seed":false,"campfire_upgraded":1,"win_rate":0.0,"timestamp":1614458239,"path_taken":["M","?","$","?","M","R","M","E","T","M","E"],"items_purchased_type":[],"build_version":"2020-12-22","purchased_purges":1,"victory":false,"max_hp_per_floor":[80,80,80,80,80,80,80,80,80,80,80,80],"card_choices":[{"not_picked":["Perfected Strike","Anger"],"picked":"Shockwave","floor":1},{"not_picked":["Iron Wave","Spot Weakness"],"picked":"Clothesline","floor":5},{"not_picked":["Clash","Perfected Strike"],"picked":"True Grit","floor":7},{"not_picked":["Second Wind","Combust"],"picked":"Headbutt","floor":8},{"not_picked":["Armaments","Headbutt"],"picked":"Fire Breathing","floor":10}],"player_experience":2841811,"relics_obtained":[{"floor":8,"key":"StrikeDummy"},{"floor":9,"key":"Vajra"}],"event_choices":[{"damage_healed":0,"gold_gain":0,"player_choice":"Entered Light","damage_taken":16,"max_hp_gain":0,"max_hp_loss":0,"event_name":"Shining Light","floor":2,"gold_loss":0,"cards_upgraded":["Iron Wave","Strike_R"]},{"damage_healed":0,"gold_gain":0,"cards_transformed":["Strike_R"],"player_choice":"Change","damage_taken":0,"max_hp_gain":0,"max_hp_loss":0,"event_name":"Living Wall","floor":4,"gold_loss":0,"cards_obtained":["Rampage"]}],"is_beta":false,"boss_relics":[],"items_purged_floors":[3],"is_endless":false,"potions_floor_spawned":[1,7],"killed_by":"Lagavulin","ascension_level":10}}