{"host":"lktusdb9orijgc6z","time":1614403199,"event":{"mods":["BaseMod","Bestiary","Colored Map","Colored Powertips","Filter the Spire","Minty Spire (QoL Compilation)","Permanent Neow","Quick Restart","Relic Stats","StSLib","everything is the same but u backflip on backflip","slay the spire mod where everything is the same but ironclad has a cowboy hat"],"gold_per_floor":[110,125,125,125,125,125,17,42,66,134,111,58,68,81,81,152,152,172,222,272,322,326,326,359,359,385,407,444,162,221,231,231,313,313,342,366,416,416,416],"floor_reached":38,"language":"ENG","playtime":1386,"items_purged":["Strike_G"],"score":845,"play_id":"9902cf27-d8b9-4c3f-804c-76bbc6d2ad19","local_time":"20210227061959","is_ascension_mode":true,"campfire_choices":[{"data":"Skewer","floor":6.0,"key":"SMITH"},{"floor":15.0,"key":"REST"},{"data":"Adrenaline","floor":23,"key":"SMITH"},{"data":"Crippling Poison","floor":25,"key":"SMITH"},{"data":"Calculated Gamble","floor":32,"key":"SMITH"}],"circlet_count":0,"master_deck":["AscendersBane","Survivor","Neutralize","Skewer+1","Blur","Deadly Poison","Footwork","PiercingWail","Leg Sweep","Backflip","Dash","Backflip","After Image","Eviscerate","Grand Finale","Adrenaline+1","Blade Dance","Cloak And Dagger","Crippling Poison","Grand Finale","Crippling Poison+1","Bullet Time","Dodge and Roll+1","Calculated Gamble+1","Terror","Infinite Blades","Adrenaline+1","Envenom","Slice","Acrobatics"],"relics":["WristBlade","Gambling Chip","SsserpentHead","Shuriken","Pandora\u0027s Box","Paper Crane","CeramicFish","Juzu Bracelet","Potion Belt","Coffee Dripper","Pear"],"acts_visited":["Exordium","TheCity","TheBeyond"],"potions_floor_usage":[18,28,31,33,38],"damage_taken":[{"damage":1.0,"enemies":"Small Slimes","floor":1.0,"turns":4.0},{"damage":0.0,"enemies":"2 Louse","floor":2.0,"turns":3.0},{"damage":41.0,"enemies":"Lagavulin","floor":8.0,"turns":7.0},{"damage":0.0,"enemies":"Cultist","floor":10.0,"turns":3.0},{"damage":0.0,"enemies":"Looter","floor":13.0,"turns":5.0},{"damage":0.0,"enemies":"Exordium Wildlife","floor":14.0,"turns":8.0},{"damage":7.0,"enemies":"The Guardian","floor":16.0,"turns":14.0},{"damage":11,"enemies":"3 Byrds","floor":18,"turns":4},{"damage":12,"enemies":"2 Thieves","floor":22,"turns":5},{"damage":2,"enemies":"Gremlin Leader","floor":24,"turns":4},{"damage":13,"enemies":"Cultist and Chosen","floor":27,"turns":5},{"damage":5,"enemies":"Slavers","floor":28,"turns":6},{"damage":1,"enemies":"Collector","floor":33,"turns":6},{"damage":1,"enemies":"Orb Walker","floor":35,"turns":2},{"damage":20,"enemies":"3 Darklings","floor":36,"turns":3},{"damage":58,"enemies":"Transient","floor":38,"turns":5}],"seed_played":"-7586247327540782908","potions_obtained":[{"floor":8.0,"key":"ColorlessPotion"},{"floor":13.0,"key":"AttackPotion"},{"floor":14.0,"key":"Swift Potion"},{"floor":16.0,"key":"CultistPotion"},{"floor":24,"key":"DistilledChaos"},{"floor":28,"key":"GamblersBrew"},{"floor":31,"key":"Fruit Juice"},{"floor":31,"key":"LiquidBronze"},{"floor":31,"key":"GhostInAJar"}],"is_trial":false,"path_per_floor":["M","M","?","?","?","R","$","E","T","M","?","$","M","M","R","B",null,"M","?","?","?","M","R","E","R","T","M","E","$","?","?","R","B",null,"M","M","T","M"],"character_chosen":"THE_SILENT","items_purchased":["Deadly Poison","Footwork","Backflip","Potion Belt","Terror","Infinite Blades"],"campfire_rested":1,"item_purchase_floors":[7,7,12,29,29,29],"current_hp_per_floor":[58,58,51,46,46,46,46,5,5,5,5,5,5,5,24,17,54,43,43,43,43,31,31,29,29,29,16,11,11,11,16,16,15,57,56,36,46,0,0],"gold":416,"neow_bonus":"BOSS_RELIC","is_daily":false,"chose_seed":false,"campfire_upgraded":4,"win_rate":0.0,"timestamp":1614403199,"path_taken":["M","M","?","?","?","R","$","E","T","?","?","?","M","M","R","BOSS","M","?","?","?","?","R","E","R","T","M","E","$","?","?","R","BOSS","M","M","?","M"],"items_purchased_type":["Card","Card","Card","Relic","Card","Card"],"build_version":"2020-12-22","purchased_purges":1,"victory":false,"max_hp_per_floor":[66,66,66,66,66,66,66,66,66,66,66,66,66,66,66,66,66,66,66,66,66,66,66,66,66,66,66,66,66,66,71,71,71,71,71,71,81,81,81],"relic_stats":{"SsserpentHead":500,"counters":[16,84],"Shuriken":[11],"Gambling Chip":[44],"CeramicFish":72,"Pandora\u0027s Box":["Eviscerate","Grand Finale","Tactician","Adrenaline","Blade Dance","Cloak And Dagger","Crippling Poison","Grand Finale"],"Juzu Bracelet":1,"obtain_stats":[{"Potion Belt":29,"SsserpentHead":5,"Pear":37,"WristBlade":0,"Shuriken":8,"Gambling Chip":4,"CeramicFish":26,"Pandora\u0027s Box":17,"Juzu Bracelet":28,"Coffee Dripper":34,"Paper Crane":24,"Ring of the Snake":0},{"Potion Belt":12,"SsserpentHead":2,"Pear":15,"WristBlade":0,"Shuriken":3,"Gambling Chip":2,"CeramicFish":10,"Pandora\u0027s Box":7,"Juzu Bracelet":12,"Coffee Dripper":13,"Paper Crane":10,"Ring of the Snake":0},{"Potion Belt":68,"SsserpentHead":7,"Pear":79,"WristBlade":0,"Shuriken":14,"Gambling Chip":7,"CeramicFish":57,"Pandora\u0027s Box":44,"Juzu Bracelet":68,"Coffee Dripper":74,"Paper Crane":57,"Ring of the Snake":0}]},"card_choices":[{"not_picked":["Bane","Deadly Poison"],"picked":"Skewer","floor":1.0},{"not_picked":["Outmaneuver","Heel Hook"],"picked":"Blur","floor":2.0},{"not_picked":["All Out Attack","Eviscerate"],"picked":"PiercingWail","floor":8.0},{"not_picked":["Finisher","Outmaneuver"],"picked":"Leg Sweep","floor":10.0},{"not_picked":["Bane","Deflect"],"picked":"Dash","floor":13.0},{"not_picked":["Deflect","Underhanded Strike"],"picked":"Backflip","floor":14.0},{"not_picked":["Glass Knife","Storm of Steel"],"picked":"After Image","floor":16.0},{"not_picked":["Slice","Deflect"],"picked":"Crippling Poison","floor":18},{"not_picked":["Backflip","Sucker Punch","Tactician"],"picked":"SKIP","floor":22},{"not_picked":["Dagger Spray","Predator"],"picked":"Bullet Time","floor":24},{"not_picked":["Quick Slash","Expertise"],"picked":"Dodge and Roll+1","floor":27},{"not_picked":["Slice+1","Outmaneuver"],"picked":"Calculated Gamble","floor":28},{"not_picked":["Storm of Steel","Bullet Time"],"picked":"Envenom","floor":33},{"not_picked":["Distraction+1","Dagger Throw"],"picked":"Slice","floor":35},{"not_picked":["Skewer","Flying Knee+1"],"picked":"Acrobatics","floor":36}],"player_experience":829949,"relics_obtained":[{"floor":8.0,"key":"Shuriken"},{"floor":24,"key":"Paper Crane"},{"floor":26,"key":"CeramicFish"},{"floor":28,"key":"Juzu Bracelet"},{"floor":37,"key":"Pear"}],"event_choices":[{"cards_removed":["Strike_G"],"damage_healed":0.0,"max_hp_gain":0.0,"max_hp_loss":0.0,"gold_gain":0.0,"event_name":"Golden Wing","player_choice":"Card Removal","floor":3.0,"gold_loss":0.0,"damage_taken":7.0},{"damage_healed":0.0,"max_hp_gain":0.0,"max_hp_loss":0.0,"gold_gain":0.0,"event_name":"Scrap Ooze","player_choice":"Success","floor":4.0,"gold_loss":0.0,"damage_taken":5.0,"relics_obtained":["Gambling Chip"]},{"damage_healed":0.0,"max_hp_gain":0.0,"max_hp_loss":0.0,"gold_gain":0.0,"event_name":"FaceTrader","player_choice":"Trade","floor":5.0,"gold_loss":0.0,"damage_taken":0.0,"relics_obtained":["SsserpentHead"]},{"damage_healed":0.0,"max_hp_gain":0.0,"max_hp_loss":0.0,"gold_gain":0.0,"event_name":"World of Goop","player_choice":"Left Gold","floor":11.0,"gold_loss":73.0,"damage_taken":0.0},{"damage_healed":0,"gold_gain":0,"player_choice":"Ignored","damage_taken":0,"max_hp_gain":0,"max_hp_loss":0,"event_name":"The Mausoleum","floor":19,"gold_loss":0},{"damage_healed":0,"gold_gain":0,"player_choice":"Ignored","damage_taken":0,"max_hp_gain":0,"max_hp_loss":0,"event_name":"Vampires","floor":20,"gold_loss":0},{"cards_removed":["Tactician"],"damage_healed":0,"gold_gain":0,"player_choice":"Purged","damage_taken":0,"max_hp_gain":0,"max_hp_loss":0,"event_name":"Purifier","floor":21,"gold_loss":0},{"damage_healed":0,"gold_gain":0,"player_choice":"Copied","damage_taken":0,"max_hp_gain":0,"max_hp_loss":0,"event_name":"Duplicator","floor":30,"gold_loss":0,"cards_obtained":["Adrenaline"]},{"damage_healed":0,"gold_gain":0,"player_choice":"Bought 3 Potions","damage_taken":0,"max_hp_gain":0,"max_hp_loss":0,"event_name":"The Woman in Blue","floor":31,"gold_loss":0}],"is_beta":false,"boss_relics":[{"not_picked":["Snecko Eye","Philosopher\u0027s Stone"],"picked":"Pandora\u0027s Box"},{"not_picked":["Tiny House","Sozu"],"picked":"Coffee Dripper"}],"items_purged_floors":[12],"is_endless":false,"potions_floor_spawned":[8,13,14,16,24,28],"killed_by":"Transient","ascension_level":20}}