{"host":"syse7109pvnv9ewm","time":1614451159,"event":{"mods":["Act Like it!","Aspiration","BaseMod","Beaked The Cultist","Better Altar","Better Match","Better Note","Better Sensory Stone","Better Skull","Better Third Choice","BetterRewards","CCEM2","Challenge The Spire","Colored Map","Conspire","Dio Mod","Elementarium","Energized Spire","Halation","Hallownest","Highlight Path","Hubris","Infinite Spire","Mad Scientist","Menagerie","Minty Spire (QoL Compilation)","Replay The Spire","Retaliation","Spicy Shops","StSLib","The Blue Laboratory","The Bug Knight","The Cursed","The Death Knight","The Disciple","The Jungle","Thieving Mod"],"gold_per_floor":[109,109,124,124,143,183,183,207,234,49,73,87,28,43,43,43,43],"floor_reached":16,"language":"ENG","playtime":971,"items_purged":["Strike_R"],"score":308,"play_id":"1dad8239-5462-4ae5-b2cd-28b7bd3697b2","local_time":"20210227193919","is_ascension_mode":true,"campfire_choices":[{"floor":7,"key":"REST"},{"floor":15,"key":"REST"}],"circlet_count":0,"master_deck":["AscendersBane","Strike_R","Strike_R","Strike_R","Defend_R","Defend_R","Defend_R","Defend_R","Bash","Rupture","Battle Trance","Uppercut","conspire:Charge","Ghostly Armor","DDmod:UnstoppableAttack","Brutality","DDmod:RapidStrikeAttack","Pommel Strike","DDmod:SpikeMailSkill","Cleave","Shrug It Off"],"relics":["Burning Blood","Golden Idol","Ancient Tea Set"],"acts_visited":["Exordium"],"potions_floor_usage":[6,6,14],"damage_taken":[{"damage":13,"enemies":"2 Louse","floor":1,"turns":4},{"damage":4,"enemies":"Jaw Worm","floor":3,"turns":5},{"damage":0,"enemies":"Cultist","floor":5,"turns":3},{"damage":20,"enemies":"Lagavulin","floor":6,"turns":7},{"damage":17,"enemies":"2 Fungi Beasts","floor":8,"turns":4},{"damage":31,"enemies":"Exordium Wildlife","floor":11,"turns":5},{"damage":1,"enemies":"3 Louse","floor":12,"turns":3},{"damage":22,"enemies":"Lots of Slimes","floor":14,"turns":5},{"damage":51,"enemies":"Fading Forest","floor":16,"turns":8}],"seed_played":"-6339544111633837837","potions_obtained":[{"floor":1,"key":"PowerPotion"},{"floor":3,"key":"blueLaboratory:HorrorPotion"},{"floor":5,"key":"PowerPotion"},{"floor":11,"key":"PowerPotion"}],"is_trial":false,"path_per_floor":["M","?","M","?","M","E","R","M","T","$","M","M","$","M","R","B"],"character_chosen":"IRONCLAD","items_purchased":["Rupture","Battle Trance","DDmod:RapidStrikeAttack","Cleave"],"campfire_rested":2,"item_purchase_floors":[0,0,10,13],"current_hp_per_floor":[52,26,28,28,34,20,42,35,35,35,14,19,19,7,29,0,0],"gold":43,"neow_bonus":"","is_daily":false,"chose_seed":false,"campfire_upgraded":0,"win_rate":0.0,"timestamp":1614451159,"path_taken":["M","?","M","?","M","E","R","M","T","?","M","?","?","M","R","BOSS"],"items_purchased_type":["Card","Card","Card","Card"],"build_version":"2020-12-22","purchased_purges":1,"victory":false,"max_hp_per_floor":[75,75,75,75,75,75,75,75,75,75,75,75,75,75,75,75,75],"card_choices":[{"not_picked":["DDmod:EasePowerCard","Headbutt"],"picked":"Uppercut","floor":1},{"not_picked":["DDmod:EasePowerCard","Cleave"],"picked":"conspire:Charge","floor":3},{"not_picked":["DDmod:PokeAttack","ReplayTheSpireMod:LeadingStrike"],"picked":"Ghostly Armor","floor":5},{"not_picked":["Seeing Red","Infernal Blade"],"picked":"DDmod:UnstoppableAttack","floor":6},{"not_picked":["Iron Wave","Warcry"],"picked":"Brutality","floor":8},{"not_picked":["Wild Strike","Sever Soul"],"picked":"Pommel Strike","floor":11},{"not_picked":["Feel No Pain","Replay:Undeath\u0027s Touch"],"picked":"DDmod:SpikeMailSkill","floor":12},{"not_picked":["Anger","Wild Strike"],"picked":"Shrug It Off","floor":14}],"player_experience":170431,"relics_obtained":[{"floor":6,"key":"Ancient Tea Set"}],"event_choices":[{"damage_healed":0,"gold_gain":0,"player_choice":"Take Damage","damage_taken":26,"relics_obtained":["Golden Idol"],"max_hp_gain":0,"max_hp_loss":0,"event_name":"Golden Idol","floor":2,"gold_loss":0},{"cards_removed":["Strike_R"],"damage_healed":0,"gold_gain":0,"player_choice":"Forget","damage_taken":0,"max_hp_gain":0,"max_hp_loss":0,"event_name":"Living Wall","floor":4,"gold_loss":0}],"is_beta":false,"boss_relics":[],"items_purged_floors":[10],"is_endless":false,"potions_floor_spawned":[1,3,5,11],"killed_by":"Fading Forest","ascension_level":20}}