{"host":"y76clbnovzmw9ubx","time":1614435763,"event":{"mods":["AchievementEnabler","BaseMod","Minty Spire (QoL Compilation)","Permanent Neow","Relic Stats"],"gold_per_floor":[115,115,80,80,99,99,134,134,134,148,148,148],"floor_reached":11,"language":"ENG","playtime":474,"items_purged":[],"score":142,"play_id":"14d79c54-73a8-4c3c-97e2-4e052b541d96","local_time":"20210227092243","is_ascension_mode":true,"campfire_choices":[{"data":"Storm of Steel","floor":6,"key":"SMITH"},{"floor":8,"key":"REST"}],"circlet_count":0,"master_deck":["AscendersBane","Strike_G","Strike_G","Strike_G","Strike_G","Strike_G","Defend_G","Defend_G","Defend_G","Defend_G","Survivor","Neutralize","Storm of Steel+1","Deflect","Footwork","Backflip","Deflect"],"relics":["Ring of the Snake","Thread and Needle"],"acts_visited":["Exordium"],"potions_floor_usage":[],"damage_taken":[{"damage":2,"enemies":"2 Louse","floor":1,"turns":4},{"damage":0,"enemies":"Small Slimes","floor":5,"turns":2},{"damage":63,"enemies":"Gremlin Nob","floor":7,"turns":6},{"damage":1,"enemies":"Jaw Worm","floor":10,"turns":4},{"damage":28,"enemies":"3 Sentries","floor":11,"turns":16}],"seed_played":"3462753654872351256","potions_obtained":[],"is_trial":false,"path_per_floor":["M","?","?","?","M","R","E","R","T","M","E"],"character_chosen":"THE_SILENT","items_purchased":[],"campfire_rested":1,"item_purchase_floors":[],"current_hp_per_floor":[57,50,66,71,71,71,8,29,29,28,0,0],"gold":148,"neow_bonus":"ONE_RANDOM_RARE_CARD","is_daily":false,"chose_seed":false,"campfire_upgraded":1,"win_rate":0.0,"timestamp":1614435763,"path_taken":["M","?","?","?","M","R","E","R","T","M","E"],"items_purchased_type":[],"build_version":"2020-12-22","purchased_purges":0,"victory":false,"max_hp_per_floor":[66,66,66,71,71,71,71,71,71,71,71,71],"relic_stats":{"counters":[5,32],"obtain_stats":[{"Thread and Needle":7,"Ring of the Snake":0},{"Thread and Needle":3,"Ring of the Snake":0},{"Thread and Needle":12,"Ring of the Snake":0}],"Ring of the Snake":[10]},"card_choices":[{"not_picked":["Outmaneuver","Bane"],"picked":"Deflect","floor":1},{"not_picked":["Flying Knee","Underhanded Strike"],"picked":"Footwork","floor":5},{"not_picked":["Deadly Poison","Acrobatics"],"picked":"Backflip","floor":7},{"not_picked":["Flechettes","Riddle With Holes"],"picked":"Deflect","floor":10}],"player_experience":3298532,"relics_obtained":[{"floor":7,"key":"Thread and Needle"}],"event_choices":[{"cards_removed":["Defend_G"],"damage_healed":0,"gold_gain":0,"player_choice":"Card Removal","damage_taken":7,"max_hp_gain":0,"max_hp_loss":0,"event_name":"Golden Wing","floor":2,"gold_loss":0},{"damage_healed":16,"gold_gain":0,"player_choice":"Healed","damage_taken":0,"max_hp_gain":0,"max_hp_loss":0,"event_name":"The Cleric","floor":3,"gold_loss":35},{"damage_healed":0,"gold_gain":0,"player_choice":"Donut","damage_taken":0,"max_hp_gain":5,"max_hp_loss":0,"event_name":"Big Fish","floor":4,"gold_loss":0}],"is_beta":false,"boss_relics":[],"items_purged_floors":[],"is_endless":false,"potions_floor_spawned":[],"killed_by":"3 Sentries","ascension_level":20}}