{"host":"tg75n96cfgtlqktk","time":1614415227,"event":{"mods":["BaseMod","Colored Map","Downfall","Minty Spire (QoL Compilation)","StSLib"],"gold_per_floor":[217,233,183,200,5,33,33,108,134,165,165,185,185,199,199,298,298,317,330,345,361,378,378,407,407,407,228,153,180,215,10,10,112,112,126,126,176,196,196,231,246,273,319,335,370,370,394,88,88,88,88],"floor_reached":50,"language":"ENG","playtime":4734,"items_purged":["Strike_B","Strike_B"],"score":779,"play_id":"135c62f5-29ba-4745-a4fe-bcb7c8cb3213","local_time":"20210227014027","is_ascension_mode":true,"campfire_choices":[{"data":"Lockon","floor":7,"key":"SMITH"},{"data":"Static Discharge","floor":11,"key":"SMITH"},{"data":"Zap","floor":15,"key":"SMITH"},{"floor":23,"key":"REST"},{"data":"Defragment","floor":32,"key":"SMITH"},{"floor":46,"key":"RECALL"},{"data":"Fission","floor":49,"key":"SMITH"}],"circlet_count":0,"master_deck":["Defend_B","Defend_B","Zap+1","Dualcast","BootSequence","Lockon+1","Static Discharge+1","Cold Snap","Static Discharge","Leap","Cold Snap","Multi-Cast+1","Electrodynamics","FTL+1","Defragment+1","Fusion+1","Turbo","Glacier","Storm","Fission+1","Capacitor","Genetic Algorithm+1","Compile Driver+1","Force Field+1","Barrage+1","Loop+1","Biased Cognition","Steam+1","Defragment"],"relics":["Cracked Core","Orichalcum","Happy Flower","Boot","Odd Mushroom","Runic Pyramid","PreservedInsect","Pantograph","Meat on the Bone","Chemical X","Nuclear Battery","Peace Pipe","Lantern","Dream Catcher","Toy Ornithopter","CeramicFish","Bottled Tornado"],"acts_visited":["Exordium","TheCity","TheBeyond"],"potions_floor_usage":[10,12,30,30,33,38,45,50],"damage_taken":[{"damage":6,"enemies":"Jaw Worm","floor":1,"turns":4},{"damage":0,"enemies":"Small Slimes","floor":2,"turns":2},{"damage":1,"enemies":"2 Louse","floor":4,"turns":2},{"damage":14,"enemies":"Gremlin Nob","floor":6,"turns":3},{"damage":11,"enemies":"Lagavulin","floor":10,"turns":5},{"damage":11,"enemies":"The Mushroom Lair","floor":12,"turns":4},{"damage":0,"enemies":"Exordium Wildlife","floor":14,"turns":3},{"damage":13,"enemies":"Hexaghost","floor":16,"turns":9},{"damage":2,"enemies":"Chosen","floor":18,"turns":5},{"damage":12,"enemies":"2 Thieves","floor":19,"turns":2},{"damage":4,"enemies":"Snake Plant","floor":20,"turns":2},{"damage":5,"enemies":"Chosen and Byrds","floor":21,"turns":4},{"damage":9,"enemies":"Centurion and Healer","floor":22,"turns":3},{"damage":1,"enemies":"Gremlin Leader","floor":24,"turns":5},{"damage":7,"enemies":"Book of Stabbing","floor":30,"turns":5},{"damage":11,"enemies":"Collector","floor":33,"turns":4},{"damage":0,"enemies":"3 Shapes","floor":35,"turns":2},{"damage":0,"enemies":"Mind Bloom Boss Battle","floor":37,"turns":3},{"damage":5,"enemies":"3 Darklings","floor":38,"turns":4},{"damage":17,"enemies":"Reptomancer","floor":40,"turns":3},{"damage":3,"enemies":"Writhing Mass","floor":41,"turns":6},{"damage":0,"enemies":"Nemesis","floor":42,"turns":5},{"damage":9,"enemies":"Sphere and 2 Shapes","floor":44,"turns":5},{"damage":31,"enemies":"Reptomancer","floor":45,"turns":4},{"damage":0,"enemies":"Maw","floor":47,"turns":5},{"damage":76,"enemies":"Awakened One","floor":50,"turns":7}],"seed_played":"8003040230558839537","potions_obtained":[{"floor":4,"key":"SpeedPotion"},{"floor":6,"key":"Block Potion"},{"floor":14,"key":"BlessingOfTheForge"},{"floor":16,"key":"sneckomod:MuddlingPotion"},{"floor":18,"key":"Swift Potion"},{"floor":19,"key":"FocusPotion"},{"floor":33,"key":"GamblersBrew"},{"floor":35,"key":"champ:CounterPotion"},{"floor":40,"key":"Dexterity Potion"},{"floor":45,"key":"FocusPotion"}],"is_trial":false,"path_per_floor":["M","M","?","M","$","E","R","?","T","E","R","?","?","M","R","B",null,"M","M","M","M","M","R","E","?","T","$","?","T","E","$","R","B",null,"M","?","?","M","?","E","M","E","T","M","E","R","M","$","R","B"],"character_chosen":"DEFECT","items_purchased":["Cold Snap","Static Discharge","Glacier","Chemical X","Energy Potion","Bottled Tornado","Defragment"],"campfire_rested":1,"item_purchase_floors":[5,5,27,31,31,48,48],"current_hp_per_floor":[69,69,69,68,68,54,54,43,43,32,32,21,21,21,21,8,58,56,44,40,35,26,48,47,47,47,47,47,47,40,40,40,54,70,70,70,75,70,70,53,50,50,50,41,27,27,39,39,39,0,0],"gold":88,"neow_bonus":"HUNDRED_GOLD","is_daily":false,"chose_seed":false,"campfire_upgraded":5,"win_rate":0.0,"timestamp":1614415227,"path_taken":["M","M","?","M","$","E","R","?","T","E","R","?","?","?","R","BOSS","M","M","M","?","M","R","E","?","T","$","?","?","E","$","R","BOSS","M","?","?","M","?","E","M","E","T","M","E","R","M","$","R","BOSS"],"items_purchased_type":["Card","Card","Card","Relic","Potion","Relic","Card"],"build_version":"2020-12-22","purchased_purges":2,"victory":false,"max_hp_per_floor":[75,75,75,75,75,75,75,75,75,75,75,75,75,75,75,75,75,75,75,75,75,75,75,75,75,75,75,75,75,75,75,75,75,75,75,75,75,75,71,71,71,71,71,71,71,71,71,71,71,71,71],"card_choices":[{"not_picked":["Streamline","Double Energy"],"picked":"BootSequence","floor":1},{"not_picked":["Turbo","Steam"],"picked":"Lockon","floor":2},{"not_picked":["Reprogram","Hello World"],"picked":"Static Discharge","floor":4},{"not_picked":["Heatsinks","Stack"],"picked":"Leap","floor":6},{"not_picked":["Conserve Battery","Rip and Tear"],"picked":"Cold Snap","floor":10},{"not_picked":["Hologram","Sweeping Beam"],"picked":"Multi-Cast","floor":12},{"not_picked":["Go for the Eyes","Coolheaded","BootSequence"],"picked":"SKIP","floor":14},{"not_picked":["Biased Cognition","Echo Form"],"picked":"Electrodynamics","floor":16},{"not_picked":["Ball Lightning","Go for the Eyes"],"picked":"FTL+1","floor":18},{"not_picked":["Recycle","Steam+1"],"picked":"Defragment","floor":19},{"not_picked":["Beam Cell","Stack","Sweeping Beam"],"picked":"SKIP","floor":20},{"not_picked":["Gash+1","Go for the Eyes","Reprogram"],"picked":"SKIP","floor":21},{"not_picked":["Rebound+1","Recycle"],"picked":"Fusion+1","floor":22},{"not_picked":["Stack","Redo"],"picked":"Turbo","floor":24},{"not_picked":["Barrage","Hologram"],"picked":"Storm","floor":30},{"not_picked":["Reboot","All For One"],"picked":"Fission","floor":33},{"not_picked":["Stack+1","Skim"],"picked":"Capacitor","floor":35},{"not_picked":["Tempest","Steam"],"picked":"Genetic Algorithm+1","floor":37},{"not_picked":["Rip and Tear","Ball Lightning"],"picked":"Compile Driver+1","floor":38},{"not_picked":["Doom and Gloom+1","Amplify"],"picked":"Force Field+1","floor":40},{"not_picked":["Double Energy","Go for the Eyes"],"picked":"Barrage+1","floor":41},{"not_picked":["Hologram","Ball Lightning+1"],"picked":"Loop+1","floor":42},{"not_picked":["Ball Lightning","Genetic Algorithm","Streamline"],"picked":"SKIP","floor":44},{"not_picked":["Reinforced Body+1","Hologram"],"picked":"Biased Cognition","floor":45},{"not_picked":["Sweeping Beam","Beam Cell"],"picked":"Steam+1","floor":47}],"player_experience":2900421,"relics_obtained":[{"floor":6,"key":"Orichalcum"},{"floor":9,"key":"Happy Flower"},{"floor":10,"key":"Boot"},{"floor":12,"key":"Odd Mushroom"},{"floor":24,"key":"PreservedInsect"},{"floor":26,"key":"Pantograph"},{"floor":30,"key":"Meat on the Bone"},{"floor":37,"key":"Peace Pipe"},{"floor":40,"key":"Lantern"},{"floor":42,"key":"Dream Catcher"},{"floor":43,"key":"Toy Ornithopter"},{"floor":45,"key":"CeramicFish"}],"event_choices":[{"cards_removed":["Defend_B"],"damage_healed":0,"gold_gain":0,"player_choice":"Card Removal","damage_taken":0,"max_hp_gain":0,"max_hp_loss":0,"event_name":"The Cleric","floor":3,"gold_loss":50},{"damage_healed":0,"gold_gain":75,"player_choice":"Gather Gold","damage_taken":11,"max_hp_gain":0,"max_hp_loss":0,"event_name":"World of Goop","floor":8,"gold_loss":0},{"damage_healed":0,"gold_gain":0,"player_choice":"Fought Mushrooms","damage_taken":0,"max_hp_gain":0,"max_hp_loss":0,"event_name":"Mushrooms","floor":12,"gold_loss":0},{"damage_healed":0,"gold_gain":0,"player_choice":"Grow","damage_taken":0,"max_hp_gain":0,"max_hp_loss":0,"event_name":"Living Wall","floor":13,"gold_loss":0,"cards_upgraded":["Multi-Cast"]},{"cards_removed":["Strike_B"],"damage_healed":0,"gold_gain":0,"player_choice":"Elegance","damage_taken":0,"max_hp_gain":0,"max_hp_loss":0,"event_name":"Back to Basics","floor":25,"gold_loss":0},{"cards_removed":["Defend_B"],"damage_healed":0,"gold_gain":0,"player_choice":"Gave Gold","damage_taken":0,"max_hp_gain":0,"max_hp_loss":0,"event_name":"Beggar","floor":28,"gold_loss":75},{"cards_removed":["Strike_B"],"damage_healed":0,"gold_gain":0,"player_choice":"Removed Attack","damage_taken":0,"max_hp_gain":0,"max_hp_loss":0,"event_name":"Falling","floor":36,"gold_loss":0},{"damage_healed":0,"gold_gain":0,"player_choice":"Fight","damage_taken":0,"max_hp_gain":0,"max_hp_loss":0,"event_name":"MindBloom","floor":37,"gold_loss":0},{"damage_healed":0,"gold_gain":0,"player_choice":"Max HP","damage_taken":0,"max_hp_gain":0,"max_hp_loss":4,"event_name":"Winding Halls","floor":39,"gold_loss":0}],"is_beta":false,"boss_relics":[{"not_picked":["Astrolabe","SacredBark"],"picked":"Runic Pyramid"},{"not_picked":["Coffee Dripper","Cursed Key"],"picked":"Nuclear Battery"}],"items_purged_floors":[5,27],"is_endless":false,"potions_floor_spawned":[4,6,14,16,18,19,33,35,40,45],"killed_by":"Awakened One","ascension_level":5}}