{"host":"nia1zwr35jsu5y7h","time":1614431600,"event":{"mods":["2.2 Compatiblity","Abigail Mod","Bard","BaseMod","Colored Map","Conspire","Downfall","Friendly Minions","Hermit","Highlight Path","Hubris","Infinite Spire","Kiyohime????","Koishi","Marisa????????","Minty Spire (QoL Compilation)","Quick Restart","Replay The Spire","Shade Mod","Shop Mod","StSLib","The Animator","The Construct","The Cursed","The Disciple","The Mystic","The Necromancer","The Servant 0.9.4"],"gold_per_floor":[365,365,377,377,45,73,88,88,88,105,105,137,155,172,172,271,271,285,305,339,355,355,355,355],"floor_reached":23,"language":"ENG","playtime":886,"items_purged":["hermit:Strike_Hermit"],"score":319,"play_id":"5c90a9f8-a065-49a4-bd16-ec1af80a70fa","local_time":"20210227051320","is_ascension_mode":true,"campfire_choices":[{"floor":8,"key":"REST"},{"data":"hermit:Vantage","floor":15,"key":"SMITH"}],"circlet_count":0,"master_deck":["hermit:Strike_Hermit","hermit:Defend_Hermit","hermit:Defend_Hermit","hermit:Defend_Hermit","hermit:Defend_Hermit","hermit:Snapshot","hermit:Covet","hermit:CursedWeapon","hermit:EyeOfTheStorm","hermit:Ricochet","hermit:Ricochet","hermit:Deadeye","hermit:FlashPowder","hermit:Ricochet","hermit:Vantage+1","hermit:LoneWolf","hermit:BlackWind","hermit:Adapt","hermit:FlashPowder","hermit:FlashPowder+1","hermit:Deadeye+1","Ghostly","Ghostly","Ghostly","Ghostly","Ghostly"],"relics":["hermit:Momento","TheAbacus","Blood Vial","Omamori","hexamod:Sixitude","Empty Cage","Red Mask"],"acts_visited":["Exordium","TheCity"],"potions_floor_usage":[12,13,20,21],"damage_taken":[{"damage":0,"enemies":"conspire:RoseBush","floor":1,"turns":4},{"damage":3,"enemies":"Cultist","floor":3,"turns":3},{"damage":21,"enemies":"Gremlin Nob","floor":6,"turns":4},{"damage":6,"enemies":"infinitespire:Voidling","floor":7,"turns":4},{"damage":12,"enemies":"Lots of Slimes","floor":10,"turns":3},{"damage":12,"enemies":"3 Sentries","floor":12,"turns":5},{"damage":2,"enemies":"Looter","floor":13,"turns":1},{"damage":2,"enemies":"Blue Slaver","floor":14,"turns":2},{"damage":8,"enemies":"Fading Forest","floor":16,"turns":11},{"damage":25,"enemies":"2 Thieves","floor":18,"turns":4},{"damage":7,"enemies":"Shell Parasite","floor":19,"turns":4},{"damage":21,"enemies":"Masked Bandits","floor":20,"turns":3},{"damage":13,"enemies":"Shelled Parasite and Fungi","floor":21,"turns":4},{"damage":0,"enemies":"Slavers","floor":23,"turns":1}],"seed_played":"-3506664768747206637","potions_obtained":[{"floor":1,"key":"Fire Potion"},{"floor":6,"key":"Venom Potion"},{"floor":12,"key":"SkillPotion"},{"floor":16,"key":"PowerPotion"},{"floor":19,"key":"Fire Potion"}],"is_trial":false,"path_per_floor":["M","?","M","?","$","E","M","R","T","M","?","E","M","M","R","B",null,"M","M","?","M","?","E"],"character_chosen":"HERMIT","items_purchased":["hermit:Ricochet","TheAbacus","hermit:Deadeye"],"campfire_rested":1,"item_purchase_floors":[5,5,5],"current_hp_per_floor":[50,50,47,47,47,26,27,49,49,39,32,22,22,22,22,24,62,39,34,15,4,4,6,6],"gold":355,"neow_bonus":"TWO_FIFTY_GOLD","is_daily":false,"chose_seed":false,"campfire_upgraded":1,"win_rate":0.0,"timestamp":1614431600,"path_taken":["M","?","?","?","$","E","?","R","T","?","?","E","?","M","R","BOSS","M","M","?","M","?","E"],"items_purchased_type":["Card","Relic","Card"],"build_version":"2020-12-22","purchased_purges":1,"victory":false,"max_hp_per_floor":[75,75,75,75,75,75,75,75,75,75,75,75,75,75,75,75,75,75,75,75,75,37,37,37],"card_choices":[{"not_picked":["hermit:Manifest","hermit:Feint"],"picked":"hermit:CursedWeapon","floor":1},{"not_picked":["hermit:SprayPray","hermit:Misfire","hermit:ItchyTrigger"],"picked":"SKIP","floor":3},{"not_picked":["hermit:HoleUp","hermit:Horror"],"picked":"hermit:FlashPowder","floor":6},{"not_picked":["hermit:ItchyTrigger","hermit:Showdown"],"picked":"hermit:Ricochet","floor":7},{"not_picked":["hermit:CalledShot","hermit:Manifest"],"picked":"hermit:Vantage","floor":10},{"not_picked":["hermit:HighCaliber","hermit:HoleUp","hermit:CalledShot"],"picked":"SKIP","floor":12},{"not_picked":["hermit:Roulette","hermit:WideOpen"],"picked":"hermit:LoneWolf","floor":13},{"not_picked":["hermit:Midnight","hermit:Enervate"],"picked":"hermit:BlackWind","floor":14},{"not_picked":["hermit:OverwhelmingPower","hermit:DeadOrAlive"],"picked":"hermit:Adapt","floor":16},{"not_picked":["hermit:Enervate","hermit:FullyLoaded"],"picked":"hermit:FlashPowder","floor":18},{"not_picked":["hermit:Showdown","hermit:Glare","hermit:Coalescence+1"],"picked":"SKIP","floor":19},{"not_picked":["hermit:Quickdraw","hermit:Brawl"],"picked":"hermit:FlashPowder+1","floor":20},{"not_picked":["hermit:LowProfile","hermit:Misfire"],"picked":"hermit:Deadeye+1","floor":21}],"player_experience":2226881,"relics_obtained":[{"floor":6,"key":"Blood Vial"},{"floor":9,"key":"Omamori"},{"floor":12,"key":"hexamod:Sixitude"},{"floor":20,"key":"Red Mask"}],"event_choices":[{"cards_removed":["hermit:Strike_Hermit"],"damage_healed":0,"gold_gain":0,"player_choice":"Purged","damage_taken":0,"max_hp_gain":0,"max_hp_loss":0,"event_name":"Purifier","floor":2,"gold_loss":0},{"damage_healed":0,"gold_gain":0,"player_choice":"2 cards matched","damage_taken":0,"max_hp_gain":0,"max_hp_loss":0,"event_name":"Match and Keep!","floor":4,"gold_loss":0,"cards_obtained":["hermit:EyeOfTheStorm","hermit:Strike_Hermit"]},{"damage_healed":0,"gold_gain":0,"player_choice":"Damaged","damage_taken":7,"max_hp_gain":0,"max_hp_loss":0,"event_name":"Wheel of Change","floor":11,"gold_loss":0},{"damage_healed":0,"gold_gain":0,"player_choice":"Fought Bandits","damage_taken":0,"max_hp_gain":0,"max_hp_loss":0,"event_name":"Masked Bandits","floor":20,"gold_loss":0},{"damage_healed":0,"gold_gain":0,"player_choice":"Became a Ghost","damage_taken":0,"max_hp_gain":0,"max_hp_loss":38,"event_name":"Ghosts","floor":22,"gold_loss":0,"cards_obtained":["Ghostly","Ghostly","Ghostly","Ghostly","Ghostly"]}],"is_beta":false,"boss_relics":[{"not_picked":["hubris:RunicObelisk","construct:ClawGrip"],"picked":"Empty Cage"}],"items_purged_floors":[5],"is_endless":false,"potions_floor_spawned":[1,6,12,16,19],"killed_by":"Slavers","ascension_level":9}}