{"host":"e14va605tljgvqtz","time":1614451656,"event":{"mods":["BaseMod","Colored Map","Highlight Path","Minty Spire (QoL Compilation)","Relic Stats"],"gold_per_floor":[214,229,88,103,115,115,144,144,144,169,49,74,74,86,86,186,186,197,217,217,234,234,234],"floor_reached":22,"language":"ENG","playtime":1429,"items_purged":["Strike_G"],"score":309,"play_id":"a3043633-22df-4318-a4d3-252d153b2a57","local_time":"20210227104736","is_ascension_mode":true,"campfire_choices":[{"data":"Noxious Fumes","floor":6,"key":"SMITH"},{"floor":8,"key":"REST"},{"data":"Neutralize","floor":15,"key":"SMITH"}],"circlet_count":0,"master_deck":["AscendersBane","Strike_G","Strike_G","Strike_G","Defend_G","Defend_G+1","Defend_G","Defend_G+1","Defend_G","Survivor","Neutralize+1","Sucker Punch","Poisoned Stab","Quick Slash","Noxious Fumes+1","Deadly Poison","Dagger Throw+1","Bane+1","Tactician","Backflip","Night Terror","Calculated Gamble+1","Well Laid Plans","Decay","PiercingWail"],"relics":["Ring of the Snake","War Paint","Molten Egg 2","Question Card","Centennial Puzzle","Fusion Hammer"],"acts_visited":["Exordium","TheCity"],"potions_floor_usage":[7,10,16],"damage_taken":[{"damage":0,"enemies":"Jaw Worm","floor":1,"turns":6},{"damage":3,"enemies":"Cultist","floor":2,"turns":4},{"damage":0,"enemies":"Small Slimes","floor":4,"turns":3},{"damage":14,"enemies":"Red Slaver","floor":5,"turns":4},{"damage":20,"enemies":"Lagavulin","floor":7,"turns":7},{"damage":14,"enemies":"3 Sentries","floor":10,"turns":7},{"damage":10,"enemies":"Lagavulin","floor":12,"turns":6},{"damage":0,"enemies":"Gremlin Gang","floor":14,"turns":4},{"damage":19,"enemies":"Slime Boss","floor":16,"turns":7},{"damage":7,"enemies":"Shell Parasite","floor":18,"turns":6},{"damage":8,"enemies":"Chosen","floor":19,"turns":3},{"damage":26,"enemies":"3 Cultists","floor":21,"turns":6},{"damage":20,"enemies":"Shelled Parasite and Fungi","floor":22,"turns":4}],"seed_played":"382284628777870592","potions_obtained":[{"floor":2,"key":"DuplicationPotion"},{"floor":10,"key":"Fire Potion"},{"floor":18,"key":"LiquidBronze"}],"is_trial":false,"path_per_floor":["M","M","$","M","M","R","E","R","T","E","$","E","?","M","R","B",null,"M","M","?","M","M"],"character_chosen":"THE_SILENT","items_purchased":["Quick Slash","Noxious Fumes","Fire Potion","Bane+1"],"campfire_rested":1,"item_purchase_floors":[3,3,3,11],"current_hp_per_floor":[63,60,60,60,46,46,26,47,47,33,33,23,23,23,23,4,54,47,39,39,13,0,0],"gold":234,"neow_bonus":"HUNDRED_GOLD","is_daily":false,"chose_seed":false,"campfire_upgraded":2,"win_rate":0.0,"timestamp":1614451656,"path_taken":["M","M","$","M","M","R","E","R","T","E","$","E","?","M","R","BOSS","M","?","?","?","?"],"items_purchased_type":["Card","Card","Potion","Card"],"build_version":"2020-12-22","purchased_purges":1,"victory":false,"max_hp_per_floor":[70,70,70,70,70,70,70,70,70,70,70,70,70,70,70,70,70,70,70,70,70,70,70],"relic_stats":{"Centennial Puzzle":[12],"counters":[13,67],"War Paint":["Defend_G","Defend_G"],"Question Card":6,"obtain_stats":[{"Centennial Puzzle":12,"Molten Egg 2":9,"Fusion Hammer":17,"War Paint":7,"Question Card":10,"Ring of the Snake":0},{"Centennial Puzzle":7,"Molten Egg 2":5,"Fusion Hammer":9,"War Paint":5,"Question Card":6,"Ring of the Snake":0},{"Centennial Puzzle":37,"Molten Egg 2":24,"Fusion Hammer":48,"War Paint":24,"Question Card":31,"Ring of the Snake":0}],"Ring of the Snake":[26]},"card_choices":[{"not_picked":["PiercingWail","Underhanded Strike"],"picked":"Sucker Punch","floor":1},{"not_picked":["PiercingWail","Bane"],"picked":"Poisoned Stab","floor":2},{"not_picked":["Concentrate","Poisoned Stab"],"picked":"Deadly Poison","floor":4},{"not_picked":["Accuracy","Crippling Poison","Reflex"],"picked":"SKIP","floor":5},{"not_picked":["Doppelganger","Blur","Cloak And Dagger"],"picked":"SKIP","floor":7},{"not_picked":["Dagger Spray+1","Finisher+1"],"picked":"Dagger Throw+1","floor":10},{"not_picked":["Deadly Poison","Outmaneuver","Dagger Spray+1"],"picked":"Tactician","floor":12},{"not_picked":["Flying Knee+1","Bouncing Flask","Leg Sweep","Prepared"],"picked":"SKIP","floor":14},{"not_picked":["Bullet Time","Phantasmal Killer","Die Die Die+1"],"picked":"Night Terror","floor":16},{"not_picked":["Skewer+1","Tactician+1","Sucker Punch+1"],"picked":"Calculated Gamble+1","floor":18},{"not_picked":["All Out Attack+1","Caltrops","Accuracy"],"picked":"Well Laid Plans","floor":19},{"not_picked":["Bane+1","Outmaneuver","Cloak And Dagger+1"],"picked":"PiercingWail","floor":21}],"player_experience":344345,"relics_obtained":[{"floor":7,"key":"War Paint"},{"floor":9,"key":"Molten Egg 2"},{"floor":10,"key":"Question Card"},{"floor":12,"key":"Centennial Puzzle"}],"event_choices":[{"damage_healed":0,"gold_gain":0,"cards_transformed":["Strike_G"],"player_choice":"Transformed","damage_taken":0,"max_hp_gain":0,"max_hp_loss":0,"event_name":"Transmorgrifier","floor":13,"gold_loss":0,"cards_obtained":["Backflip"]},{"damage_healed":0,"gold_gain":0,"player_choice":"Cursed","damage_taken":0,"max_hp_gain":0,"max_hp_loss":0,"event_name":"Wheel of Change","floor":20,"gold_loss":0,"cards_obtained":["Decay"]}],"is_beta":false,"boss_relics":[{"not_picked":["Sozu","Calling Bell"],"picked":"Fusion Hammer"}],"items_purged_floors":[11],"is_endless":false,"potions_floor_spawned":[2,10,18],"killed_by":"Shelled Parasite and Fungi","ascension_level":10}}