{"host":"dlntb7rt7pkxckqh","time":1614404491,"event":{"mods":["AchievementEnabler","BaseMod","Colored Powertips","Highlight Path","Minty Spire (QoL Compilation)","Spire with Friends"],"gold_per_floor":[112,125,135,135,135,166,181,211,211,211,211,245,245,256,256,256,361,922,956,956,956,1026,1026,1160,1160,672,699,274,34,66,94,242,254,266,380,392,434,446,496,539,551,634,646,710,722,334,370,363,399,170,170,199,94,94,119,69,27,27,39],"floor_reached":60,"language":"ZHS","playtime":4128,"items_purged":["Defend_P","Strike_P","Defend_P","Strike_P"],"score":2141,"play_id":"9184790f-b5d3-4b07-ac9e-2dcedf8acbca","local_time":"20210227134131","is_ascension_mode":true,"campfire_choices":[{"data":"TalkToTheHand","floor":13,"key":"SMITH"},{"data":"EmptyMind","floor":16,"key":"SMITH"},{"floor":25,"key":"REST"},{"data":"Prostrate","floor":29,"key":"SMITH"},{"data":"Prostrate","floor":34,"key":"SMITH"},{"floor":43,"key":"RECALL"},{"data":"DevaForm","floor":52,"key":"SMITH"},{"data":"InnerPeace","floor":55,"key":"SMITH"}],"circlet_count":0,"master_deck":["AscendersBane","Strike_P","Strike_P+1","Defend_P","Defend_P","Eruption+1","Vigilance","TalkToTheHand+1","Halt","EmptyFist+1","CarveReality+1","CrushJoints+1","Wallop+1","EmptyMind+1","Brilliance+1","Ghostly","Ghostly","Ghostly","Ghostly","InnerPeace+1","Prostrate+1","Prostrate+1","Pray+1","WheelKick+1","Vengeance+1","DevaForm+1","TalkToTheHand+1","Blur","Calculated Gamble","Backflip+1"],"relics":["PureWater","StrikeDummy","Molten Egg 2","HornCleat","Runic Pyramid","Enchiridion","Letter Opener","TeardropLocket","Nunchaku","Smiling Mask","Membership Card","Pen Nib","MawBank","Whetstone","Sozu","Juzu Bracelet","Bag of Preparation","Yang","Art of War","Happy Flower","Lantern","Centennial Puzzle","Strawberry","MawBank"],"acts_visited":["Exordium","TheCity","TheBeyond","TheEnding"],"potions_floor_usage":[6,6,7,8,17,19,32,42,53],"damage_taken":[{"damage":6,"enemies":"Small Slimes","floor":1,"turns":5},{"damage":12,"enemies":"Jaw Worm","floor":2,"turns":4},{"damage":0,"enemies":"Cultist","floor":3,"turns":2},{"damage":2,"enemies":"3 Sentries","floor":6,"turns":4},{"damage":0,"enemies":"2 Fungi Beasts","floor":7,"turns":3},{"damage":26,"enemies":"Gremlin Nob","floor":8,"turns":3},{"damage":12,"enemies":"3 Sentries","floor":12,"turns":7},{"damage":6,"enemies":"Red Slaver","floor":14,"turns":3},{"damage":10,"enemies":"The Guardian","floor":17,"turns":8},{"damage":0,"enemies":"Spheric Guardian","floor":19,"turns":3},{"damage":1,"enemies":"Gremlin Leader","floor":24,"turns":6},{"damage":0,"enemies":"Slavers","floor":30,"turns":6},{"damage":0,"enemies":"2 Thieves","floor":31,"turns":3},{"damage":0,"enemies":"Book of Stabbing","floor":32,"turns":4},{"damage":0,"enemies":"Champ","floor":35,"turns":7},{"damage":0,"enemies":"3 Darklings","floor":37,"turns":2},{"damage":0,"enemies":"3 Shapes","floor":39,"turns":3},{"damage":0,"enemies":"Spire Growth","floor":40,"turns":5},{"damage":0,"enemies":"Reptomancer","floor":42,"turns":3},{"damage":0,"enemies":"Giant Head","floor":44,"turns":4},{"damage":0,"enemies":"Nemesis","floor":46,"turns":3},{"damage":0,"enemies":"Maw","floor":49,"turns":5},{"damage":1,"enemies":"Awakened One","floor":53,"turns":7},{"damage":0,"enemies":"Shield and Spear","floor":57,"turns":4},{"damage":5,"enemies":"The Heart","floor":59,"turns":7}],"seed_played":"2068671169698198431","potions_obtained":[{"floor":0,"key":"CultistPotion"},{"floor":0,"key":"CultistPotion"},{"floor":0,"key":"SneckoOil"},{"floor":6,"key":"Ancient Potion"},{"floor":7,"key":"Swift Potion"},{"floor":8,"key":"Regen Potion"},{"floor":11,"key":"GamblersBrew"},{"floor":19,"key":"SneckoOil"},{"floor":31,"key":"Fruit Juice"},{"floor":32,"key":"GamblersBrew"}],"is_trial":false,"path_per_floor":["M","M","M","?","?","E","M","E","T","?","C","E","R","M","C","R","B",null,"M","?","C","?","?","E","R","$","T","$","R","E","M","E","C","R","B",null,"M","?","M","M","?","E","R","E","T","E","T","C","M","$","C","R","B",null,"R","$","E","C","B",null],"character_chosen":"WATCHER","items_purchased":["Prostrate","TeardropLocket","Nunchaku","Membership Card","Pen Nib","TalkToTheHand+1","Lantern","Centennial Puzzle"],"campfire_rested":1,"item_purchase_floors":[26,26,26,28,28,50,50,50],"current_hp_per_floor":[59,47,47,33,26,24,24,36,36,36,36,24,24,18,18,18,23,33,33,18,18,18,2,1,6,6,6,6,6,6,6,11,11,11,11,20,20,20,20,20,20,20,20,20,20,20,20,20,20,20,20,20,19,22,22,22,29,29,24],"gold":51,"neow_bonus":"","is_daily":false,"chose_seed":true,"campfire_upgraded":6,"win_rate":0.0,"timestamp":1614404491,"path_taken":["M","M","M","?","?","E","?","E","T","?","C","E","R","?","C","R","BOSS","M","?","C","?","?","E","R","$","T","$","R","E","M","E","C","R","BOSS","M","?","?","M","?","E","R","E","T","E","?","C","M","$","C","R","BOSS","R","$","E","C","BOSS"],"items_purchased_type":["Card","Relic","Relic","Relic","Relic","Card","Relic","Relic"],"build_version":"2020-12-22","purchased_purges":4,"victory":true,"max_hp_per_floor":[72,72,72,72,72,72,72,36,36,36,36,36,36,36,36,36,36,36,36,18,18,18,18,18,18,18,18,18,18,18,18,23,23,23,23,23,23,23,23,23,23,23,23,23,23,23,23,23,23,23,23,23,23,23,23,23,30,30,30],"card_choices":[{"not_picked":["Halt","EmptyFist"],"picked":"TalkToTheHand","floor":1},{"not_picked":["ClearTheMind","Nirvana"],"picked":"Halt","floor":2},{"not_picked":["InnerPeace","WindmillStrike"],"picked":"EmptyFist","floor":3},{"not_picked":["SashWhip","DevaForm","Crescendo"],"picked":"SKIP","floor":6},{"not_picked":["Pray","Vengeance"],"picked":"CarveReality","floor":7},{"not_picked":["Ragnarok+1","Consecrate+1"],"picked":"CrushJoints+1","floor":8},{"not_picked":["ClearTheMind","Indignation"],"picked":"Wallop+1","floor":12},{"not_picked":["Protect","Halt"],"picked":"EmptyMind","floor":14},{"not_picked":["MasterReality","Wish"],"picked":"Brilliance+1","floor":17},{"not_picked":["Worship","FlyingSleeves+1","Protect"],"picked":"SKIP","floor":19},{"not_picked":["FlyingSleeves+1","FollowUp+1"],"picked":"InnerPeace","floor":24},{"not_picked":["FlyingSleeves+1","Wireheading+1","ThirdEye"],"picked":"SKIP","floor":30},{"not_picked":["EmptyFist+1","Devotion"],"picked":"Prostrate","floor":31},{"not_picked":["Conclude+1","EmptyBody"],"picked":"Pray+1","floor":32},{"not_picked":["EmptyFist+1","Protect"],"picked":"WheelKick+1","floor":37},{"not_picked":["WheelKick+1","EmptyBody","JustLucky+1"],"picked":"SKIP","floor":39},{"not_picked":["Protect","Collect+1","Weave+1"],"picked":"SKIP","floor":40},{"not_picked":["Ragnarok+1","SashWhip+1"],"picked":"DeusExMachina","floor":42},{"not_picked":["Ragnarok+1","CrushJoints+1"],"picked":"Vengeance+1","floor":44},{"not_picked":["Wireheading","PathToVictory","Evaluate"],"picked":"SKIP","floor":46},{"not_picked":["EmptyFist+1","WreathOfFlame"],"picked":"DevaForm","floor":49},{"not_picked":["EmptyBody+1","MasterReality","WreathOfFlame"],"picked":"SKIP","floor":57},{"not_picked":[],"picked":"Blur","floor":58},{"not_picked":[],"picked":"Calculated Gamble","floor":58},{"not_picked":[],"picked":"Backflip+1","floor":58}],"player_experience":212910,"relics_obtained":[{"floor":6,"key":"StrikeDummy"},{"floor":8,"key":"Molten Egg 2"},{"floor":12,"key":"HornCleat"},{"floor":23,"key":"Enchiridion"},{"floor":24,"key":"Letter Opener"},{"floor":27,"key":"Smiling Mask"},{"floor":30,"key":"MawBank"},{"floor":32,"key":"Whetstone"},{"floor":42,"key":"Juzu Bracelet"},{"floor":44,"key":"Bag of Preparation"},{"floor":45,"key":"Yang"},{"floor":46,"key":"Art of War"},{"floor":47,"key":"Happy Flower"},{"floor":57,"key":"Strawberry"},{"floor":58,"key":"MawBank"}],"event_choices":[{"damage_healed":0,"gold_gain":0,"player_choice":"Entered Light","damage_taken":14,"max_hp_gain":0,"max_hp_loss":0,"event_name":"Shining Light","floor":4,"gold_loss":0,"cards_upgraded":["EmptyFist","Eruption"]},{"damage_healed":0,"gold_gain":0,"player_choice":"Damaged","damage_taken":7,"max_hp_gain":0,"max_hp_loss":0,"event_name":"Wheel of Change","floor":5,"gold_loss":0},{"damage_healed":0,"gold_gain":0,"player_choice":"0 cards matched","damage_taken":0,"max_hp_gain":0,"max_hp_loss":0,"event_name":"Match and Keep!","floor":10,"gold_loss":0,"cards_obtained":[]},{"damage_healed":0,"gold_gain":0,"player_choice":"Became a Ghost","damage_taken":0,"max_hp_gain":0,"max_hp_loss":18,"event_name":"Ghosts","floor":20,"gold_loss":0,"cards_obtained":["Ghostly","Ghostly","Ghostly","Ghostly","Ghostly"]},{"damage_healed":0,"gold_gain":0,"player_choice":"Ignored","damage_taken":0,"max_hp_gain":0,"max_hp_loss":0,"event_name":"The Mausoleum","floor":22,"gold_loss":0},{"damage_healed":0,"gold_gain":0,"player_choice":"Obtained Book","damage_taken":16,"max_hp_gain":0,"max_hp_loss":0,"event_name":"Cursed Tome","floor":23,"gold_loss":0},{"damage_healed":0,"gold_gain":0,"player_choice":"Bought 0 Potions","damage_taken":0,"max_hp_gain":0,"max_hp_loss":0,"event_name":"The Woman in Blue","floor":38,"gold_loss":0},{"cards_removed":["Ghostly"],"damage_healed":0,"gold_gain":0,"player_choice":"Removed Skill","damage_taken":0,"max_hp_gain":0,"max_hp_loss":0,"event_name":"Falling","floor":41,"gold_loss":0}],"is_beta":false,"boss_relics":[{"not_picked":["Ectoplasm","SlaversCollar"],"picked":"Runic Pyramid"},{"not_picked":["Calling Bell","Snecko Eye"],"picked":"Sozu"}],"items_purged_floors":[26,28,50,56],"is_endless":false,"potions_floor_spawned":[1,6,7,8,19,31,32,35,37,39,44,49,57],"ascension_level":10}}