{"host":"jsd6g3c2vo13e69c","time":1614423442,"event":{"mods":["2.2 Compatiblity","Act Like it!","BaseMod","Better Altar","Better Match","Better Note","Better Sensory Stone","Better Third Choice","BetterRewards","Colored Map","Colored Powertips","Downfall","Friendly Minions","GifTheSpireLib","Googly Eyes","Gremlin Mod","Hermit","Hubris","Infinite Spire","Melee Mod","Minty Spire (QoL Compilation)","Permanent Neow","Quick Restart","Random Character Button","Replay The Spire","Shop Mod","Spire Arcade","StSLib","The Cursed","The Disciple","The Forsaken","thorton"],"gold_per_floor":[0,10,28,28,28,47,47,47,47,66,92,92,92,92,110,209,209,109,122,133,133,148,161,187,207,219,319,319,83,83,115,129,228,228,128,144,144,154,171,186,186,186,186,207,207,321,321,376,404,404],"floor_reached":51,"language":"ENG","playtime":2294,"items_purged":["hexamod:Strike","hexamod:Defend","hexamod:Defend"],"score":1313,"play_id":"2b184159-80f7-4dda-9b99-728be83dd3f0","local_time":"20210227055722","is_ascension_mode":false,"campfire_choices":[{"data":"infinitespire:Punishment","floor":8,"key":"SMITH"},{"data":"Sadistic Nature","floor":13,"key":"SMITH"},{"data":"Sadistic Nature","floor":18,"key":"SMITH"},{"data":"infinitespire:Punishment","floor":28,"key":"SMITH"},{"data":"hexamod:CatchUp","floor":30,"key":"SMITH"},{"data":"hexamod:ForkedFlame","floor":35,"key":"SMITH"},{"floor":42,"key":"RECALL"}],"circlet_count":0,"master_deck":["hexamod:Strike","hexamod:Strike","hexamod:Strike","hexamod:Defend","hexamod:Defend","hexamod:Sear","hexamod:Float","Sadistic Nature+1","Sadistic Nature+1","hexamod:Sear","Writhe","hexamod:FourthSeal","hexamod:ThirdSeal","hexamod:FirstSeal","infinitespire:Punishment+1","hexamod:CatchUp+1","hexamod:PhantomFireball","hexamod:SkipABeat","hexamod:ChargedBarrage","hexamod:StepThrough","hexamod:SuperheatedStrike+1","hexamod:FastForward","hexamod:WildfireWeapon","hexamod:FlamesFromBeyond","hexamod:PowerFromBeyond+1","hexamod:Hexaguard+1","infinitespire:Punishment+1","hexamod:SkipABeat","hexamod:GhostflameBarrier","hexamod:FlamesFromBeyond+1","hexamod:PhantomFireball+1","hexamod:SpectralSpark","hexamod:Hexaguard+1","hexamod:FlamesFromBeyond","hexamod:StepThrough","hexamod:BurningTouch","hexamod:CatchUp+1","hexamod:ForkedFlame+1","hexamod:Rewind+1","hubris:InfiniteBlow+9","hexamod:SecondSeal","hexamod:FlamesFromBeyond","hexamod:Hexaguard+1","hexamod:Hexaguard","hexamod:FlamesFromBeyond+1"],"relics":["hexamod:SpiritBrand","thethorton:BottledFunds","downfall:HeartBlessingBlue","infinitespire:Beetle Shell","ReplayTheSpireMod:TigerMarble","White Beast Statue","hubris:EmptyBottle","Pen Nib","Ring of Chaos","downfall:HeartBlessingGreen","StrikeDummy","expansioncontent:StudyCardRelic","Replay:Towering Pillar of Hats","hubris:Icosahedron","TungstenRod"],"acts_visited":["Exordium","TheCity","TheBeyond"],"potions_floor_usage":[15,16,20,23,27,27,29,31,31,32,32,33,33,44,44,46,46],"damage_taken":[{"damage":0,"enemies":"Cultist","floor":2,"turns":3},{"damage":0,"enemies":"2 Louse","floor":3,"turns":3},{"damage":13,"enemies":"Jaw Worm","floor":6,"turns":3},{"damage":8,"enemies":"3 Louse","floor":10,"turns":3},{"damage":11,"enemies":"2 Fungi Beasts","floor":11,"turns":4},{"damage":0,"enemies":"Lots of Slimes","floor":15,"turns":1},{"damage":12,"enemies":"WA_ARCHETYPE_RETAIN","floor":16,"turns":3},{"damage":15,"enemies":"downfall:LooterAlt2","floor":19,"turns":2},{"damage":0,"enemies":"Spheric Guardian","floor":20,"turns":3},{"damage":3,"enemies":"Centurion and Healer","floor":22,"turns":3},{"damage":25,"enemies":"Shelled Parasite and Fungi","floor":23,"turns":3},{"damage":1,"enemies":"Cultist and Chosen","floor":25,"turns":3},{"damage":0,"enemies":"3 Cultists","floor":26,"turns":3},{"damage":0,"enemies":"downfall:LadyInBlue","floor":27,"turns":4},{"damage":6,"enemies":"downfall:FleeingMerchant","floor":29,"turns":4},{"damage":5,"enemies":"Book of Stabbing","floor":31,"turns":3},{"damage":1,"enemies":"Sentry and Sphere","floor":32,"turns":4},{"damage":27,"enemies":"IC_MUSHROOM_ARCHETYPE","floor":33,"turns":5},{"damage":12,"enemies":"3 Darklings","floor":36,"turns":4},{"damage":0,"enemies":"3 Shapes","floor":38,"turns":1},{"damage":8,"enemies":"Jaw Worm Horde","floor":39,"turns":3},{"damage":0,"enemies":"Spire Growth","floor":40,"turns":3},{"damage":0,"enemies":"Transient","floor":44,"turns":5},{"damage":0,"enemies":"downfall:FleeingMerchant","floor":46,"turns":1},{"damage":8,"enemies":"2 Orb Walkers","floor":48,"turns":3},{"damage":5,"enemies":"4 Shapes","floor":49,"turns":3},{"damage":2,"enemies":"SI_POISON_ARCHETYPE","floor":50,"turns":5}],"seed_played":"1082655349107387395","potions_obtained":[{"floor":3,"key":"ColorlessPotion"},{"floor":6,"key":"FearPotion"},{"floor":10,"key":"EssenceOfSteel"},{"floor":10,"key":"LiquidBronze"},{"floor":11,"key":"Explosive Potion"},{"floor":15,"key":"Venom Potion"},{"floor":16,"key":"GamblersBrew"},{"floor":20,"key":"Death Potion"},{"floor":23,"key":"LiquidMemories"},{"floor":25,"key":"ColorlessPotion"},{"floor":26,"key":"Explosive Potion"},{"floor":27,"key":"PowerPotion"},{"floor":27,"key":"Strength Potion"},{"floor":29,"key":"CultistPotion"},{"floor":29,"key":"hexamod:SoulburnPotion"},{"floor":31,"key":"PowerPotion"},{"floor":32,"key":"Elixir"},{"floor":33,"key":"Flashbang"},{"floor":33,"key":"Weak Potion"},{"floor":36,"key":"hexamod:EctoCoolerPotion"},{"floor":39,"key":"AttackPotion"},{"floor":44,"key":"Venom Potion"},{"floor":48,"key":"Explosive Potion"},{"floor":49,"key":"Block Potion"}],"is_trial":false,"path_per_floor":["R_BF","M","M","?","?","M","T","R","?","M","M","?","R","?","M","B",null,"R","M","M","AVR","M","M","T","M","M","?","R","$","R","E","M","B",null,"R","M","AVR","M","M","M","T","R","?","M","?","$","?","?","M","B",null],"character_chosen":"THE_SPIRIT","items_purchased":["hubris:EmptyBottle","Fruit Juice"],"campfire_rested":0,"item_purchase_floors":[29,46],"current_hp_per_floor":[70,70,70,63,45,39,39,39,39,38,34,34,34,34,34,22,70,80,65,65,65,62,44,44,43,50,50,50,51,51,46,45,25,80,80,68,68,68,60,60,60,60,60,67,67,77,77,69,64,62],"gold":404,"neow_bonus":"RANDOM_COLORLESS_2","is_daily":false,"chose_seed":false,"campfire_upgraded":6,"win_rate":0.0,"timestamp":1614423442,"path_taken":["R_BF","M","M","?","?","M","T","R","?","M","M","?","R","?","M","BOSS","R","M","M","AVR","M","?","T","M","M","?","R","$","R","E","M","BOSS","R","M","AVR","M","M","M","T","R","?","M","?","$","?","?","M","BOSS"],"items_purchased_type":["Relic","Potion"],"build_version":"2020-12-22","purchased_purges":3,"victory":true,"max_hp_per_floor":[70,70,70,70,70,70,70,70,70,70,70,70,70,70,70,70,70,80,80,80,80,80,80,80,80,80,80,80,80,80,80,80,80,80,80,80,80,80,80,80,80,80,80,80,80,90,90,90,90,90],"card_choices":[{"not_picked":["ReplayUltimateDefense","Crow Ritual"],"picked":"Sadistic Nature","floor":0},{"not_picked":["hexamod:InspiringFlames","hexamod:RecurringNightmare"],"picked":"hexamod:SecondSeal","floor":2},{"not_picked":["hexamod:NightmareGuise","hexamod:HauntingEcho"],"picked":"hexamod:FlamesFromBeyond","floor":3},{"not_picked":["infinitespire:FinalStrike","ReplayTheSpireMod:??????????????????????"],"picked":"infinitespire:Punishment","floor":5},{"not_picked":["hexamod:Firestarter","hexamod:ThermalTransfer"],"picked":"hexamod:CatchUp","floor":6},{"not_picked":["hexamod:ThirdSeal","hexamod:GhostLash"],"picked":"hexamod:PhantomFireball","floor":6},{"not_picked":["hexamod:ThirdSeal","hexamod:HexaLevel"],"picked":"hexamod:SkipABeat","floor":10},{"not_picked":["hexamod:GhostShield","hexamod:SwordOfDarkness","hexamod:FirstSeal"],"picked":"SKIP","floor":10},{"not_picked":["hexamod:FastForward","hexamod:AdvancingGuard"],"picked":"hexamod:ChargedBarrage","floor":11},{"not_picked":["hexamod:AdvancingGuard","hexamod:NightmareGuise"],"picked":"hexamod:StepThrough","floor":11},{"not_picked":["hexamod:NecessarySacrifice","hexamod:Again"],"picked":"hexamod:FastForward","floor":15},{"not_picked":["hexamod:GhostOfSpirePresent","hexamod:TurnItUp"],"picked":"hexamod:WildfireWeapon","floor":16},{"not_picked":["hexamod:SwordOfDarkness","hexamod:ThirdSeal"],"picked":"hexamod:FlamesFromBeyond","floor":19},{"not_picked":["hexamod:ThermalTransfer+1","hexamod:BurningTouch"],"picked":"hexamod:PowerFromBeyond+1","floor":20},{"not_picked":["hexamod:ThermalTransfer","hexamod:RecurringNightmare"],"picked":"hexamod:Hexaguard+1","floor":20},{"not_picked":["hexamod:AdvancingGuard+1","hexamod:GhostLash"],"picked":"hexamod:SkipABeat","floor":22},{"not_picked":["hexamod:NightmareStrike","hexamod:UnlimitedPower","hexamod:SwordOfDarkness"],"picked":"SKIP","floor":22},{"not_picked":["hexamod:GhostShield","hexamod:NightmareStrike"],"picked":"hexamod:GhostflameBarrier","floor":23},{"not_picked":["hexamod:FirstSeal","hexamod:RetreatToShadows"],"picked":"hexamod:FlamesFromBeyond+1","floor":23},{"not_picked":["hexamod:HauntingEcho","hexamod:SpectralAdrenaline"],"picked":"hexamod:PhantomFireball+1","floor":25},{"not_picked":["hexamod:ShieldOfDarkness","hexamod:NightmareStrike"],"picked":"hexamod:SpectralSpark","floor":25},{"not_picked":["hexamod:SpectralSpark","hexamod:HeatMetal"],"picked":"hexamod:Hexaguard+1","floor":26},{"not_picked":["hexamod:FourthSeal","hexamod:ThermalTransfer"],"picked":"hexamod:FlamesFromBeyond","floor":27},{"not_picked":["hexamod:NightmareGuise+1","hexamod:ThermalTransfer+1"],"picked":"hexamod:StepThrough","floor":29},{"not_picked":["hexamod:ParanormalForm","hexamod:NecessarySacrifice","hexamod:NightmareStrike"],"picked":"SKIP","floor":29},{"not_picked":["hexamod:NightmareStrike","hexamod:GhostLash"],"picked":"hexamod:BurningTouch","floor":31},{"not_picked":["hexamod:DynamicBlow+1","hexamod:UnleashSpirits","hexamod:GhostShield"],"picked":"SKIP","floor":31},{"not_picked":["hexamod:AdvancingGuard+1","hexamod:BurningTouch"],"picked":"hexamod:CatchUp+1","floor":32},{"not_picked":["hexamod:GhostflameBarrier","hexamod:SpectersWail","hexamod:NightmareStrike"],"picked":"SKIP","floor":32},{"not_picked":["hexamod:WildfireWeapon","hexamod:TurnItUp"],"picked":"hexamod:ForkedFlame","floor":33},{"not_picked":["hexamod:FourthSeal","hexamod:SoulSteal"],"picked":"hexamod:Rewind+1","floor":36},{"not_picked":["hexamod:ThirdSeal","hexamod:FirstSeal","hexamod:HauntingEcho"],"picked":"SKIP","floor":36},{"not_picked":["hexamod:EtherealExpedition","hexamod:AdvancingGuard","hexamod:NightmareStrike+1"],"picked":"SKIP","floor":38},{"not_picked":["hexamod:AdvancingGuard","hexamod:BurningTouch+1"],"picked":"hexamod:SecondSeal","floor":39},{"not_picked":["hexamod:NightmareStrike","hexamod:SuperheatedStrike+1"],"picked":"hexamod:FlamesFromBeyond","floor":40},{"not_picked":["hexamod:RadiantFlame","hexamod:EmpoweredFlame+1"],"picked":"hexamod:Hexaguard+1","floor":44},{"not_picked":["hexamod:Toasty","hexamod:EmpoweredFlame","hexamod:InspiringFlames"],"picked":"SKIP","floor":44},{"not_picked":["hexamod:Firestarter","hexamod:FirstSeal"],"picked":"hexamod:Hexaguard","floor":46},{"not_picked":["hexamod:HeatMetal","hexamod:GhostOfSpireFuture"],"picked":"hexamod:FlamesFromBeyond+1","floor":49}],"player_experience":522560,"relics_obtained":[{"floor":24,"key":"ReplayTheSpireMod:TigerMarble"},{"floor":27,"key":"White Beast Statue"},{"floor":31,"key":"Pen Nib"},{"floor":41,"key":"Replay:Towering Pillar of Hats"},{"floor":48,"key":"TungstenRod"}],"event_choices":[{"damage_healed":0,"gold_gain":0,"player_choice":"Leave","damage_taken":0,"max_hp_gain":0,"max_hp_loss":0,"event_name":"FaceTrader","floor":14,"gold_loss":0},{"damage_healed":0,"gold_gain":0,"player_choice":"Fight","damage_taken":0,"max_hp_gain":0,"max_hp_loss":0,"event_name":"Mysterious Sphere","floor":48,"gold_loss":0}],"is_beta":false,"boss_relics":[{"not_picked":["hubris:BlackHole","bronze:MakeshiftBattery"],"picked":"thethorton:BottledFunds"},{"not_picked":["Snecko Eye","Replay:Drink Me"],"picked":"Ring of Chaos"}],"items_purged_floors":[21,29,46],"is_endless":false,"potions_floor_spawned":[3,10,11,20,22,25,26,29,31,32,33,36,38,39,40,44,46,48,49],"ascension_level":0}}