{"host":"9gg1ys97p1yibvzs","time":1614415585,"event":{"mods":["AchievementEnabler","Act Like it!","BaseMod","Colored Powertips","Downfall","Duelist Mod","Gensokyo","GifTheSpireLib","Infinite Spire","Koishi","Marisa????????","Minty Spire (QoL Compilation)","Remilia??????","Replay The Spire","StSLib","The Cursed","The Jungle","The Necromancer","The Servant 0.9.4"],"gold_per_floor":[109,120,173,184,38,38,51,51,51,62,11,28,51,51,51,84,84,183,183,400,650,661,681,691,691,691,691,691,711,56,79,79,98,98,202,202,418,436,448,448,472,497,497,407,407,438,454,465,465,481,481,481],"floor_reached":53,"language":"ENG","playtime":6483,"items_purged":["Strike_RM"],"score":825,"play_id":"c2d493e3-ebeb-453c-8af7-428438b22a73","local_time":"20210227094625","is_ascension_mode":false,"campfire_choices":[{"data":"BombardNight","floor":6,"key":"SMITH"},{"floor":17,"key":"REST"},{"floor":25,"key":"REST"},{"floor":34,"key":"REST"}],"circlet_count":0,"master_deck":["Defend_RM","Defend_RM","RedMoon","ScarletShoot+1","CurseOfVladTepes","BombardNight","BloodAndWine","BombardNight+1","DemonKingCradle+1","Stigmanizer","VampireKiss","TwelveNightmare+1","Stigmanizer","BatForm","HeartBreak","BloodAndWine+1","DiffusionOfMisfortune","MiserableFate+1","MastersStateliness+1","RedRainbow+1","LeisurelyOfLord+1","Mayhem","Chrysalis","Panache","BloodHunter","ForecastOfChange","MillenniumVampire+1","GlobalNightmare+1","EndlessAdversity+1","FitfulNightmare+1","DevilSight","Gensokyo:CustomPotion","DiffusionOfMisfortune+1","AfternoonTea+1","Gensokyo:DreamlikeParadise+1","ScarletNetherworld"],"relics":["ScarletHat","Ancient Tea Set","Gensokyo:CelestialsFlawlessClothing","Letter Opener","Potion Belt","Replay:Multitool","Sozu","Bag of Marbles","Astrolabe","PreservedInsect","ReplayTheSpireMod:ShopPack","Sling","Replay:Lucky Slots","Centennial Puzzle","APieceOfRedMist","Replay:Towering Pillar of Hats","Omamori","Replay:Rubber Ducky","Juzu Bracelet","Quantum Egg","Gensokyo:EmptyGrave"],"acts_visited":["Gensokyo:Gensokyo","Gensokyo:Gensokyoer","Gensokyo:Gensokyoest"],"potions_floor_usage":[18,18,18,18,24],"damage_taken":[{"damage":4,"enemies":"Gensokyo:2_Kodama","floor":1,"turns":6},{"damage":0,"enemies":"Gensokyo:Gryphon","floor":2,"turns":6},{"damage":3,"enemies":"Gensokyo:3_Fairies","floor":4,"turns":4},{"damage":11,"enemies":"Gensokyo:Python_and_Kodama","floor":7,"turns":5},{"damage":0,"enemies":"Gensokyo:3_Kodama","floor":10,"turns":2},{"damage":0,"enemies":"Gensokyo:VengefulSpirit","floor":12,"turns":3},{"damage":3,"enemies":"Gensokyo:Mamizou","floor":16,"turns":6},{"damage":43,"enemies":"Gensokyo:Reimu","floor":18,"turns":8},{"damage":8,"enemies":"Gensokyo:Chomper","floor":20,"turns":3},{"damage":0,"enemies":"Gensokyo:CosmicMonolith","floor":22,"turns":2},{"damage":46,"enemies":"Gensokyo:Chomper_and_Gloop","floor":23,"turns":7},{"damage":24,"enemies":"Gensokyo:Swordslinger","floor":24,"turns":4},{"damage":7,"enemies":"Gensokyo:3_Gloops","floor":29,"turns":5},{"damage":10,"enemies":"Gensokyo:Wraith","floor":31,"turns":4},{"damage":16,"enemies":"Gensokyo:Swordslinger","floor":33,"turns":4},{"damage":95,"enemies":"Gensokyo:Eternal_Rivals","floor":35,"turns":11},{"damage":20,"enemies":"Gensokyo:3_Boulders","floor":37,"turns":4},{"damage":3,"enemies":"Gensokyo:3_Bats","floor":38,"turns":3},{"damage":3,"enemies":"Gensokyo:3_Boulders","floor":39,"turns":3},{"damage":2,"enemies":"Gensokyo:Rafflesia","floor":41,"turns":6},{"damage":22,"enemies":"Gensokyo:Kasen","floor":42,"turns":6},{"damage":14,"enemies":"Gensokyo:Marisa","floor":46,"turns":4},{"damage":11,"enemies":"Gensokyo:AtlasGolem","floor":47,"turns":4},{"damage":15,"enemies":"Gensokyo:Dusk_and_Dawn","floor":48,"turns":5},{"damage":17,"enemies":"Gensokyo:Dusk_and_Dawn","floor":49,"turns":8},{"damage":0,"enemies":"Gensokyo:SeedOfUnknown","floor":50,"turns":5},{"damage":36,"enemies":"Gensokyo:Yuyuko","floor":52,"turns":6}],"seed_played":"-6977110640515038092","potions_obtained":[{"floor":3,"key":"infinitespire:BlackPotion"},{"floor":3,"key":"Reflective Coating"},{"floor":4,"key":"EssenceOfSteel"},{"floor":10,"key":"Fire Potion"},{"floor":16,"key":"ColorlessPotion"},{"floor":18,"key":"Weak Potion"}],"is_trial":false,"path_per_floor":["M","M","?","M","COS","R","M","?","T","M","$","M","T","PTL","PTL","E","R","B",null,"M","?","M","M","M","R","AVR","?","T","M","COS","M","?","M","R","B",null,"M","M","M","?","M","E","?","?","T","E","M","M","?","M","R","B",null],"character_chosen":"REMILIA","items_purchased":["TwelveNightmare+1"],"campfire_rested":3,"item_purchase_floors":[11],"current_hp_per_floor":[71,71,41,41,41,41,30,12,12,12,12,15,15,15,15,17,39,9,75,73,73,75,34,18,40,40,40,40,37,37,33,33,20,42,75,75,58,57,54,54,69,60,60,60,60,60,63,53,53,62,62,62],"gold":481,"neow_bonus":"ONE_RANDOM_RARE_CARD","is_daily":false,"chose_seed":false,"campfire_upgraded":1,"win_rate":0.0,"timestamp":1614415585,"path_taken":["M","M","?","M","COS","R","M","?","T","?","?","?","?","PTL","PTL","E","R","BOSS","M","?","M","M","?","R","AVR","?","T","M","COS","?","?","M","R","BOSS","M","M","M","?","?","E","?","?","T","E","M","M","?","M","R","BOSS"],"items_purchased_type":["Card"],"build_version":"2020-12-22","purchased_purges":1,"victory":true,"max_hp_per_floor":[75,75,75,75,75,75,75,75,75,75,75,75,75,75,75,75,75,75,75,75,75,75,75,75,75,75,75,75,75,75,75,75,75,75,75,75,75,75,75,75,75,75,75,75,75,75,75,75,75,75,69,69],"card_choices":[{"not_picked":["DiffusionOfMisfortune","ChainGang"],"picked":"BombardNight","floor":1},{"not_picked":["NightLord","BloodHunter","CharismaGuard"],"picked":"SKIP","floor":2},{"not_picked":["UnderTheZenith","VampireFantasy"],"picked":"BloodAndWine","floor":3},{"not_picked":["BloodHunter","VampirishNight"],"picked":"BombardNight","floor":4},{"not_picked":["Septette+1","ScarletGensokyo+1"],"picked":"DemonKingCradle+1","floor":7},{"not_picked":["EndlessAdversity","HunterOfTheNight"],"picked":"Stigmanizer","floor":7},{"not_picked":["DiffusionOfMisfortune","ScarletImprint"],"picked":"VampireKiss","floor":10},{"not_picked":["BlasphemousPunishment","BadLadyScramble","TwelveNightmare"],"picked":"SKIP","floor":12},{"not_picked":["ScarletNetherworld","Maim"],"picked":"Stigmanizer","floor":16},{"not_picked":["TransientEternity","ChaoticDestiny"],"picked":"BatForm","floor":18},{"not_picked":["ScarletMeister","CurseOfVladTepes"],"picked":"HeartBreak","floor":20},{"not_picked":["ForbiddenFruit+1","BlasphemousPunishment","HunterOfTheNight+1"],"picked":"SKIP","floor":20},{"not_picked":["BlasphemousPunishment+1","HunterOfTheNight"],"picked":"BloodAndWine+1","floor":22},{"not_picked":["NightLord","EternalNight","VampireKiss"],"picked":"SKIP","floor":23},{"not_picked":["EndlessAdversity","UnstableMagic"],"picked":"DiffusionOfMisfortune","floor":24},{"not_picked":["BatForm","BlasphemousPunishment"],"picked":"LeisurelyOfLord+1","floor":29},{"not_picked":["theDuelist:OrbMetronome","Panache"],"picked":"Mayhem","floor":30},{"not_picked":["Crow Ritual","PanicButton"],"picked":"Chrysalis","floor":30},{"not_picked":["Enlightenment","The Bomb"],"picked":"Panache","floor":30},{"not_picked":["RedRainbow","EndlessAdversity+1"],"picked":"BloodHunter","floor":31},{"not_picked":["DiffusionOfMisfortune","HunterOfTheNight","EndlessAdversity"],"picked":"SKIP","floor":33},{"not_picked":["BloodySeventeenLaser","QueenOfMidnight"],"picked":"ForecastOfChange","floor":35},{"not_picked":["UnstableMagic","NightLord+1"],"picked":"MillenniumVampire+1","floor":37},{"not_picked":["ScarletNetherworld","MillenniumVampire"],"picked":"GlobalNightmare+1","floor":38},{"not_picked":["BloodAndWine","NightDance"],"picked":"EndlessAdversity+1","floor":39},{"not_picked":["ScarletImprint","CharismaGuard"],"picked":"FitfulNightmare+1","floor":41},{"not_picked":["ChaoticDestiny","NightDance+1"],"picked":"DevilSight","floor":42},{"not_picked":["RedNightlessCastle","BloodyMagicSquare+1"],"picked":"DiffusionOfMisfortune+1","floor":46},{"not_picked":["SuperhumanBloodyKnife","VampireKiss"],"picked":"AfternoonTea+1","floor":47},{"not_picked":["ForbiddenFruit","BlasphemousPunishment","BloodHunter"],"picked":"SKIP","floor":48},{"not_picked":["Gensokyo:MorningStar+1","Gensokyo:UnlikelyAid+1"],"picked":"Gensokyo:DreamlikeParadise+1","floor":49},{"not_picked":["FavorOfDestiny+1","StarOfDavid"],"picked":"ScarletNetherworld","floor":50}],"player_experience":49428,"relics_obtained":[{"floor":3,"key":"Ancient Tea Set"},{"floor":9,"key":"Letter Opener"},{"floor":13,"key":"ReplayTheSpireMod:Lightbulb"},{"floor":16,"key":"Replay:Multitool"},{"floor":28,"key":"PreservedInsect"},{"floor":42,"key":"Replay:Rubber Ducky"},{"floor":45,"key":"Juzu Bracelet"},{"floor":46,"key":"Quantum Egg"}],"event_choices":[],"is_beta":false,"boss_relics":[{"not_picked":["Calling Bell","SlaversCollar"],"picked":"Sozu"},{"not_picked":["ReplayTheSpireMod:SealedPack","Coffee Dripper"],"picked":"APieceOfRedMist"}],"items_purged_floors":[26],"is_endless":false,"potions_floor_spawned":[4,10,16,18,20,22,29,35,39,41,48,50],"ascension_level":0}}