{"host":"ywif2ugnepgiw45s","time":1614440811,"event":{"mods":["Act Like it!","BaseMod","Better Skull","Bossed Relics","Downfall","GifTheSpireLib","Gremlin Mod","Hermit","Lobotomy","Mimic Mod","Minty Spire (QoL Compilation)","Quick Restart","READ ME - Guardian Mod","Replay The Spire","Shade Mod","Shapeshifter Mod","Shop Mod","StSLib","The Cursed","The Exalted","The Hierophant","The Jungle","The Necromancer","The Servant 0.9.4"],"gold_per_floor":[117,133,83,99,99,128,128,78,78,107,107,126,126,159,159,264,264,279,279,299,299,313,340,355,383,416,189,199,231,231,241,241,337,337,347,397,307,323,335,335,368,42,42,55,88,8,18,33,33,33,33,33,45,73,73],"floor_reached":56,"language":"ENG","playtime":3690,"items_purged":["Strike_S"],"score":1721,"play_id":"0e8b69b6-475a-4b0b-aa44-117714177fa1","local_time":"20210227104651","is_ascension_mode":true,"campfire_choices":[{"floor":7,"key":"REST"},{"data":"FloweringNight","floor":11,"key":"SMITH"},{"floor":15,"key":"REST"},{"data":"MurderousAura","floor":30,"key":"SMITH"},{"data":"Potential","floor":32,"key":"SMITH"},{"floor":40,"key":"RECALL"},{"data":"RealityMarble","floor":49,"key":"SMITH"},{"data":"TimeWarp","floor":52,"key":"SMITH"}],"circlet_count":0,"master_deck":["Defend_S","Defend_S","Defend_S","Defend_S","KidneyShot+1","Exchange","Misdirection","Comet+1","Misdirection","Potential+1","FloweringNight+1","TimeWarp+1","RealityMarble+1","MurderousAura+1","ShatteredReality+1","Advance","Contraction+1","ShiftingGears+1","Hightail+1","BottledTime+1","FlawlessForm+1","FastForward+1","RealityMarble+1","Sadistic Nature+1","BestPractice+1","PendulumOfEternity","Foresight","BottledTime+1","Crow Ritual"],"relics":["SplendidAttire","Bird Faced Urn","Anchor","Bromod:ArcaneDeflection","ReplayTheSpireMod:TigerMarble","Bromod:ArcaneTrickery","Guardian:PocketSentry","MerchantsRug","Philosopher\u0027s Stone","OldScarf","Bottled Lightning","Guide Book","Toy Ornithopter","Divine Protection","Gremlin Food"],"acts_visited":["Exordium","Exordium","TheBeyond","TheEnding"],"potions_floor_usage":[14,16,22,25,36,39,55,55,55],"damage_taken":[{"damage":0,"enemies":"Cultist","floor":1,"turns":3},{"damage":4,"enemies":"2 Louse","floor":2,"turns":3},{"damage":5,"enemies":"Small Slimes","floor":4,"turns":3},{"damage":37,"enemies":"Gremlin Nob","floor":6,"turns":5},{"damage":6,"enemies":"3 Sentries","floor":10,"turns":11},{"damage":0,"enemies":"Blue Slaver","floor":12,"turns":3},{"damage":7,"enemies":"Gremlin Nob","floor":14,"turns":3},{"damage":5,"enemies":"Fading Forest","floor":16,"turns":11},{"damage":6,"enemies":"theJungle:GiantWrat","floor":18,"turns":4},{"damage":6,"enemies":"theJungle:5_Spyders","floor":20,"turns":5},{"damage":0,"enemies":"theJungle:2_Snecko_Cultists","floor":22,"turns":4},{"damage":0,"enemies":"theJungle:2_Phrogs","floor":23,"turns":4},{"damage":1,"enemies":"theJungle:2_Flameangoes","floor":24,"turns":3},{"damage":16,"enemies":"theJungle:Cassacara","floor":25,"turns":4},{"damage":0,"enemies":"theJungle:Lyon","floor":26,"turns":4},{"damage":0,"enemies":"theJungle:Lyon","floor":28,"turns":3},{"damage":0,"enemies":"theJungle:MamaSnecko","floor":29,"turns":4},{"damage":0,"enemies":"theJungle:JungleHuntersEncounter","floor":31,"turns":4},{"damage":10,"enemies":"theJungle:TotemBoss","floor":33,"turns":7},{"damage":0,"enemies":"3 Shapes","floor":35,"turns":2},{"damage":0,"enemies":"Mind Bloom Boss Battle","floor":36,"turns":5},{"damage":0,"enemies":"3 Darklings","floor":38,"turns":3},{"damage":1,"enemies":"Spire Growth","floor":39,"turns":5},{"damage":0,"enemies":"R_Hoarder","floor":41,"turns":8},{"damage":0,"enemies":"Sphere and 2 Shapes","floor":44,"turns":4},{"damage":8,"enemies":"Nemesis","floor":45,"turns":5},{"damage":0,"enemies":"3 Darklings","floor":47,"turns":3},{"damage":0,"enemies":"Jaw Worm Horde","floor":48,"turns":2},{"damage":0,"enemies":"Time Eater","floor":50,"turns":9},{"damage":8,"enemies":"Shield and Spear","floor":54,"turns":3},{"damage":0,"enemies":"The Heart","floor":55,"turns":7}],"seed_played":"2960714762943629188","potions_obtained":[{"floor":2,"key":"FearPotion"},{"floor":6,"key":"Reflective Coating"},{"floor":12,"key":"hexamod:SoulburnPotion"},{"floor":14,"key":"Energy Potion"},{"floor":20,"key":"Energy Potion"},{"floor":23,"key":"champ:CounterPotion"},{"floor":29,"key":"Adrenaline Potion"},{"floor":31,"key":"Adrenaline Potion"},{"floor":41,"key":"Doom Potion"},{"floor":45,"key":"Weak Potion"},{"floor":54,"key":"LiquidBronze"}],"is_trial":false,"path_per_floor":["M","M","?","M","?","E","R","$","T","E","R","M","?","E","R","B",null,"M","?","M","?","M","E","M","E","MIM","$","M","E","R","M","R","B",null,"M","?","?","M","M","R","E","$","T","M","E","$","M","M","R","B",null,"R","$","E","B",null],"character_chosen":"THE_SERVANT","items_purchased":["Potential","MerchantsRug","Sadistic Nature","Guide Book","Foresight","Crow Ritual"],"campfire_rested":2,"item_purchase_floors":[8,27,42,42,46,53],"current_hp_per_floor":[65,61,61,56,49,12,31,31,31,25,25,27,27,22,41,42,59,59,61,59,59,63,65,64,49,55,55,61,68,68,71,71,68,73,77,80,80,80,79,80,80,83,83,86,84,87,95,95,95,95,95,95,95,87,95],"gold":73,"neow_bonus":"UPGRADE_CARD","is_daily":false,"chose_seed":false,"campfire_upgraded":5,"win_rate":0.0,"timestamp":1614440811,"path_taken":["M","M","?","M","?","E","R","$","T","E","R","M","?","E","R","BOSS","M","?","M","?","M","E","M","E","MIM","$","M","E","R","M","R","BOSS","M","?","?","M","M","R","E","$","T","?","E","?","M","?","R","BOSS","R","$","E","BOSS"],"items_purchased_type":["Card","Relic","Card","Relic","Card","Card"],"build_version":"2020-12-22","purchased_purges":1,"victory":true,"max_hp_per_floor":[65,65,65,65,65,65,65,65,65,65,65,65,65,65,65,65,65,65,65,65,65,65,65,65,65,65,65,65,68,68,71,71,74,74,77,80,80,80,80,80,80,83,83,86,89,92,95,95,95,95,95,95,95,95,95],"card_choices":[{"not_picked":["Alleviate","Rearm","Snipe"],"picked":"SKIP","floor":1},{"not_picked":["MoonPhase","Rearm"],"picked":"Misdirection","floor":2},{"not_picked":["Misdirection","Moondial"],"picked":"Comet","floor":4},{"not_picked":["DoubleEdge","Collapse"],"picked":"Misdirection","floor":6},{"not_picked":["Collapse","DancingSilver"],"picked":"FloweringNight","floor":10},{"not_picked":["ShatteredReality","Spin"],"picked":"TimeWarp","floor":12},{"not_picked":["Rewind","DoubleEdge"],"picked":"RealityMarble","floor":14},{"not_picked":["PendulumOfEternity","KillingDoll"],"picked":"MurderousAura","floor":16},{"not_picked":["Desolation","Sabotage"],"picked":"ShatteredReality+1","floor":18},{"not_picked":["Misdirection","DoubleEdge","ShatteredReality"],"picked":"SKIP","floor":20},{"not_picked":["Defy","Alleviate"],"picked":"Advance","floor":22},{"not_picked":["Replace","TrueSight","FastForward"],"picked":"SKIP","floor":23},{"not_picked":["FastForward","Unruled","Deadline+1"],"picked":"SKIP","floor":24},{"not_picked":["Potential","Gouge","TimeWarp"],"picked":"SKIP","floor":25},{"not_picked":["Defy+1","Alleviate+1"],"picked":"Contraction+1","floor":26},{"not_picked":["Advance","BottledTime+1"],"picked":"ShiftingGears+1","floor":28},{"not_picked":["Unruled","Advance+1"],"picked":"Hightail+1","floor":29},{"not_picked":["FastForward","Revamp"],"picked":"BottledTime+1","floor":31},{"not_picked":["LightFlow","PendulumOfEternity"],"picked":"FlawlessForm","floor":33},{"not_picked":["Potential","Alleviate"],"picked":"FastForward+1","floor":35},{"not_picked":["InstantArmor+1","ShiftingGears"],"picked":"RealityMarble+1","floor":36},{"not_picked":["Rearm","FastForward","Alleviate+1"],"picked":"SKIP","floor":38},{"not_picked":["TimeWarp","FastForward","Spin"],"picked":"SKIP","floor":39},{"not_picked":["Gouge+1","TimeWarp","DoubleEdge+1"],"picked":"SKIP","floor":41},{"not_picked":["Reset","DoubleEdge"],"picked":"BestPractice+1","floor":44},{"not_picked":["DualDimension+1","Rearm"],"picked":"PendulumOfEternity","floor":45},{"not_picked":["TimeTheft","Rearm+1"],"picked":"BottledTime+1","floor":47},{"not_picked":["Sabotage","Collapse","SilverBlades+1"],"picked":"SKIP","floor":48},{"not_picked":["Spin","FanOfKnives+1","Potential+1"],"picked":"SKIP","floor":54}],"player_experience":1846652,"relics_obtained":[{"floor":6,"key":"Anchor"},{"floor":10,"key":"Bromod:ArcaneDeflection"},{"floor":14,"key":"ReplayTheSpireMod:TigerMarble"},{"floor":21,"key":"Dream Catcher"},{"floor":23,"key":"Bromod:ArcaneTrickery"},{"floor":25,"key":"Guardian:PocketSentry"},{"floor":26,"key":"Eternal Feather"},{"floor":29,"key":"Replay:Ringing Soul"},{"floor":36,"key":"OldScarf"},{"floor":41,"key":"Bottled Lightning"},{"floor":43,"key":"Toy Ornithopter"},{"floor":45,"key":"Divine Protection"},{"floor":54,"key":"Gremlin Food"}],"event_choices":[{"cards_removed":["Strike_S"],"damage_healed":0,"gold_gain":0,"player_choice":"Card Removal","damage_taken":0,"max_hp_gain":0,"max_hp_loss":0,"event_name":"The Cleric","floor":3,"gold_loss":50},{"damage_healed":0,"gold_gain":0,"player_choice":"Success","damage_taken":7,"relics_obtained":["Bird Faced Urn"],"max_hp_gain":0,"max_hp_loss":0,"event_name":"Scrap Ooze","floor":5,"gold_loss":0},{"damage_healed":0,"gold_gain":0,"player_choice":"Relic","damage_taken":0,"max_hp_gain":0,"max_hp_loss":0,"event_name":"Wheel of Change","floor":21,"gold_loss":0},{"damage_healed":0,"gold_gain":0,"player_choice":"Fight","damage_taken":0,"max_hp_gain":0,"max_hp_loss":0,"event_name":"MindBloom","floor":36,"gold_loss":0},{"cards_removed":["Strike_S"],"damage_healed":0,"gold_gain":0,"player_choice":"Upgrade and Remove","damage_taken":0,"max_hp_gain":0,"max_hp_loss":0,"event_name":"Designer","floor":37,"gold_loss":90,"cards_upgraded":["Comet"]}],"is_beta":false,"boss_relics":[{"not_picked":["Black Star","Bromod:ArcaneGrace"],"picked":"SplendidAttire"},{"not_picked":["SlaversCollar","Replay:Ancient Bell"],"picked":"Philosopher\u0027s Stone"}],"items_purged_floors":[27],"is_endless":false,"potions_floor_spawned":[2,6,12,14,20,23,29,31,35,41,45,48,54],"ascension_level":5}}