{"host":"9bcvatsnbq1a3xq4","time":1614454967,"event":{"mods":["BaseMod","Bestiary","Block Reminder","Highlight Path","Minty Spire (QoL Compilation)","Relic Stats","ojb\u0027s Info Mod"],"gold_per_floor":[112,128,128,138,11,11,30,30,56,85,85,85,114,126,126,205,205,222,147,147,147,160,191,191,219,246,274,290,303,335,355,355,432,432,451,451,470,470,284,284,301,301,349,349,379,392,407,191,191,191,191,191,191,1,31,31],"floor_reached":57,"language":"ENG","playtime":8545,"items_purged":["Pain","Strike_G","Strike_G","Strike_G"],"score":2715,"play_id":"56a0160c-a72b-4fa0-bb04-e8f9045d5349","local_time":"20210227204247","is_ascension_mode":true,"campfire_choices":[{"data":"All Out Attack","floor":6.0,"key":"SMITH"},{"floor":8.0,"key":"REST"},{"data":"Noxious Fumes","floor":15.0,"key":"SMITH"},{"floor":24.0,"key":"REST"},{"floor":32.0,"key":"REST"},{"data":"After Image","floor":40.0,"key":"SMITH"},{"data":"Footwork","floor":42.0,"key":"SMITH"},{"floor":44.0,"key":"RECALL"},{"data":"Malaise","floor":49.0,"key":"SMITH"},{"data":"Burst","floor":53.0,"key":"SMITH"}],"circlet_count":0,"master_deck":["AscendersBane","Defend_G","Defend_G","Defend_G","Defend_G","Defend_G","Survivor","Neutralize","Choke","Slice","All Out Attack+1","Flying Knee","Backstab","Backstab","Blade Dance","Noxious Fumes+1","After Image+1","Acrobatics","After Image","Footwork+1","Blade Dance","Burst+1","Predator","Backflip","Terror","Infinite Blades","Cloak And Dagger","Tools of the Trade","Backflip","Accuracy","Malaise+1","Footwork","Tactician","Blur+1","Flash of Steel","Well Laid Plans"],"relics":["Ring of the Snake","WarpedTongs","Centennial Puzzle","Bronze Scales","Ninja Scroll","HoveringKite","Mummified Hand","MealTicket","Strawberry","Lizard Tail","Art of War","WristBlade","Bottled Tornado","Snake Skull"],"acts_visited":["Exordium","TheCity","TheBeyond","TheEnding"],"potions_floor_usage":[56],"damage_taken":[{"damage":19.0,"enemies":"Cultist","floor":1.0,"turns":7.0},{"damage":1.0,"enemies":"Small Slimes","floor":2.0,"turns":4.0},{"damage":4.0,"enemies":"2 Louse","floor":4.0,"turns":3.0},{"damage":5.0,"enemies":"Exordium Wildlife","floor":7.0,"turns":4.0},{"damage":22.0,"enemies":"Lagavulin","floor":10.0,"turns":6.0},{"damage":7.0,"enemies":"3 Sentries","floor":13.0,"turns":6.0},{"damage":0.0,"enemies":"Large Slime","floor":14.0,"turns":1.0},{"damage":20.0,"enemies":"Slime Boss","floor":16.0,"turns":4.0},{"damage":0.0,"enemies":"Spheric Guardian","floor":18.0,"turns":3.0},{"damage":0.0,"enemies":"3 Byrds","floor":22.0,"turns":2.0},{"damage":12.0,"enemies":"Slavers","floor":23.0,"turns":6.0},{"damage":10.0,"enemies":"Book of Stabbing","floor":25.0,"turns":4.0},{"damage":8.0,"enemies":"Gremlin Leader","floor":27.0,"turns":6.0},{"damage":1.0,"enemies":"Sentry and Sphere","floor":28.0,"turns":5.0},{"damage":10.0,"enemies":"Snake Plant","floor":29.0,"turns":3.0},{"damage":7.0,"enemies":"Book of Stabbing","floor":30.0,"turns":3.0},{"damage":0.0,"enemies":"Centurion and Healer","floor":31.0,"turns":4.0},{"damage":23.0,"enemies":"Collector","floor":33.0,"turns":12.0},{"damage":16.0,"enemies":"Orb Walker","floor":35.0,"turns":2.0},{"damage":3.0,"enemies":"3 Darklings","floor":37.0,"turns":4.0},{"damage":0.0,"enemies":"4 Shapes","floor":41.0,"turns":4.0},{"damage":7.0,"enemies":"Nemesis","floor":45.0,"turns":5.0},{"damage":0.0,"enemies":"Transient","floor":46.0,"turns":6.0},{"damage":11.0,"enemies":"Spire Growth","floor":47.0,"turns":5.0},{"damage":29.0,"enemies":"Awakened One","floor":50.0,"turns":15.0},{"damage":16.0,"enemies":"Donu and Deca","floor":51.0,"turns":10.0},{"damage":56.0,"enemies":"Shield and Spear","floor":55.0,"turns":8.0},{"damage":79,"enemies":"The Heart","floor":56,"turns":10}],"seed_played":"-9191939366925479472","potions_obtained":[{"floor":2.0,"key":"Energy Potion"},{"floor":10.0,"key":"Fire Potion"},{"floor":14.0,"key":"DistilledChaos"},{"floor":18.0,"key":"SneckoOil"},{"floor":25.0,"key":"SpeedPotion"},{"floor":27.0,"key":"EssenceOfSteel"},{"floor":29.0,"key":"Energy Potion"},{"floor":31.0,"key":"Weak Potion"},{"floor":35.0,"key":"CunningPotion"},{"floor":36.0,"key":"SpeedPotion"},{"floor":41.0,"key":"SkillPotion"},{"floor":55,"key":"EssenceOfSteel"}],"is_trial":false,"path_per_floor":["M","M","?","M","$","R","M","R","T","E","?","?","E","M","R","B",null,"M","?","?","?","M","E","R","E","T","E","M","M","E","M","R","B",null,"M","?","M","?","$","R","M","R","T","R","E","M","M","$","R","B","B",null,"R","$","E","B",null],"character_chosen":"THE_SILENT","items_purchased":["Flying Knee","Footwork","Flash of Steel","Well Laid Plans"],"campfire_rested":3,"item_purchase_floors":[5,39,48,54],"current_hp_per_floor":[46,45,45,41,41,41,36,57,57,35,35,59,52,52,52,32,62,62,62,42,42,42,30,53,43,50,42,41,31,24,24,49,26,70,54,54,51,51,66,66,66,66,66,66,59,59,48,63,63,34,18,68,68,83,27,12],"gold":31,"neow_bonus":"TEN_PERCENT_HP_BONUS","is_daily":false,"chose_seed":false,"campfire_upgraded":6,"win_rate":0.0,"timestamp":1614454967,"path_taken":["M","M","?","M","$","R","?","R","T","E","?","?","E","M","R","BOSS","M","?","?","?","M","E","R","E","T","E","M","M","E","M","R","BOSS","M","?","?","?","$","R","M","R","T","R","E","M","?","?","R","BOSS","BOSS","R","$","E","BOSS"],"items_purchased_type":["Card","Card","Card","Card"],"build_version":"2020-12-22","purchased_purges":4,"victory":true,"max_hp_per_floor":[72,72,72,72,72,72,72,72,72,72,72,72,72,72,72,72,72,72,72,77,77,77,77,77,77,84,84,84,84,84,84,84,84,84,84,84,84,84,84,84,84,84,84,84,84,84,84,84,84,84,84,84,84,84,84,84],"relic_stats":{"Centennial Puzzle":[54],"Lizard Tail":42,"counters":[28,152],"Mummified Hand":[98],"Bronze Scales":[537],"HoveringKite":[74],"MealTicket":45,"Snake Skull":[6],"Art of War":[1],"obtain_stats":[{"HoveringKite":17,"Snake Skull":55,"Bottled Tornado":45,"WarpedTongs":3,"Centennial Puzzle":9,"Lizard Tail":27,"WristBlade":34,"Ninja Scroll":13,"Mummified Hand":23,"Bronze Scales":10,"Strawberry":26,"MealTicket":25,"Art of War":30,"Ring of the Snake":0},{"HoveringKite":8,"Snake Skull":27,"Bottled Tornado":22,"WarpedTongs":2,"Centennial Puzzle":4,"Lizard Tail":13,"WristBlade":18,"Ninja Scroll":6,"Mummified Hand":11,"Bronze Scales":5,"Strawberry":12,"MealTicket":12,"Art of War":16,"Ring of the Snake":0},{"HoveringKite":35,"Snake Skull":142,"Bottled Tornado":98,"WarpedTongs":11,"Centennial Puzzle":18,"Lizard Tail":56,"WristBlade":83,"Ninja Scroll":30,"Mummified Hand":46,"Bronze Scales":24,"Strawberry":50,"MealTicket":50,"Art of War":67,"Ring of the Snake":0}],"Ring of the Snake":[56],"WarpedTongs":[141]},"card_choices":[{"not_picked":["Underhanded Strike","Reflex"],"picked":"Choke","floor":1.0},{"not_picked":["Underhanded Strike","Leg Sweep"],"picked":"Slice","floor":2.0},{"not_picked":["Concentrate","Dagger Throw"],"picked":"All Out Attack","floor":4.0},{"not_picked":["Blur","PiercingWail"],"picked":"Backstab","floor":7.0},{"not_picked":["PiercingWail","Choke"],"picked":"Backstab","floor":10.0},{"not_picked":["Riddle With Holes","Deflect"],"picked":"Blade Dance","floor":13.0},{"not_picked":["Prepared","Dagger Spray"],"picked":"Noxious Fumes","floor":14.0},{"not_picked":["Doppelganger","Tools of the Trade"],"picked":"After Image","floor":16.0},{"not_picked":["Dagger Spray","Flying Knee"],"picked":"Acrobatics","floor":18.0},{"not_picked":["Outmaneuver","Concentrate"],"picked":"Footwork","floor":22.0},{"not_picked":["Sucker Punch","Well Laid Plans"],"picked":"Blade Dance","floor":23.0},{"not_picked":["Catalyst","PiercingWail"],"picked":"Burst","floor":25.0},{"not_picked":["Tactician","Noxious Fumes"],"picked":"Predator","floor":27.0},{"not_picked":["Heel Hook","Poisoned Stab"],"picked":"Backflip","floor":28.0},{"not_picked":["Skewer","Concentrate"],"picked":"Terror","floor":29.0},{"not_picked":["Glass Knife","Endless Agony"],"picked":"Infinite Blades","floor":30.0},{"not_picked":["Deadly Poison","Sucker Punch"],"picked":"Cloak And Dagger","floor":31.0},{"not_picked":["Glass Knife","Venomology"],"picked":"Tools of the Trade","floor":33.0},{"not_picked":["Finisher","Catalyst+1"],"picked":"Backflip","floor":35.0},{"not_picked":["Underhanded Strike+1","Skewer"],"picked":"Accuracy","floor":37.0},{"not_picked":["Backflip","Slice","Infinite Blades"],"picked":"SKIP","floor":41.0},{"not_picked":["Backflip","Slice","Infinite Blades"],"picked":"SKIP","floor":41.0},{"not_picked":["Skewer","Quick Slash"],"picked":"Tactician","floor":45.0},{"not_picked":["Terror","Bouncing Flask","Cloak And Dagger"],"picked":"SKIP","floor":46.0},{"not_picked":["Sucker Punch+1","Distraction"],"picked":"Blur+1","floor":47.0},{"not_picked":["Skewer+1","Predator+1","Quick Slash"],"picked":"SKIP","floor":55},{"not_picked":["Skewer+1","Predator+1","Quick Slash"],"picked":"SKIP","floor":55}],"player_experience":868200,"relics_obtained":[{"floor":9.0,"key":"Centennial Puzzle"},{"floor":10.0,"key":"Bronze Scales"},{"floor":13.0,"key":"Ninja Scroll"},{"floor":23.0,"key":"Mummified Hand"},{"floor":25.0,"key":"MealTicket"},{"floor":26.0,"key":"Strawberry"},{"floor":27.0,"key":"Lizard Tail"},{"floor":30.0,"key":"Art of War"},{"floor":45.0,"key":"Bottled Tornado"},{"floor":55,"key":"Snake Skull"}],"event_choices":[{"damage_healed":0.0,"max_hp_gain":0.0,"max_hp_loss":0.0,"gold_gain":0.0,"event_name":"Accursed Blacksmith","player_choice":"Rummage","floor":3.0,"gold_loss":0.0,"damage_taken":0.0,"relics_obtained":["WarpedTongs"],"cards_obtained":["Pain"]},{"damage_healed":0.0,"max_hp_gain":0.0,"max_hp_loss":0.0,"gold_gain":0.0,"event_name":"Liars Game","player_choice":"Ignored","floor":11.0,"gold_loss":0.0,"damage_taken":0.0},{"damage_healed":24.0,"max_hp_gain":0.0,"max_hp_loss":0.0,"gold_gain":0.0,"event_name":"Big Fish","player_choice":"Banana","floor":12.0,"gold_loss":0.0,"damage_taken":0.0},{"cards_removed":["Strike_G"],"damage_healed":0.0,"max_hp_gain":0.0,"max_hp_loss":0.0,"gold_gain":0.0,"event_name":"Beggar","player_choice":"Gave Gold","floor":19.0,"gold_loss":75.0,"damage_taken":0.0},{"damage_healed":0.0,"max_hp_gain":5.0,"max_hp_loss":0.0,"gold_gain":0.0,"event_name":"Forgotten Altar","player_choice":"Shed Blood","floor":20.0,"gold_loss":0.0,"damage_taken":25.0},{"damage_healed":0.0,"max_hp_gain":0.0,"max_hp_loss":0.0,"gold_gain":0.0,"event_name":"Duplicator","player_choice":"Copied","floor":21.0,"gold_loss":0.0,"damage_taken":0.0,"cards_obtained":["After Image"]},{"damage_healed":0.0,"max_hp_gain":0.0,"max_hp_loss":0.0,"gold_gain":0.0,"event_name":"Lab","player_choice":"Got Potions","floor":36.0,"gold_loss":0.0,"damage_taken":0.0},{"damage_healed":0.0,"max_hp_gain":0.0,"max_hp_loss":0.0,"gold_gain":0.0,"cards_transformed":["Strike_G"],"event_name":"Transmorgrifier","player_choice":"Transformed","floor":38.0,"gold_loss":0.0,"damage_taken":0.0,"cards_obtained":["Malaise"]}],"is_beta":false,"boss_relics":[{"not_picked":["Fusion Hammer","Runic Dome"],"picked":"HoveringKite"},{"not_picked":["Sozu","Calling Bell"],"picked":"WristBlade"}],"items_purged_floors":[5,39,48,54],"is_endless":false,"potions_floor_spawned":[2,10,14,18,25,27,29,31,35,41,55],"ascension_level":20}}