{"host":"y9c31ugcc5enwcvp","time":1614389939,"event":{"mods":["BaseMod","Better Match","Better Note","Colored Map","Colored Powertips","Curses Come First","Dio Mod","Downfall","Gremlin Skip","Hermit","Minty Spire (QoL Compilation)","Permanent Neow","Rare Cards Sparkle","Relic Stats","Smile Girya","Spire Arcade","StSLib","The Wild Card","Waifu the Spire","everything is the same but u backflip on backflip","slay the spire mod where everything is the same but ironclad has a cowboy hat"],"gold_per_floor":[99,110,130,141,51,66,92,39,39,53,78,88,88,107,121,219,219,219,236,121,133,152,152,175,194,94,129,54,154,154,166,182,182,182,182],"floor_reached":33,"language":"ENG","playtime":3379,"items_purged":["bronze:Strike","bronze:Replicate"],"score":273,"play_id":"a64e99a9-e3c1-47f3-acf2-1a55da6282fb","local_time":"20210226193859","is_ascension_mode":false,"campfire_choices":[{"data":"bronze:Goto","floor":1,"key":"SMITH"},{"data":"bronze:BronzeOrb","floor":9,"key":"SMITH"},{"floor":18,"key":"RECALL"},{"data":"bronze:RecursiveStrike","floor":23,"key":"SMITH"},{"floor":26,"key":"REST"},{"floor":30,"key":"REST"}],"circlet_count":0,"master_deck":["bronze:Strike","bronze:Strike","bronze:Defend","bronze:Defend","bronze:Defend","bronze:Goto+1","bronze:Backtrace","bronze:Branch","bronze:Frontload+1","bronze:Branch","bronze:BronzeOrb+1","bronze:Frontload","bronze:RecursiveStrike+1","bronze:FineTuning+1","CurseOfTheBell","bronze:ChildClass+1","bronze:DelayedSlice+1","bronze:Branch+1","bronze:RecursiveStrike+1","bronze:Goto","bronze:Deprecate","bronze:InfiniteBeams","bronze:FindAndReplace","Good Instincts","Injury","bronze:DigitalCarnage+1"],"relics":["bronze:BronzeCore","Blood Vial","Juzu Bracelet","Calling Bell","War Paint","Molten Egg 2","WingedGreaves","downfall:HeartBlessingRed","Ice Cream","downfall:GremlinSack"],"acts_visited":["Exordium","TheCity"],"potions_floor_usage":[4,16,16,16,20,22,27,33],"damage_taken":[{"damage":0,"enemies":"Small Slimes","floor":2,"turns":3},{"damage":0,"enemies":"2 Louse","floor":3,"turns":2},{"damage":1,"enemies":"Cultist","floor":4,"turns":3},{"damage":0,"enemies":"downfall:FleeingMerchant","floor":5,"turns":4},{"damage":3,"enemies":"Large Slime","floor":6,"turns":5},{"damage":0,"enemies":"downfall:FleeingMerchant","floor":8,"turns":4},{"damage":0,"enemies":"3 Louse","floor":10,"turns":2},{"damage":24,"enemies":"Gremlin Nob","floor":11,"turns":5},{"damage":0,"enemies":"downfall:LooterAlt","floor":12,"turns":2},{"damage":5,"enemies":"Exordium Thugs","floor":14,"turns":3},{"damage":0,"enemies":"Exordium Wildlife","floor":15,"turns":3},{"damage":37,"enemies":"DF_ARCHETYPE_STREAMLINE","floor":16,"turns":10},{"damage":2,"enemies":"Spheric Guardian","floor":19,"turns":3},{"damage":4,"enemies":"downfall:FleeingMerchant","floor":20,"turns":4},{"damage":6,"enemies":"Shell Parasite","floor":21,"turns":8},{"damage":9,"enemies":"Centurion and Healer","floor":22,"turns":6},{"damage":18,"enemies":"Shelled Parasite and Fungi","floor":25,"turns":6},{"damage":43,"enemies":"Book of Stabbing","floor":27,"turns":5},{"damage":16,"enemies":"Book of Stabbing","floor":29,"turns":3},{"damage":9,"enemies":"Snake Plant","floor":31,"turns":4},{"damage":22,"enemies":"Snecko","floor":32,"turns":5},{"damage":9,"enemies":"IC_MUSHROOM_ARCHETYPE","floor":33,"turns":1}],"seed_played":"6753422845793326827","potions_obtained":[{"floor":4,"key":"Fruit Juice"},{"floor":6,"key":"DistilledChaos"},{"floor":10,"key":"Swift Potion"},{"floor":11,"key":"Weak Potion"},{"floor":14,"key":"LiquidMemories"},{"floor":16,"key":"Block Potion"},{"floor":19,"key":"LiquidMemories"},{"floor":25,"key":"hexamod:SoulburnPotion"},{"floor":27,"key":"SteroidPotion"},{"floor":31,"key":"Regen Potion"}],"is_trial":false,"path_per_floor":["R","M","M","M","$","M","T","$","R","M","E","M","?","M","M","B",null,"R","M","$","M","M","R","T","M","R","E","?","?","R","M","M","B"],"character_chosen":"THE_AUTOMATON","items_purchased":["bronze:BronzeOrb"],"campfire_rested":2,"item_purchase_floors":[8],"current_hp_per_floor":[63,63,63,67,67,64,64,66,66,68,44,46,51,48,50,15,73,73,71,69,65,58,58,58,42,63,22,22,8,29,22,2,0,0,0],"gold":182,"neow_bonus":"REMOVE_TWO","is_daily":false,"chose_seed":false,"campfire_upgraded":3,"win_rate":0.0,"timestamp":1614389939,"path_taken":["R","M","M","M","$","M","T","$","R","M","E","M","?","M","M","BOSS","R","M","$","M","M","R","T","M","R","E","?","?","R","M","M","BOSS"],"items_purchased_type":["Card"],"build_version":"2020-12-22","purchased_purges":2,"victory":false,"max_hp_per_floor":[63,63,63,68,68,68,68,68,68,68,68,68,73,73,73,73,73,73,73,73,73,73,73,73,73,73,73,73,73,73,73,73,73,73,73],"relic_stats":{"Blood Vial":30,"counters":[22,91],"Juzu Bracelet":0,"War Paint":["bronze:Frontload","bronze:FineTuning"],"obtain_stats":[{"Blood Vial":7,"Calling Bell":17,"Ice Cream":27,"bronze:BronzeCore":0,"downfall:HeartBlessingRed":26,"downfall:GremlinSack":29,"Molten Egg 2":17,"WingedGreaves":17,"Juzu Bracelet":11,"War Paint":17},{"Blood Vial":5,"Calling Bell":12,"Ice Cream":18,"bronze:BronzeCore":0,"downfall:HeartBlessingRed":17,"downfall:GremlinSack":19,"Molten Egg 2":12,"WingedGreaves":12,"Juzu Bracelet":8,"War Paint":12},{"Blood Vial":17,"Calling Bell":46,"Ice Cream":78,"bronze:BronzeCore":0,"downfall:HeartBlessingRed":73,"downfall:GremlinSack":81,"Molten Egg 2":46,"WingedGreaves":46,"Juzu Bracelet":28,"War Paint":46}]},"card_choices":[{"not_picked":["bronze:BitShift","bronze:BuggyMess"],"picked":"bronze:Backtrace","floor":2},{"not_picked":["bronze:BitShift","bronze:DelayedGuard","bronze:Refactor"],"picked":"SKIP","floor":3},{"not_picked":["bronze:OilSpill","bronze:Overheat","bronze:BugBarrage"],"picked":"SKIP","floor":4},{"not_picked":["bronze:Fortify","bronze:Shield"],"picked":"bronze:Branch","floor":5},{"not_picked":["bronze:Constructor","bronze:WildBeam"],"picked":"bronze:Frontload","floor":6},{"not_picked":["bronze:Constructor","bronze:DelayedSlice"],"picked":"bronze:Branch","floor":8},{"not_picked":["bronze:DigitalCarnage","bronze:Deprecate"],"picked":"bronze:Frontload","floor":10},{"not_picked":["bronze:BurnOut","bronze:DelayedGuard"],"picked":"bronze:RecursiveStrike","floor":11},{"not_picked":["bronze:Turbo","bronze:Shield"],"picked":"bronze:FineTuning","floor":12},{"not_picked":["bronze:CutThrough","bronze:ForLoop","bronze:Deprecate"],"picked":"SKIP","floor":14},{"not_picked":["bronze:Repulsor","bronze:Deprecate","bronze:Optimize"],"picked":"SKIP","floor":15},{"not_picked":["bronze:Allocate+1","bronze:Deprecate","bronze:ForLoop"],"picked":"SKIP","floor":19},{"not_picked":["bronze:Shield","bronze:WhirlingStrike+1"],"picked":"bronze:ChildClass+1","floor":20},{"not_picked":["bronze:FineTuning","bronze:Mutator","bronze:NullPointer+1"],"picked":"SKIP","floor":21},{"not_picked":["bronze:Optimize+1","bronze:Shield"],"picked":"bronze:DelayedSlice+1","floor":22},{"not_picked":["bronze:Separator+1","bronze:Frontload"],"picked":"bronze:Branch+1","floor":25},{"not_picked":["bronze:CutThrough+1","bronze:BitShift+1","bronze:DarkDash+1"],"picked":"SKIP","floor":27},{"not_picked":["bronze:Assembly+1","bronze:Break+1"],"picked":"bronze:RecursiveStrike+1","floor":28},{"not_picked":["bronze:Turbo","bronze:BugBarrage+1","bronze:FineTuning"],"picked":"SKIP","floor":31},{"not_picked":["bronze:Backtrace+1","bronze:ItsAFeature"],"picked":"bronze:DigitalCarnage+1","floor":32}],"player_experience":189362,"relics_obtained":[{"floor":7,"key":"Blood Vial"},{"floor":11,"key":"Juzu Bracelet"},{"floor":17,"key":"War Paint"},{"floor":17,"key":"Molten Egg 2"},{"floor":17,"key":"WingedGreaves"},{"floor":27,"key":"Ice Cream"},{"floor":29,"key":"downfall:GremlinSack"}],"event_choices":[{"damage_healed":0,"gold_gain":0,"player_choice":"Donut","damage_taken":0,"max_hp_gain":5,"max_hp_loss":0,"event_name":"Big Fish","floor":13,"gold_loss":0},{"damage_healed":0,"gold_gain":0,"player_choice":"2","damage_taken":0,"max_hp_gain":0,"max_hp_loss":0,"event_name":"betterMatch:BetterMatch","floor":28,"gold_loss":0,"cards_obtained":["betterMatch:RareCard"]}],"is_beta":false,"boss_relics":[{"not_picked":["Busted Crown","Empty Cage"],"picked":"Calling Bell"}],"items_purged_floors":[5,20],"is_endless":false,"potions_floor_spawned":[4,6,10,11,14,16,19,25,27,31],"killed_by":"IC_MUSHROOM_ARCHETYPE","ascension_level":0}}