{"host":"jt67skv49snb75sm","time":1614423036,"event":{"mods":["BaseMod","Bestiary","Minty Spire (QoL Compilation)","Relic Stats"],"gold_per_floor":[117,117,133,148,161,161,191,211,211,242,242,242,242],"floor_reached":12,"language":"ENG","playtime":555,"items_purged":[],"score":224,"play_id":"05d53d5f-1e8a-4cd4-86b1-5be0ebc09731","local_time":"20210227115036","is_ascension_mode":true,"campfire_choices":[{"data":"Eruption","floor":6.0,"key":"SMITH"},{"data":"TalkToTheHand","floor":11.0,"key":"SMITH"}],"circlet_count":0,"master_deck":["AscendersBane","Strike_P","Strike_P","Strike_P","Defend_P","Defend_P","Defend_P","Defend_P","Eruption+1","Vigilance","Wallop","EmptyFist","SashWhip","DeceiveReality","Adaptation","LikeWater","TalkToTheHand+1"],"relics":["PureWater","Strawberry","Bottled Lightning","Toxic Egg 2","Damaru"],"acts_visited":["Exordium"],"potions_floor_usage":[],"damage_taken":[{"damage":7.0,"enemies":"Small Slimes","floor":1.0,"turns":4.0},{"damage":0.0,"enemies":"Cultist","floor":3.0,"turns":3.0},{"damage":4.0,"enemies":"Jaw Worm","floor":4.0,"turns":4.0},{"damage":27.0,"enemies":"Large Slime","floor":5.0,"turns":8.0},{"damage":4.0,"enemies":"3 Sentries","floor":7.0,"turns":8.0},{"damage":8.0,"enemies":"Red Slaver","floor":8.0,"turns":4.0},{"damage":0.0,"enemies":"Lagavulin","floor":10.0,"turns":6.0},{"damage":13,"enemies":"3 Sentries","floor":12,"turns":5}],"seed_played":"-3910076224561326115","potions_obtained":[{"floor":1.0,"key":"SteroidPotion"},{"floor":3.0,"key":"Weak Potion"}],"is_trial":false,"path_per_floor":["M","?","M","M","M","R","E","M","T","E","R","E"],"character_chosen":"WATCHER","items_purchased":[],"campfire_rested":0,"item_purchase_floors":[],"current_hp_per_floor":[61,61,61,57,30,30,26,18,18,18,18,5,5],"gold":242,"neow_bonus":"RANDOM_COMMON_RELIC","is_daily":false,"chose_seed":false,"campfire_upgraded":2,"win_rate":0.0,"timestamp":1614423036,"path_taken":["M","?","M","M","?","R","E","M","T","E","R","E"],"items_purchased_type":[],"build_version":"2020-12-22","purchased_purges":0,"victory":false,"max_hp_per_floor":[75,75,75,75,75,75,75,75,75,75,75,75,75],"relic_stats":{"counters":[8,42],"obtain_stats":[{"Strawberry":0,"Damaru":10,"Bottled Lightning":7,"PureWater":0,"Toxic Egg 2":9},{"Strawberry":0,"Damaru":7,"Bottled Lightning":5,"PureWater":0,"Toxic Egg 2":6},{"Strawberry":0,"Damaru":37,"Bottled Lightning":27,"PureWater":0,"Toxic Egg 2":31}]},"card_choices":[{"not_picked":["EmptyMind","FollowUp"],"picked":"Wallop","floor":1.0},{"not_picked":["ThirdEye","EmptyBody"],"picked":"EmptyFist","floor":3.0},{"not_picked":["Perseverance","PathToVictory"],"picked":"SashWhip","floor":4.0},{"not_picked":["Protect","CutThroughFate"],"picked":"DeceiveReality","floor":5.0},{"not_picked":["CrushJoints","EmptyFist"],"picked":"Adaptation","floor":7.0},{"not_picked":["SashWhip","WreathOfFlame"],"picked":"LikeWater","floor":8.0},{"not_picked":["Evaluate+1","SpiritShield+1"],"picked":"TalkToTheHand","floor":10.0}],"player_experience":932542,"relics_obtained":[{"floor":7.0,"key":"Bottled Lightning"},{"floor":9.0,"key":"Toxic Egg 2"},{"floor":10.0,"key":"Damaru"}],"event_choices":[{"cards_removed":["Strike_P"],"damage_healed":0.0,"max_hp_gain":0.0,"max_hp_loss":0.0,"gold_gain":0.0,"event_name":"Bonfire Elementals","player_choice":"Offered Basic","floor":2.0,"gold_loss":0.0,"damage_taken":0.0}],"is_beta":false,"boss_relics":[],"items_purged_floors":[],"is_endless":false,"potions_floor_spawned":[1,3],"killed_by":"3 Sentries","ascension_level":19}}