{"host":"TheHustler","time":1614424076,"event":{"mods":["BaseMod","Block Reminder","Colored Map","Colored Powertips","Minty Spire (QoL Compilation)","Quick Restart","StSLib","SuperFastMode","Unceasing Turn Reminder"],"gold_per_floor":[144,189,189,189,234,324,324,324,349,439,439,484,223,232,232,550,550,595,595,640,555,600,600,350,350,359,449,548,638,284,329,329,647,647,692,746,29,63,0,90,135,180,189,234,243,333,378,432,432,441],"floor_reached":51,"language":"ENG","playtime":1167,"items_purged":["Writhe","Injury","Regret"],"score":1080,"play_id":"0393b78f-217f-4609-b337-f6ceeec85244","local_time":"20210227120756","daily_mods":["Cursed Run","Diverse","Midas"],"is_ascension_mode":false,"campfire_choices":[{"floor":8,"key":"REST"},{"floor":15,"key":"REST"},{"floor":23,"key":"REST"},{"floor":25,"key":"REST"},{"floor":32,"key":"REST"},{"data":"1","floor":49,"key":"LIFT"}],"circlet_count":0,"master_deck":["Strike_B+1","Strike_B","Strike_B","Defend_B","Defend_B","Defend_B+1","Defend_B","Zap","Dualcast","Slice","Glacier","Conclude","Sweeping Beam","Injury","Juggernaut","Finesse","Normality","Biased Cognition","Cold Snap+1","Apotheosis","Parasite","Writhe","Glacier","Shrug It Off","Pain"],"relics":["Cursed Key","Darkstone Periapt","Du-Vu Doll","Matryoshka","Blood Vial","CeramicFish","Ancient Tea Set","DataDisk","Tiny Chest","StrikeDummy","Runic Dome","Sundial","ClockworkSouvenir","Cables","Lizard Tail","Potion Belt","Sling","Black Star","Molten Egg 2","Ice Cream","Centennial Puzzle","Red Mask","TungstenRod","Gambling Chip","Symbiotic Virus","Girya","Bottled Lightning"],"acts_visited":["Exordium","TheCity","TheBeyond"],"potions_floor_usage":[27,50,50,50,50,50],"damage_taken":[{"damage":0,"enemies":"Small Slimes","floor":1,"turns":4},{"damage":0,"enemies":"Cultist","floor":2,"turns":3},{"damage":0,"enemies":"2 Louse","floor":5,"turns":3},{"damage":9,"enemies":"3 Sentries","floor":6,"turns":9},{"damage":34,"enemies":"Gremlin Nob","floor":10,"turns":6},{"damage":0,"enemies":"Large Slime","floor":12,"turns":5},{"damage":18,"enemies":"The Guardian","floor":16,"turns":10},{"damage":0,"enemies":"Spheric Guardian","floor":18,"turns":3},{"damage":7,"enemies":"Shell Parasite","floor":20,"turns":4},{"damage":21,"enemies":"Centurion and Healer","floor":22,"turns":5},{"damage":13,"enemies":"Book of Stabbing","floor":27,"turns":4},{"damage":16,"enemies":"Gremlin Leader","floor":29,"turns":6},{"damage":10,"enemies":"3 Cultists","floor":31,"turns":5},{"damage":36,"enemies":"Collector","floor":33,"turns":9},{"damage":28,"enemies":"3 Darklings","floor":35,"turns":4},{"damage":0,"enemies":"3 Shapes","floor":36,"turns":5},{"damage":27,"enemies":"Reptomancer","floor":40,"turns":6},{"damage":0,"enemies":"3 Darklings","floor":41,"turns":4},{"damage":5,"enemies":"Sphere and 2 Shapes","floor":42,"turns":4},{"damage":0,"enemies":"Transient","floor":44,"turns":5},{"damage":0,"enemies":"Nemesis","floor":46,"turns":7},{"damage":0,"enemies":"Spire Growth","floor":47,"turns":5},{"damage":4,"enemies":"Sphere and 2 Shapes","floor":48,"turns":3},{"damage":0,"enemies":"Awakened One","floor":50,"turns":8}],"seed_played":"-2463471341485849212","potions_obtained":[{"floor":1,"key":"BlessingOfTheForge"},{"floor":6,"key":"Swift Potion"},{"floor":10,"key":"Dexterity Potion"},{"floor":20,"key":"Ancient Potion"},{"floor":27,"key":"CultistPotion"},{"floor":29,"key":"SpeedPotion"},{"floor":33,"key":"Dexterity Potion"}],"is_trial":false,"path_per_floor":["M","M","?","$","M","E","?","R","T","E","?","M","$","T","R","B",null,"M","?","M","?","M","R","$","R","T","E","?","E","$","M","R","B",null,"M","M","$","T","?","E","M","M","T","M","?","E","M","M","R","B",null],"character_chosen":"DEFECT","items_purchased":["DataDisk","Sweeping Beam","ClockworkSouvenir","Finesse","Sling","Apotheosis","Molten Egg 2","Ice Cream"],"campfire_rested":5,"item_purchase_floors":[13,13,24,30,30,37,37,37],"current_hp_per_floor":[75,75,75,75,75,66,51,73,79,47,47,49,49,55,81,71,93,93,93,86,86,67,93,93,93,99,86,86,72,72,64,93,65,105,77,79,79,85,85,60,62,59,65,67,67,69,71,69,69,77],"gold":441,"neow_bonus":"","is_daily":true,"chose_seed":false,"campfire_upgraded":0,"win_rate":0.0,"timestamp":1614424076,"path_taken":["M","M","?","$","M","E","?","R","T","E","?","?","$","?","R","BOSS","M","?","M","?","M","R","$","R","T","E","?","E","$","M","R","BOSS","M","M","$","?","?","E","M","M","T","M","?","E","M","M","R","BOSS"],"items_purchased_type":["Relic","Card","Relic","Card","Relic","Card","Relic","Relic"],"build_version":"2020-12-18","purchased_purges":3,"victory":true,"max_hp_per_floor":[75,75,75,75,75,75,75,75,81,81,81,81,81,87,87,93,93,93,93,93,93,93,93,93,93,99,99,99,99,99,99,99,105,105,105,105,105,111,111,111,111,111,117,117,117,117,117,117,117,123],"card_choices":[{"not_picked":["Infernal Blade","Catalyst"],"picked":"Slice","floor":1},{"not_picked":["PathToVictory","Poisoned Stab"],"picked":"Glacier","floor":2},{"not_picked":["Meditate","Deflect","Dual Wield"],"picked":"SKIP","floor":5},{"not_picked":["Wallop","CutThroughFate"],"picked":"Conclude","floor":6},{"not_picked":["Storm","Hemokinesis","Force Field"],"picked":"SKIP","floor":10},{"not_picked":["Venomology","Blood for Blood","Havoc"],"picked":"SKIP","floor":12},{"not_picked":["Bullet Time","Fission"],"picked":"Juggernaut","floor":16},{"not_picked":["Aggregate","Study","CarveReality"],"picked":"SKIP","floor":18},{"not_picked":["Melter","DeceiveReality","Headbutt"],"picked":"SKIP","floor":20},{"not_picked":["BowlingBash","Bloodletting","Wallop"],"picked":"SKIP","floor":22},{"not_picked":["Steam Power+1","Flying Knee","Heavy Blade"],"picked":"SKIP","floor":27},{"not_picked":["Double Energy+1","Perfected Strike","Slice+1"],"picked":"SKIP","floor":29},{"not_picked":["Distraction","Twin Strike","FlurryOfBlows"],"picked":"SKIP","floor":31},{"not_picked":["Feed","Bullet Time"],"picked":"Biased Cognition","floor":33},{"not_picked":["Flying Knee","Cleave+1","Whirlwind+1"],"picked":"SKIP","floor":35},{"not_picked":["Fasting2+1","Stack+1"],"picked":"Cold Snap+1","floor":36},{"not_picked":["Berserk","Cloak And Dagger+1","Rip and Tear+1"],"picked":"SKIP","floor":40},{"not_picked":["Sword Boomerang+1","Flame Barrier","Hello World+1"],"picked":"SKIP","floor":41},{"not_picked":["Dash+1","ThirdEye","Twin Strike+1"],"picked":"SKIP","floor":42},{"not_picked":["Dash+1","Darkness+1","Fire Breathing+1"],"picked":"SKIP","floor":44},{"not_picked":["Omniscience","EmptyBody+1","PathToVictory+1"],"picked":"SKIP","floor":46},{"not_picked":["PathToVictory+1","Halt+1","Outmaneuver"],"picked":"SKIP","floor":47},{"not_picked":["Dodge and Roll+1","Undo"],"picked":"Shrug It Off","floor":48}],"player_experience":692554,"relics_obtained":[{"floor":6,"key":"Matryoshka"},{"floor":9,"key":"Blood Vial"},{"floor":9,"key":"CeramicFish"},{"floor":10,"key":"Ancient Tea Set"},{"floor":14,"key":"Tiny Chest"},{"floor":14,"key":"StrikeDummy"},{"floor":26,"key":"Cables"},{"floor":27,"key":"Lizard Tail"},{"floor":29,"key":"Potion Belt"},{"floor":38,"key":"Centennial Puzzle"},{"floor":40,"key":"TungstenRod"},{"floor":40,"key":"Gambling Chip"},{"floor":43,"key":"Symbiotic Virus"},{"floor":46,"key":"Girya"},{"floor":46,"key":"Bottled Lightning"}],"event_choices":[{"cards_removed":["Strike_B"],"damage_healed":0,"gold_gain":0,"player_choice":"Forget","damage_taken":0,"max_hp_gain":0,"max_hp_loss":0,"event_name":"Living Wall","floor":3,"gold_loss":0},{"damage_healed":0,"gold_gain":0,"player_choice":"Entered Light","damage_taken":15,"max_hp_gain":0,"max_hp_loss":0,"event_name":"Shining Light","floor":7,"gold_loss":0,"cards_upgraded":["Defend_B","Strike_B"]},{"damage_healed":0,"gold_gain":0,"player_choice":"0 cards matched","damage_taken":0,"max_hp_gain":0,"max_hp_loss":0,"event_name":"Match and Keep!","floor":11,"gold_loss":0,"cards_obtained":[]},{"damage_healed":0,"gold_gain":0,"player_choice":"Ignored","damage_taken":0,"max_hp_gain":0,"max_hp_loss":0,"event_name":"Vampires","floor":19,"gold_loss":0},{"damage_healed":0,"gold_gain":0,"player_choice":"Obtained Relic","damage_taken":0,"relics_obtained":["Sundial"],"max_hp_gain":0,"max_hp_loss":0,"event_name":"Addict","floor":21,"gold_loss":85},{"damage_healed":0,"gold_gain":99,"player_choice":"Stole From Cult","damage_taken":0,"max_hp_gain":0,"max_hp_loss":0,"event_name":"Nest","floor":28,"gold_loss":0},{"damage_healed":0,"gold_gain":0,"player_choice":"Paid","damage_taken":0,"relics_obtained":["Red Mask"],"max_hp_gain":0,"max_hp_loss":0,"event_name":"Tomb of Lord Red Mask","floor":39,"gold_loss":63},{"damage_healed":0,"gold_gain":0,"player_choice":"Copied","damage_taken":0,"max_hp_gain":0,"max_hp_loss":0,"event_name":"Duplicator","floor":45,"gold_loss":0,"cards_obtained":["Glacier"]}],"is_beta":true,"boss_relics":[{"not_picked":["Velvet Choker","Coffee Dripper"],"picked":"Runic Dome"},{"not_picked":["Runic Pyramid","Busted Crown"],"picked":"Black Star"}],"items_purged_floors":[13,24,30],"is_endless":false,"potions_floor_spawned":[1,6,10,20,27,29,33,40,42,44,47,48],"ascension_level":0}}