{"host":"9gxprskaw0c5jpbt","time":1614393158,"event":{"mods":["AchievementEnabler","BaseMod","Colored Map","Highlight Path","KOR Keyword Fix","Minty Spire (QoL Compilation)","Rare Cards Sparkle","StSLib","SuperFastMode","everything is the same but u backflip on backflip"],"gold_per_floor":[144,189,189,61,106,106,106,151,176,266,266,311,92,92,92,410,410,464,509,563,478,532,532,95,95,104,203,302,401,26,80,80,398,398,443,497,20,29,29,128,182,236,270,270,270],"floor_reached":44,"language":"KOR","playtime":1433,"items_purged":["Strike_B","Normality"],"score":651,"play_id":"5fc273aa-dc35-4a74-a0aa-50c0ec32a577","local_time":"20210227113238","daily_mods":["Cursed Run","Diverse","Midas"],"is_ascension_mode":false,"campfire_choices":[{"floor":6.0,"key":"REST"},{"floor":15.0,"key":"REST"}],"circlet_count":0,"master_deck":["Defend_B+1","Defend_B+1","Defend_B+1","Defend_B+1","Zap+1","Dualcast+1","Slice+1","Glacier+1","Sword Boomerang+1","Wallop+1","Writhe","Storm+1","Dark Shackles+1","Protect+1","Venomology+1","WreathOfFlame+1","Injury","Injury","Juggernaut+1","Study+1","Bite+1","Bite+1","Bite+1","Bite+1","Bite+1","Melter+1","Bloodletting+1","Armaments+1","Regret","Heavy Blade+1","Double Energy+1","Twin Strike+1","Bullet Time+1","Fasting2+1","Dark Shackles+1","Writhe","Force Field+1","Flame Barrier","Creative AI","Clumsy"],"relics":["Cursed Key","Darkstone Periapt","Du-Vu Doll","Blood Vial","Matryoshka","DataDisk","CeramicFish","StrikeDummy","Coffee Dripper","Ancient Tea Set","ClockworkSouvenir","HornCleat","Tiny Chest","Sundial","Cables","Lizard Tail","Toy Ornithopter","Sling","Runic Pyramid","Ice Cream","Mark of the Bloom","Potion Belt","Centennial Puzzle"],"acts_visited":["Exordium","TheCity","TheBeyond"],"potions_floor_usage":[40,44,44],"damage_taken":[{"damage":0.0,"enemies":"Small Slimes","floor":1.0,"turns":4.0},{"damage":0.0,"enemies":"Cultist","floor":2.0,"turns":3.0},{"damage":0.0,"enemies":"2 Louse","floor":5.0,"turns":3.0},{"damage":1.0,"enemies":"Large Slime","floor":8.0,"turns":7.0},{"damage":6.0,"enemies":"3 Sentries","floor":10.0,"turns":7.0},{"damage":0.0,"enemies":"Exordium Thugs","floor":12.0,"turns":6.0},{"damage":14.0,"enemies":"The Guardian","floor":16.0,"turns":11.0},{"damage":14.0,"enemies":"Spheric Guardian","floor":18.0,"turns":4.0},{"damage":20.0,"enemies":"Shell Parasite","floor":20.0,"turns":5.0},{"damage":12.0,"enemies":"Centurion and Healer","floor":22.0,"turns":6.0},{"damage":35.0,"enemies":"Book of Stabbing","floor":27.0,"turns":5.0},{"damage":5.0,"enemies":"Gremlin Leader","floor":29.0,"turns":5.0},{"damage":5.0,"enemies":"3 Cultists","floor":31.0,"turns":5.0},{"damage":34.0,"enemies":"Collector","floor":33.0,"turns":6.0},{"damage":72.0,"enemies":"3 Darklings","floor":35.0,"turns":13.0},{"damage":4.0,"enemies":"3 Shapes","floor":36.0,"turns":4.0},{"damage":28,"enemies":"Reptomancer","floor":40,"turns":6},{"damage":18,"enemies":"3 Darklings","floor":41,"turns":5},{"damage":0,"enemies":"Sphere and 2 Shapes","floor":42,"turns":3},{"damage":6,"enemies":"Transient","floor":44,"turns":5}],"seed_played":"-2463471341485849212","potions_obtained":[{"floor":1.0,"key":"BlessingOfTheForge"},{"floor":8.0,"key":"Swift Potion"},{"floor":10.0,"key":"Dexterity Potion"},{"floor":18.0,"key":"LiquidMemories"},{"floor":20.0,"key":"FocusPotion"},{"floor":35.0,"key":"SpeedPotion"},{"floor":42,"key":"Fire Potion"}],"is_trial":false,"path_per_floor":["M","M","?","$","M","R","?","M","T","E","?","M","$","T","R","B",null,"M","?","M","?","M","R","$","R","T","E","?","E","$","M","R","B",null,"M","M","$","?","?","E","M","M","T","M"],"character_chosen":"DEFECT","items_purchased":["Sword Boomerang","DataDisk","WreathOfFlame","ClockworkSouvenir","HornCleat","Armaments","Toy Ornithopter","Sling","Regen Potion","Ice Cream","Dark Shackles"],"campfire_rested":2,"item_purchase_floors":[4,13,13,24,24,24,30,30,30,37,37],"current_hp_per_floor":[75,75,75,75,75,75,60,59,65,61,61,63,63,69,87,79,93,79,65,53,53,55,55,55,55,61,38,38,43,43,50,50,58,77,15,22,22,47,47,19,1,1,1,0,0],"gold":270,"neow_bonus":"","is_daily":true,"chose_seed":false,"campfire_upgraded":0,"win_rate":0.0,"timestamp":1614393158,"path_taken":["M","M","?","$","M","R","?","M","T","E","?","?","$","?","R","BOSS","M","?","M","?","M","R","$","R","T","E","?","E","$","M","R","BOSS","M","M","$","?","?","E","M","M","T","M"],"items_purchased_type":["Card","Relic","Card","Relic","Relic","Card","Relic","Relic","Potion","Relic","Card"],"build_version":"2020-12-22","purchased_purges":2,"victory":false,"max_hp_per_floor":[75,75,75,75,75,75,75,75,81,81,81,81,81,87,87,93,93,93,65,65,65,65,65,65,65,71,71,71,71,71,71,71,77,77,77,77,77,83,83,83,83,83,89,89,89],"card_choices":[{"not_picked":["Infernal Blade","Catalyst"],"picked":"Slice","floor":1.0},{"not_picked":["PathToVictory","Poisoned Stab"],"picked":"Glacier","floor":2.0},{"not_picked":["Meditate","Deflect","Dual Wield"],"picked":"SKIP","floor":5.0},{"not_picked":["CutThroughFate","Conclude"],"picked":"Wallop","floor":8.0},{"not_picked":["Hemokinesis","Force Field"],"picked":"Storm","floor":10.0},{"not_picked":["Blood for Blood","Havoc"],"picked":"Venomology","floor":12.0},{"not_picked":["Bullet Time","Fission"],"picked":"Juggernaut","floor":16.0},{"not_picked":["Aggregate","CarveReality"],"picked":"Study","floor":18.0},{"not_picked":["DeceiveReality","Headbutt"],"picked":"Melter","floor":20.0},{"not_picked":["BowlingBash","Wallop"],"picked":"Bloodletting","floor":22.0},{"not_picked":["Steam Power+1","Flying Knee"],"picked":"Heavy Blade","floor":27.0},{"not_picked":["Perfected Strike","Slice+1"],"picked":"Double Energy+1","floor":29.0},{"not_picked":["Distraction","FlurryOfBlows"],"picked":"Twin Strike","floor":31.0},{"not_picked":["Feed","Biased Cognition"],"picked":"Bullet Time","floor":33.0},{"not_picked":["Flying Knee","Cleave+1","Whirlwind+1"],"picked":"SKIP","floor":35.0},{"not_picked":["Cold Snap+1","Stack+1"],"picked":"Fasting2+1","floor":36.0},{"not_picked":["Go for the Eyes","Blade Dance+1"],"picked":"Force Field+1","floor":40},{"not_picked":["Sword Boomerang+1","Hello World+1"],"picked":"Flame Barrier","floor":41},{"not_picked":["ThirdEye+1","Twin Strike"],"picked":"Creative AI","floor":42}],"player_experience":1004943,"relics_obtained":[{"floor":9.0,"key":"Blood Vial"},{"floor":10.0,"key":"Matryoshka"},{"floor":14.0,"key":"CeramicFish"},{"floor":14.0,"key":"StrikeDummy"},{"floor":26.0,"key":"Tiny Chest"},{"floor":26.0,"key":"Sundial"},{"floor":27.0,"key":"Cables"},{"floor":29.0,"key":"Lizard Tail"},{"floor":40,"key":"Potion Belt"},{"floor":43,"key":"Centennial Puzzle"}],"event_choices":[{"cards_removed":["Strike_B"],"damage_healed":0.0,"max_hp_gain":0.0,"max_hp_loss":0.0,"gold_gain":0.0,"event_name":"Living Wall","player_choice":"Forget","floor":3.0,"gold_loss":0.0,"damage_taken":0.0},{"damage_healed":0.0,"max_hp_gain":0.0,"max_hp_loss":0.0,"gold_gain":0.0,"event_name":"Shining Light","player_choice":"Entered Light","floor":7.0,"gold_loss":0.0,"damage_taken":15.0,"cards_upgraded":["Defend_B","Glacier"]},{"damage_healed":0.0,"max_hp_gain":0.0,"max_hp_loss":0.0,"gold_gain":0.0,"event_name":"Match and Keep!","player_choice":"2 cards matched","floor":11.0,"gold_loss":0.0,"damage_taken":0.0,"cards_obtained":["Dark Shackles","Protect"]},{"damage_healed":0.0,"max_hp_gain":0.0,"max_hp_loss":28.0,"gold_gain":0.0,"event_name":"Vampires","player_choice":"Became a vampire","floor":19.0,"gold_loss":0.0,"damage_taken":0.0,"cards_obtained":["Bite","Bite","Bite","Bite","Bite"]},{"damage_healed":0.0,"max_hp_gain":0.0,"max_hp_loss":0.0,"gold_gain":0.0,"event_name":"Addict","player_choice":"Obtained Relic","floor":21.0,"gold_loss":85.0,"damage_taken":0.0,"relics_obtained":["Ancient Tea Set"]},{"damage_healed":0.0,"max_hp_gain":0.0,"max_hp_loss":0.0,"gold_gain":99.0,"event_name":"Nest","player_choice":"Stole From Cult","floor":28.0,"gold_loss":0.0,"damage_taken":0.0},{"damage_healed":19,"gold_gain":0,"player_choice":"Writhe","damage_taken":0,"max_hp_gain":0,"max_hp_loss":0,"event_name":"Winding Halls","floor":38,"gold_loss":0,"cards_obtained":["Writhe"]},{"damage_healed":0,"gold_gain":0,"player_choice":"Upgrade","damage_taken":0,"relics_obtained":["Mark of the Bloom"],"max_hp_gain":0,"max_hp_loss":0,"event_name":"MindBloom","floor":39,"gold_loss":0,"cards_upgraded":["Defend_B","Defend_B","Defend_B","Zap","Dualcast","Slice","Sword Boomerang","Wallop","Storm","Dark Shackles","Protect","Venomology","WreathOfFlame","Juggernaut","Study","Bite","Bite","Bite","Bite","Bite","Melter","Bloodletting","Armaments","Heavy Blade","Twin Strike","Bullet Time","Dark Shackles"]}],"is_beta":false,"boss_relics":[{"not_picked":["Velvet Choker","Runic Dome"],"picked":"Coffee Dripper"},{"not_picked":["Black Star","Busted Crown"],"picked":"Runic Pyramid"}],"items_purged_floors":[4,37],"is_endless":false,"potions_floor_spawned":[1,8,10,18,20,22,31,35,42],"killed_by":"Transient","ascension_level":0}}