{"host":"e1pm3b7xpcm97e5w","time":1614391189,"event":{"mods":["BaseMod","Better Skull","Googly Eyes","Minty Spire (QoL Compilation)","Relic Stats","Shop Mod","Spicy Shops","StSLib"],"gold_per_floor":[365,365,12,12,23,23,23],"floor_reached":6,"language":"ENG","playtime":178,"items_purged":[],"score":60,"play_id":"a079b6c3-9379-49fa-b9eb-adedad1f0ae1","local_time":"20210226205949","is_ascension_mode":true,"campfire_choices":[],"circlet_count":0,"master_deck":["AscendersBane","Strike_P","Strike_P","Strike_P","Strike_P","Defend_P","Defend_P","Defend_P","Defend_P","Eruption","Vigilance","ClearTheMind","CutThroughFate","BattleHymn"],"relics":["PureWater","Bag of Preparation","Singing Bowl"],"acts_visited":["Exordium"],"potions_floor_usage":[6],"damage_taken":[{"damage":0,"enemies":"Cultist","floor":1,"turns":3},{"damage":0,"enemies":"Jaw Worm","floor":5,"turns":4},{"damage":50,"enemies":"3 Sentries","floor":6,"turns":6}],"seed_played":"-3870252165000272512","potions_obtained":[{"floor":5,"key":"Regen Potion"}],"is_trial":false,"path_per_floor":["M","?","$","?","M","E"],"character_chosen":"WATCHER","items_purchased":["CutThroughFate","Singing Bowl"],"campfire_rested":0,"item_purchase_floors":[3,3],"current_hp_per_floor":[43,32,32,32,32,0,0],"gold":23,"neow_bonus":"TWO_FIFTY_GOLD","is_daily":false,"chose_seed":false,"campfire_upgraded":0,"win_rate":0.0,"timestamp":1614391189,"path_taken":["M","?","$","?","M","E"],"items_purchased_type":["Card","Relic"],"build_version":"2020-12-22","purchased_purges":0,"victory":false,"max_hp_per_floor":[68,68,68,68,68,68,68],"relic_stats":{"Singing Bowl":0,"counters":[3,13],"Bag of Preparation":[4],"obtain_stats":[{"Singing Bowl":3,"Bag of Preparation":2,"PureWater":0},{"Singing Bowl":1,"Bag of Preparation":1,"PureWater":0},{"Singing Bowl":3,"Bag of Preparation":3,"PureWater":0}]},"card_choices":[{"not_picked":["FollowUp","CrushJoints"],"picked":"ClearTheMind","floor":1},{"not_picked":["Meditate","EmptyBody"],"picked":"BattleHymn","floor":5}],"player_experience":732717,"relics_obtained":[],"event_choices":[{"damage_healed":0,"gold_gain":0,"player_choice":"Success","damage_taken":11,"relics_obtained":["Bag of Preparation"],"max_hp_gain":0,"max_hp_loss":0,"event_name":"Scrap Ooze","floor":2,"gold_loss":0},{"damage_healed":0,"gold_gain":0,"player_choice":"Ignored","damage_taken":0,"max_hp_gain":0,"max_hp_loss":0,"event_name":"Liars Game","floor":4,"gold_loss":0}],"is_beta":false,"boss_relics":[],"items_purged_floors":[],"is_endless":false,"potions_floor_spawned":[5],"killed_by":"3 Sentries","ascension_level":15}}