{"host":"gm50ke85n5jz306u","time":1614427110,"event":{"mods":["AchievementEnabler","AlwaysNeverKeys","Aspiration","BaseMod","Beaked The Cultist","Bestiary","Better Altar","Better Match","Better Note","Better Sensory Stone","Better Skull","Better Third Choice","Better Vampires","Better-Laid Plans","BetterRewards","Colored Powertips","Curses Come First","DNKmod","Defuse TimeMaze Blight","Disable Question Mark Monsters","Displayed Cursed Tome","Downfall","Emptier Cage","Extra Virgin Snecko Oil","Filter the Spire","Friendly Minions","Gremlin Skip","Hermit","Hubris","Hyrulean Relics","Ironclad Rager","Koishi","Lobotomy","Marisa????????","Marked Mod","Minty Spire (QoL Compilation)","Permanent Neow","Poor People Problems","Quick Restart","Reimu??????","Relic Filter Mod","Relic Sorter","Remove Card Discount Mod","Reorder Act Four","Replay The Spire","Shop Mod","StSLib","Synergy Search","Td1madao Mod","The Administrix","The Animator","The Blue Laboratory","The Bug Knight","The Construct","The Cursed","The Disciple","The Hierophant","The Necromancer","The Runesmith","The Senshi","The Servant 0.9.4","Thieving Mod","Transform Curses","WarShipGirlsR/????R mod"],"gold_per_floor":[10015,10035,9825,9825,9825,9900,9916,9941,9941,9941,9941,9961,9862,9862,9881,9881,9881,9978,9978,9993,9993,9975,9975,9993,9993,10006,10006,10006,10006,10026,10037,10037,10035,10035,10138,10138,10155,10125,10141,10152,10152,10177,10177,10192,10245,10258,10268,10266,10285,10285,10285,10285],"floor_reached":53,"language":"ENG","playtime":1328,"items_purged":["Replay:Undeath\u0027s Touch","Strike_R","Strike_R","Strike_R","Strike_R","Strike_R","Heavy Blade","Thunderclap","Defend_R","Defend_R","Defend_R","Defend_R","Thunderclap","Twin Strike","Cleave","Clothesline+1","Clothesline+1","Pommel Strike+1","Bash+1","Flex+1"],"score":964,"play_id":"dd1773df-b18c-4656-99ee-5a86dc39deaf","local_time":"20210227125830","is_ascension_mode":false,"campfire_choices":[{"data":"Pommel Strike","floor":9,"key":"SMITH"},{"data":"Clothesline","floor":14,"key":"SMITH"},{"data":"Clothesline","floor":17,"key":"SMITH"},{"data":"Shrug It Off","floor":25,"key":"SMITH"},{"data":"Shrug It Off","floor":27,"key":"SMITH"},{"floor":29,"key":"REST"},{"data":"Pommel Strike","floor":32,"key":"SMITH"},{"floor":34,"key":"REST"},{"data":"Flex","floor":43,"key":"SMITH"},{"data":"Thunderclap","floor":51,"key":"SMITH"}],"circlet_count":0,"master_deck":["Shrug It Off+1","Shrug It Off+1","Pommel Strike+1","Pommel Strike+1","Thunderclap+1","Flex+1"],"relics":["Burning Blood"],"acts_visited":["Exordium","TheCity","TheBeyond"],"potions_floor_usage":[52,52],"damage_taken":[{"damage":0,"enemies":"Small Slimes","floor":1,"turns":2},{"damage":1,"enemies":"2 Louse","floor":2,"turns":2},{"damage":0,"enemies":"Cultist","floor":7,"turns":2},{"damage":25,"enemies":"Gremlin Nob","floor":8,"turns":4},{"damage":1,"enemies":"Exordium Wildlife","floor":12,"turns":2},{"damage":0,"enemies":"Exordium Thugs","floor":15,"turns":2},{"damage":10,"enemies":"Slime Boss","floor":18,"turns":5},{"damage":0,"enemies":"Spheric Guardian","floor":20,"turns":3},{"damage":0,"enemies":"Shell Parasite","floor":24,"turns":1},{"damage":0,"enemies":"Snake Plant","floor":26,"turns":1},{"damage":0,"enemies":"Centurion and Healer","floor":30,"turns":1},{"damage":0,"enemies":"3 Cultists","floor":31,"turns":1},{"damage":0,"enemies":"Collector","floor":35,"turns":1},{"damage":0,"enemies":"Orb Walker","floor":37,"turns":1},{"damage":0,"enemies":"3 Darklings","floor":39,"turns":1},{"damage":0,"enemies":"Transient","floor":40,"turns":1},{"damage":0,"enemies":"beaked:SuperParasite","floor":42,"turns":1},{"damage":0,"enemies":"Spire Growth","floor":44,"turns":1},{"damage":0,"enemies":"Sphere and 2 Shapes","floor":46,"turns":1},{"damage":0,"enemies":"Maw","floor":47,"turns":1},{"damage":0,"enemies":"4 Shapes","floor":49,"turns":1},{"damage":0,"enemies":"Time Eater","floor":52,"turns":5}],"seed_played":"-5519061146323064078","potions_obtained":[{"floor":2,"key":"Weak Potion"},{"floor":18,"key":"Strength Potion"},{"floor":35,"key":"Dexterity Potion"},{"floor":44,"key":"Strength Potion"},{"floor":46,"key":"Explosive Potion"}],"is_trial":false,"path_per_floor":["M","M","$","PTL","PTL","?","M","E","R","?","T","M","$","R","M","?","R","B",null,"M","?","$","?","M","R","M","R","T","R","M","M","R","$","R","B",null,"M","$","M","M","?","E","R","M","T","M","M","$","M","$","R","B",null],"character_chosen":"IRONCLAD","items_purchased":["Shrug It Off","Pommel Strike","Clothesline","Flex","Shrug It Off","Clothesline","Thunderclap"],"campfire_rested":2,"item_purchase_floors":[3,3,3,3,13,13,38],"current_hp_per_floor":[1000,1000,1000,1000,1000,989,995,976,976,976,976,981,981,981,987,987,987,983,1000,1000,1000,1000,1000,1000,1000,1000,1000,1000,1000,1000,1000,1000,1000,1000,1000,1000,1000,1000,1000,1000,1000,1000,1000,1000,1000,1000,1000,1000,1000,1000,1000,1000],"gold":10285,"neow_bonus":"THREE_CARDS","is_daily":false,"chose_seed":false,"campfire_upgraded":8,"win_rate":0.0,"timestamp":1614427110,"path_taken":["M","M","$","PTL","PTL","?","M","E","R","?","T","M","$","R","?","?","R","BOSS","M","?","$","?","M","R","?","R","T","R","?","M","R","$","R","BOSS","M","$","M","M","?","E","R","M","T","M","?","$","M","$","R","BOSS"],"items_purchased_type":["Card","Card","Card","Card","Card","Card","Card"],"build_version":"2020-12-22","purchased_purges":20,"victory":true,"max_hp_per_floor":[1000,1000,1000,1000,1000,1000,1000,1000,1000,1000,1000,1000,1000,1000,1000,1000,1000,1000,1000,1000,1000,1000,1000,1000,1000,1000,1000,1000,1000,1000,1000,1000,1000,1000,1000,1000,1000,1000,1000,1000,1000,1000,1000,1000,1000,1000,1000,1000,1000,1000,1000,1000],"card_choices":[{"not_picked":["Spot Weakness","Inflame"],"picked":"Replay:Undeath\u0027s Touch","floor":0},{"not_picked":["ReplayTheSpireMod:Strike From Hell","Twin Strike"],"picked":"Thunderclap","floor":1},{"not_picked":["True Grit","Whirlwind"],"picked":"Cleave","floor":2},{"not_picked":["Clash","Dropkick"],"picked":"Thunderclap","floor":7},{"not_picked":["Sever Soul","ReplayTheSpireMod:Strike From Hell"],"picked":"Twin Strike","floor":8},{"not_picked":["Battle Trance","Flex"],"picked":"Heavy Blade","floor":12},{"not_picked":["Sword Boomerang","Clash","Entrench"],"picked":"SKIP","floor":15},{"not_picked":["Warcry+1","Carnage","Flex"],"picked":"SKIP","floor":20},{"not_picked":["Shockwave","Rampage+1","Iron Wave+1"],"picked":"SKIP","floor":24},{"not_picked":["Sentinel","Cleave+1","Clash"],"picked":"SKIP","floor":26},{"not_picked":["Sentinel+1","Warcry+1","Headbutt"],"picked":"SKIP","floor":30},{"not_picked":["Blood for Blood","Perfected Strike"],"picked":"Pommel Strike","floor":31},{"not_picked":["Spot Weakness+1","Pommel Strike","Sever Soul+1"],"picked":"SKIP","floor":37},{"not_picked":["Hemokinesis","Cleave","Body Slam+1"],"picked":"SKIP","floor":39},{"not_picked":["Hemokinesis","Cleave","Body Slam+1"],"picked":"SKIP","floor":39},{"not_picked":["ReplayTheSpireMod:LeadingStrike","Dark Embrace"],"picked":"Flex","floor":40},{"not_picked":["Rampage","Run Through","Anger+1"],"picked":"SKIP","floor":42},{"not_picked":["Cleave","Clothesline","ReplayReversal"],"picked":"SKIP","floor":44},{"not_picked":["Clothesline+1","Sword Boomerang+1","Shrug It Off"],"picked":"SKIP","floor":46},{"not_picked":["ReplayTheSpireMod:Strike From Hell","Perfected Strike","Clothesline"],"picked":"SKIP","floor":47},{"not_picked":["Corruption","Clash+1","hubris:CleavingFinish"],"picked":"SKIP","floor":49}],"player_experience":511491,"relics_obtained":[],"event_choices":[{"damage_healed":0,"gold_gain":75,"player_choice":"Gold","damage_taken":11,"max_hp_gain":0,"max_hp_loss":0,"event_name":"betterThird:BetterGoop","floor":6,"gold_loss":0},{"damage_healed":0,"gold_gain":0,"player_choice":"Leave","damage_taken":0,"max_hp_gain":0,"max_hp_loss":0,"event_name":"FaceTrader","floor":10,"gold_loss":0},{"damage_healed":0,"gold_gain":0,"player_choice":"Forge","damage_taken":0,"max_hp_gain":0,"max_hp_loss":0,"event_name":"Accursed Blacksmith","floor":16,"gold_loss":0,"cards_upgraded":["Bash"]},{"damage_healed":0,"gold_gain":0,"player_choice":"Copied","damage_taken":0,"max_hp_gain":0,"max_hp_loss":0,"event_name":"Duplicator","floor":21,"gold_loss":0,"cards_obtained":["Pommel Strike"]},{"damage_healed":0,"gold_gain":0,"player_choice":"Upgraded","damage_taken":0,"max_hp_gain":0,"max_hp_loss":0,"event_name":"Upgrade Shrine","floor":23,"gold_loss":0,"cards_upgraded":["Flex"]},{"damage_healed":0,"gold_gain":0,"player_choice":"Ignored","damage_taken":0,"max_hp_gain":0,"max_hp_loss":0,"event_name":"WeMeetAgain","floor":41,"gold_loss":0}],"is_beta":false,"boss_relics":[{"not_picked":["Fusion Hammer","SlaversCollar","Runic Dome"]},{"not_picked":["Replay:Ancient Bell","hubris:VirtuousBlindfold","hubris:CrackedHourglass"]}],"items_purged_floors":[3,3,3,3,3,3,13,22,22,22,22,22,22,22,22,22,33,38,38,48],"is_endless":false,"potions_floor_spawned":[2,7,8,18,20,30,35,37,39,44,46],"ascension_level":0}}