{"host":"3dgd3gfmqutz6web","time":1614425812,"event":{"mods":["Aspiration","BaseMod","BetterRewards","Dark Map","Downfall","Library of Ruina","Minty Spire (QoL Compilation)","Reliquary","Replay The Spire","Spikes Relics","StSLib"],"gold_per_floor":[113,125,300,300,318,352,352,370,415,415,428,35,53,67,67,165,165,175,175,175,192,211,211,211,211,211,242,262,262,262,276,276,276,276],"floor_reached":33,"language":"ENG","playtime":1319,"items_purged":[],"score":417,"play_id":"35198373-7834-4a2b-8a15-8532dc3d0851","local_time":"20210227033652","is_ascension_mode":true,"campfire_choices":[{"floor":7,"key":"REST"},{"floor":10,"key":"REST"},{"floor":15,"key":"REST"},{"floor":23,"key":"REST"},{"floor":25,"key":"REST"},{"floor":30,"key":"REST"},{"data":"Slimebound:CheckThePlaybook","floor":32,"key":"SMITH"},{"data":"Inflame","floor":32,"key":"SMITH"}],"circlet_count":0,"master_deck":["AscendersBane","Strike_R+1","Strike_R+1","Strike_R+1","Strike_R+1","Defend_R+1","Defend_R+1","Defend_R+1","Defend_R+1","Bash","Iron Wave","Infernal Blade","Spot Weakness","Cleave","Flex","Inflame+1","Warcry","Havoc","Slimebound:CheckThePlaybook+1","Shockwave+1","Flex+1","Headbutt","Battle Trance","Perfected Strike"],"relics":["Burning Blood","aspiration:Nostalgia","m_BurningSludge","ReplayTheSpireMod:Spearhead","reliquary:PorcupineQuills","reliquary:FingerTrap","Darkstone Periapt","CosmicIsotope","PageOfBloodbath","Replay:Arrowhead"],"acts_visited":["Exordium","TheCity"],"potions_floor_usage":[6,16,16,21,22,28,33],"damage_taken":[{"damage":1,"enemies":"Small Slimes","floor":1,"turns":4},{"damage":9,"enemies":"2 Louse","floor":2,"turns":2},{"damage":5,"enemies":"Cultist","floor":5,"turns":4},{"damage":43,"enemies":"Lagavulin","floor":6,"turns":8},{"damage":1,"enemies":"Looter","floor":8,"turns":4},{"damage":7,"enemies":"Large Slime","floor":11,"turns":4},{"damage":15,"enemies":"2 Fungi Beasts","floor":13,"turns":2},{"damage":12,"enemies":"Looter","floor":14,"turns":4},{"damage":83,"enemies":"Fading Forest","floor":16,"turns":11},{"damage":1,"enemies":"Spheric Guardian","floor":18,"turns":3},{"damage":25,"enemies":"Shell Parasite","floor":21,"turns":3},{"damage":16,"enemies":"Snake Plant","floor":22,"turns":2},{"damage":24,"enemies":"Book of Stabbing","floor":27,"turns":6},{"damage":9,"enemies":"Snecko","floor":28,"turns":4},{"damage":16,"enemies":"Chosen and Byrds","floor":31,"turns":6},{"damage":91,"enemies":"Automaton","floor":33,"turns":8}],"seed_played":"-6779545815088661665","potions_obtained":[{"floor":2,"key":"Venom Potion"},{"floor":6,"key":"Venom Potion"},{"floor":13,"key":"LifebloodPotion"},{"floor":14,"key":"bronze:BurnAndBuffPotion"},{"floor":16,"key":"champ:CounterPotion"},{"floor":21,"key":"Death Potion"},{"floor":22,"key":"BloodPotion"},{"floor":27,"key":"Adrenaline Potion"}],"is_trial":false,"path_per_floor":["M","M","?","?","M","E","R","M","T","R","M","$","M","M","R","B",null,"M","?","?","M","M","R","?","R","T","E","M","?","R","M","R","B"],"character_chosen":"IRONCLAD","items_purchased":["reliquary:FingerTrap","Darkstone Periapt"],"campfire_rested":6,"item_purchase_floors":[12,12],"current_hp_per_floor":[77,74,74,74,75,38,62,67,67,80,79,79,70,64,80,15,64,69,69,69,50,40,64,64,80,80,62,59,59,80,70,70,0,0],"gold":276,"neow_bonus":"NOSTALGIA","is_daily":false,"chose_seed":false,"campfire_upgraded":2,"win_rate":0.0,"timestamp":1614425812,"path_taken":["M","M","?","?","M","E","R","M","T","R","M","$","M","?","R","BOSS","M","?","?","M","M","R","?","R","T","E","M","?","R","?","R","BOSS"],"items_purchased_type":["Relic","Relic"],"build_version":"2020-12-22","purchased_purges":0,"victory":false,"max_hp_per_floor":[80,80,80,80,80,80,80,80,80,80,80,80,80,80,80,80,80,80,80,80,80,80,80,80,80,80,80,80,80,80,80,80,80,80],"card_choices":[{"not_picked":["True Grit","Clothesline"],"picked":"Iron Wave","floor":1},{"not_picked":["Pommel Strike","Entrench"],"picked":"Infernal Blade","floor":2},{"not_picked":["Second Wind","ReplayTheSpireMod:Stacked"],"picked":"Spot Weakness","floor":5},{"not_picked":["Dropkick","Wild Strike"],"picked":"Cleave","floor":6},{"not_picked":["Carnage","Wild Strike"],"picked":"Flex","floor":8},{"not_picked":["Replay:Undeath\u0027s Touch","Berserk"],"picked":"Inflame","floor":11},{"not_picked":["Feel No Pain","Dropkick"],"picked":"Warcry","floor":13},{"not_picked":["Bloodletting","Flex"],"picked":"Havoc","floor":14},{"not_picked":["Slimebound:MassFeed","Slimebound:FirmFortitude"],"picked":"Slimebound:CheckThePlaybook","floor":16},{"not_picked":["Replay:Undeath\u0027s Touch","Sword Boomerang"],"picked":"Shockwave+1","floor":18},{"not_picked":["Life Link","Dropkick","Wild Strike"],"picked":"SKIP","floor":21},{"not_picked":["Body Slam+1","Clothesline"],"picked":"Flex+1","floor":22},{"not_picked":["Invigoration","Entrench+1"],"picked":"Headbutt","floor":27},{"not_picked":["Cleave","Replay:Undeath\u0027s Touch","Reckless Charge"],"picked":"SKIP","floor":28},{"not_picked":["Body Slam","Twin Strike"],"picked":"Perfected Strike","floor":31}],"player_experience":263027,"relics_obtained":[{"floor":6,"key":"ReplayTheSpireMod:Spearhead"},{"floor":9,"key":"reliquary:PorcupineQuills"},{"floor":26,"key":"PageOfBloodbath"},{"floor":27,"key":"Replay:Arrowhead"}],"event_choices":[{"damage_healed":0,"gold_gain":175,"player_choice":"AGREE","damage_taken":0,"max_hp_gain":0,"max_hp_loss":0,"event_name":"Liars Game","floor":3,"gold_loss":0,"cards_obtained":["Doubt"]},{"cards_removed":["Doubt"],"damage_healed":0,"gold_gain":0,"player_choice":"Purged","damage_taken":0,"max_hp_gain":0,"max_hp_loss":0,"event_name":"Purifier","floor":4,"gold_loss":0},{"damage_healed":0,"gold_gain":0,"player_choice":"Simplicity","damage_taken":0,"max_hp_gain":0,"max_hp_loss":0,"event_name":"Back to Basics","floor":19,"gold_loss":0,"cards_upgraded":["Strike_R","Strike_R","Strike_R","Strike_R","Strike_R","Defend_R","Defend_R","Defend_R","Defend_R"]},{"damage_healed":0,"gold_gain":0,"player_choice":"Ignored","damage_taken":0,"max_hp_gain":0,"max_hp_loss":0,"event_name":"Ghosts","floor":24,"gold_loss":0},{"damage_healed":0,"gold_gain":0,"cards_transformed":["Strike_R"],"player_choice":"Transformed","damage_taken":0,"max_hp_gain":0,"max_hp_loss":0,"event_name":"Transmorgrifier","floor":29,"gold_loss":0,"cards_obtained":["Battle Trance"]}],"is_beta":false,"boss_relics":[{"not_picked":["reliquary:KinkedSpring","aspiration:RunicSpoon"],"picked":"CosmicIsotope"}],"items_purged_floors":[],"is_endless":false,"potions_floor_spawned":[2,6,13,14,16,21,22,27],"killed_by":"Automaton","ascension_level":11}}