{"host":"d52brwsy6af8zvaq","time":1614395223,"event":{"mods":["AchievementEnabler","BaseMod","Bestiary","Highlight Path","Minty Spire (QoL Compilation)","Quick Restart","Relic Stats","ojb\u0027s Better Paths Mod"],"gold_per_floor":[111,33,51,69,144,175,175,207,207,207,207],"floor_reached":10,"language":"ENG","playtime":301,"items_purged":[],"score":152,"play_id":"af1d029e-91bf-4380-8d36-15163a757dd8","local_time":"20210226200703","is_ascension_mode":true,"campfire_choices":[{"floor":7,"key":"REST"}],"circlet_count":0,"master_deck":["AscendersBane","Strike_B","Strike_B","Strike_B","Strike_B","Defend_B","Defend_B","Defend_B","Defend_B","Zap","Dualcast","Conserve Battery","Melter","Coolheaded","Rip and Tear","Coolheaded+1","Electrodynamics"],"relics":["Cracked Core","Juzu Bracelet","Toxic Egg 2","Lantern","Mercury Hourglass"],"acts_visited":["Exordium"],"potions_floor_usage":[],"damage_taken":[{"damage":2.0,"enemies":"Cultist","floor":1.0,"turns":4.0},{"damage":0.0,"enemies":"Jaw Worm","floor":3.0,"turns":4.0},{"damage":0.0,"enemies":"2 Louse","floor":4.0,"turns":2.0},{"damage":40,"enemies":"Lagavulin","floor":6,"turns":8},{"damage":25,"enemies":"3 Sentries","floor":8,"turns":8},{"damage":3,"enemies":"Lagavulin","floor":10,"turns":3}],"seed_played":"-7287247571721566090","potions_obtained":[{"floor":3.0,"key":"DuplicationPotion"}],"is_trial":false,"path_per_floor":["M","$","M","M","?","E","R","E","T","E"],"character_chosen":"DEFECT","items_purchased":["Melter"],"campfire_rested":1,"item_purchase_floors":[2],"current_hp_per_floor":[62,62,62,62,51,11,32,7,7,4,4],"gold":207,"neow_bonus":"RANDOM_COMMON_RELIC","is_daily":false,"chose_seed":false,"campfire_upgraded":0,"win_rate":0.0,"timestamp":1614395223,"path_taken":["M","$","M","M","?","E","R","E","T","E"],"items_purchased_type":["Card"],"build_version":"2020-12-22","purchased_purges":0,"victory":false,"max_hp_per_floor":[71,71,71,71,71,71,71,71,71,71,71],"relic_stats":{"counters":[6,29],"Juzu Bracelet":0,"obtain_stats":[{"Lantern":8,"Juzu Bracelet":0,"Toxic Egg 2":6,"Cracked Core":0,"Mercury Hourglass":9},{"Lantern":5,"Juzu Bracelet":0,"Toxic Egg 2":4,"Cracked Core":0,"Mercury Hourglass":5},{"Lantern":26,"Juzu Bracelet":0,"Toxic Egg 2":18,"Cracked Core":0,"Mercury Hourglass":26}],"Mercury Hourglass":[6]},"card_choices":[{"not_picked":["Stack","Aggregate"],"picked":"Conserve Battery","floor":1.0},{"not_picked":["Lockon","Stack"],"picked":"Coolheaded","floor":3.0},{"not_picked":["Gash","Leap"],"picked":"Rip and Tear","floor":4.0},{"not_picked":["Genetic Algorithm+1","White Noise+1"],"picked":"Coolheaded+1","floor":6},{"not_picked":["Stack+1","Turbo+1"],"picked":"Electrodynamics","floor":8}],"player_experience":2393978,"relics_obtained":[{"floor":6,"key":"Toxic Egg 2"},{"floor":8,"key":"Lantern"},{"floor":9,"key":"Mercury Hourglass"}],"event_choices":[{"damage_healed":0.0,"max_hp_gain":0.0,"max_hp_loss":0.0,"gold_gain":75.0,"event_name":"World of Goop","player_choice":"Gather Gold","floor":5.0,"gold_loss":0.0,"damage_taken":11.0}],"is_beta":false,"boss_relics":[],"items_purged_floors":[],"is_endless":false,"potions_floor_spawned":[3],"killed_by":"Lagavulin","ascension_level":20}}