{"host":"dzvdy2cvkhifjmvi","time":1614392231,"event":{"mods":["BaseMod","Downfall","Infinite Spire","Marisa????????","Minty Spire (QoL Compilation)","Replay The Spire","StSLib","The Cursed","The Disciple","The Servant 0.9.4"],"gold_per_floor":[99,111,111,45,45,60,60,71,96,96,96,110,10,24,37,141,141,141,156,175,193,143,53,103,103,121,140,154,154,168,193,210,210,210,210],"floor_reached":33,"language":"ENG","playtime":2100,"items_purged":["Slimebound:Strike_Slimebound"],"score":263,"play_id":"e7eb4c2a-eccb-493b-a4d2-d2d4f90c972e","local_time":"20210226191711","is_ascension_mode":false,"campfire_choices":[{"data":"Slimebound:Split","floor":1,"key":"SMITH"},{"data":"Slimebound:LeechEnergy","floor":10,"key":"SMITH"},{"data":"Slimebound:CorrosiveSpit","floor":13,"key":"SMITH"},{"data":"Slimebound:DuplicatedForm","floor":18,"key":"SMITH"},{"data":"Slimebound:FirmFortitude","floor":25,"key":"SMITH"},{"data":"Slimebound:SplitLeeching","floor":29,"key":"SMITH"}],"circlet_count":0,"master_deck":["Slimebound:Tackle","Slimebound:Defend_Slimebound","Slimebound:Defend_Slimebound","Slimebound:Defend_Slimebound","Slimebound:Defend_Slimebound","Slimebound:Split+1","Slimebound:CorrosiveSpit+1","Slimebound:Replication","Slimebound:LivingWall","Slimebound:SamplingLick","Slimebound:OozeBath+1","Slimebound:LeechEnergy+1","Slimebound:SamplingLick","Slimebound:FirmFortitude+1","Slimebound:Prepare","Slimebound:DuplicatedForm+1","Slimebound:HauntingLick","Slimebound:GoopSpray+1","Slimebound:Prepare","Slimebound:LevelUp","Slimebound:Grow+1","Slimebound:SplitLeeching+1","Slimebound:PressTheAttack"],"relics":["Slimebound:AbsorbEndCombat","StoneCalendar","Pet Ghost","downfall:HeartBlessingBlue","Replay:Grab Bag","ChewingGum","Slimebound:TarBlob","Ring of Chaos","Juzu Bracelet","Pen Nib"],"acts_visited":["Exordium","TheCity"],"potions_floor_usage":[31,31,33,33],"damage_taken":[{"damage":7,"enemies":"Small Slimes","floor":2,"turns":4},{"damage":5,"enemies":"downfall:FleeingMerchant","floor":4,"turns":4},{"damage":6,"enemies":"Jaw Worm","floor":6,"turns":4},{"damage":3,"enemies":"Cultist","floor":8,"turns":4},{"damage":11,"enemies":"Large Slime","floor":12,"turns":5},{"damage":8,"enemies":"downfall:LooterAlt","floor":14,"turns":3},{"damage":0,"enemies":"Blue Slaver","floor":15,"turns":4},{"damage":2,"enemies":"IC_STATUS_ARCHETYPE","floor":16,"turns":7},{"damage":62,"enemies":"Spheric Guardian","floor":19,"turns":6},{"damage":25,"enemies":"Chosen","floor":20,"turns":4},{"damage":0,"enemies":"Shelled Parasite and Fungi","floor":21,"turns":5},{"damage":15,"enemies":"downfall:FleeingMerchant","floor":23,"turns":4},{"damage":23,"enemies":"Snake Plant","floor":26,"turns":5},{"damage":35,"enemies":"Chosen and Byrds","floor":27,"turns":6},{"damage":20,"enemies":"Cultist and Chosen","floor":28,"turns":7},{"damage":20,"enemies":"Snake Plant","floor":30,"turns":5},{"damage":37,"enemies":"Slavers","floor":31,"turns":7},{"damage":15,"enemies":"Centurion and Healer","floor":32,"turns":7},{"damage":49,"enemies":"DF_ARCHETYPE_CLAW","floor":33,"turns":2}],"seed_played":"-7861295461944027832","potions_obtained":[{"floor":8,"key":"LiquidBronze"},{"floor":12,"key":"PowerPotion"},{"floor":15,"key":"sneckomod:MuddlingPotion"},{"floor":31,"key":"Fire Potion"}],"is_trial":false,"path_per_floor":["R","M","?","$","?","M","T","M","T","R","?","M","R","M","M","B",null,"R","M","M","M","?","$","T","R","M","M","M","R","M","E","M","B"],"character_chosen":"SLIMEBOUND","items_purchased":["Slimebound:SamplingLick"],"campfire_rested":0,"item_purchase_floors":[4],"current_hp_per_floor":[47,42,42,41,41,39,39,38,38,38,59,56,66,62,64,70,75,75,47,43,51,75,75,75,75,69,53,54,54,55,41,49,0,0,0],"gold":210,"neow_bonus":"ONE_RARE_RELIC","is_daily":false,"chose_seed":false,"campfire_upgraded":6,"win_rate":0.0,"timestamp":1614392231,"path_taken":["R","M","?","$","?","M","T","M","?","R","?","M","R","?","M","BOSS","R","M","M","M","?","$","T","R","M","M","M","R","M","E","M","BOSS"],"items_purchased_type":["Card"],"build_version":"2020-12-22","purchased_purges":1,"victory":false,"max_hp_per_floor":[65,65,65,65,65,65,65,65,65,65,65,65,75,75,75,75,75,75,75,75,75,75,75,75,75,75,75,75,75,75,75,75,75,75,75],"card_choices":[{"not_picked":["Slimebound:SlimeTap","Slimebound:LeechingTouch"],"picked":"Slimebound:Replication","floor":2},{"not_picked":["Slimebound:SplitBruiser","Slimebound:ComboTackle"],"picked":"Slimebound:LivingWall","floor":4},{"not_picked":["Slimebound:GoopTackle","Slimebound:FormOfPuddle","Slimebound:SlimeSpikes"],"picked":"SKIP","floor":6},{"not_picked":["Slimebound:SlimeSpikes","Slimebound:SlimeBrawl"],"picked":"Slimebound:LeechEnergy","floor":8},{"not_picked":["Slimebound:SplitLeeching","Slimebound:Grow"],"picked":"Slimebound:SamplingLick","floor":12},{"not_picked":["Slimebound:FormOfPuddle","Slimebound:LeechEnergy"],"picked":"Slimebound:FirmFortitude","floor":14},{"not_picked":["Slimebound:RollThrough","Slimebound:GoopTackle"],"picked":"Slimebound:Prepare","floor":15},{"not_picked":["Slimebound:Overexert","Slimebound:PrepareCrush"],"picked":"Slimebound:DuplicatedForm","floor":16},{"not_picked":["Slimebound:LivingWall","Slimebound:FinishingTackle+1"],"picked":"Slimebound:HauntingLick","floor":19},{"not_picked":["Slimebound:LivingWall+1","Slimebound:Replication"],"picked":"Slimebound:GoopSpray+1","floor":20},{"not_picked":["Slimebound:RainOfGoop","Slimebound:ComboTackle+1"],"picked":"Slimebound:Prepare","floor":21},{"not_picked":["Slimebound:RollThrough","Slimebound:SplitLeeching","Slimebound:PressTheAttack"],"picked":"SKIP","floor":23},{"not_picked":["Slimebound:HauntingLick","Slimebound:FinishingTackle"],"picked":"Slimebound:LevelUp","floor":26},{"not_picked":["Slimebound:RejuvenatingLick","Slimebound:LeechingTouch"],"picked":"Slimebound:Grow+1","floor":27},{"not_picked":["Slimebound:SplitAcid","Slimebound:LeadByExample"],"picked":"Slimebound:SplitLeeching","floor":28},{"not_picked":["Slimebound:Chomp+1","Slimebound:HauntingLick"],"picked":"Slimebound:PressTheAttack","floor":30},{"not_picked":["Slimebound:Prepare","Slimebound:GoopSpray","Slimebound:BestDefense"],"picked":"SKIP","floor":31},{"not_picked":["Slimebound:PressTheAttack","Slimebound:GoopTackle","Slimebound:Overexert"],"picked":"SKIP","floor":32}],"player_experience":1452929,"relics_obtained":[{"floor":9,"key":"Pet Ghost"},{"floor":24,"key":"Juzu Bracelet"},{"floor":31,"key":"Pen Nib"}],"event_choices":[{"damage_healed":21,"gold_gain":0,"player_choice":"Banana","damage_taken":0,"max_hp_gain":0,"max_hp_loss":0,"event_name":"Big Fish","floor":11,"gold_loss":0}],"is_beta":false,"boss_relics":[{"not_picked":["Velvet Choker","Replay:Wanted Poster"],"picked":"Replay:Grab Bag"},{"not_picked":["Replay:Bronze Core","Cursed Key"],"picked":"ChewingGum"},{"not_picked":["Runic Dome","bronze:MakeshiftBattery"],"picked":"Slimebound:TarBlob"},{"not_picked":["Kintsugi","SacredBark"],"picked":"Ring of Chaos"}],"items_purged_floors":[23],"is_endless":false,"potions_floor_spawned":[8,12,15,20,21,27,30,31],"killed_by":"DF_ARCHETYPE_CLAW","ascension_level":0}}