{"host":"q57ekfojy3i00x9o","time":1614414704,"event":{"mods":["Act Like it!","Arknights","Aspiration","BaseMod","Colored Map","Energized Spire","Hermit","Minty Spire (QoL Compilation)","Quick Restart","Ruina","Spicy Shops","Spikes Relics","StSLib","slay the spire mod where everything is the same but ironclad has a cowboy hat"],"gold_per_floor":[109,109,109,119,16,51,51,85,85,85,85,135,153,164,164,241,241,253,253,178,190,201,201,217,97,122,138,138,188,113,143,143,143,143],"floor_reached":33,"language":"RUS","playtime":513,"items_purged":[],"score":566,"play_id":"b2981013-6789-4516-84d4-7185b6635f73","local_time":"20210227133144","is_ascension_mode":true,"campfire_choices":[{"data":"Clash","floor":7.0,"key":"SMITH"},{"data":"Flex","floor":11.0,"key":"SMITH"},{"data":"Flex","floor":15.0,"key":"SMITH"},{"floor":23.0,"key":"REST"},{"data":"Dual Wield","floor":28,"key":"SMITH"},{"floor":32,"key":"REST"}],"circlet_count":0,"master_deck":["AscendersBane","Strike_R","Strike_R","Strike_R","Strike_R","Strike_R","Defend_R","Defend_R","Defend_R","Defend_R","Bash","Flex+1","Flex+1","Clash+1","Twin Strike","Clash+1","Feed+1","Carnage+1","Thunderclap+1","Hemokinesis+1","Twin Strike+1","Clash+1","Dual Wield+1","Twin Strike+1"],"relics":["Burning Blood","NeowsBlessing","Red Skull","Lizard Tail","Mercury Hourglass","Molten Egg 2","Prayer Wheel","Juzu Bracelet","White Beast Statue"],"acts_visited":["Exordium","TheCity"],"potions_floor_usage":[27],"damage_taken":[{"damage":0.0,"enemies":"2 Louse","floor":1.0,"turns":1.0},{"damage":0.0,"enemies":"Jaw Worm","floor":4.0,"turns":1.0},{"damage":0.0,"enemies":"Lagavulin","floor":6.0,"turns":2.0},{"damage":35.0,"enemies":"3 Sentries","floor":8.0,"turns":9.0},{"damage":7.0,"enemies":"Small Slimes","floor":13.0,"turns":3.0},{"damage":22.0,"enemies":"2 Fungi Beasts","floor":14.0,"turns":3.0},{"damage":60.0,"enemies":"The Guardian","floor":16.0,"turns":8.0},{"damage":14.0,"enemies":"3 Byrds","floor":18.0,"turns":3.0},{"damage":39.0,"enemies":"2 Thieves","floor":21.0,"turns":3.0},{"damage":6.0,"enemies":"Sentry and Sphere","floor":22.0,"turns":3.0},{"damage":15.0,"enemies":"Cultist and Chosen","floor":24.0,"turns":5.0},{"damage":9,"enemies":"Centurion and Healer","floor":27,"turns":3},{"damage":30,"enemies":"Book of Stabbing","floor":31,"turns":3},{"damage":61,"enemies":"Champ","floor":33,"turns":3}],"seed_played":"-9134981603021486658","potions_obtained":[{"floor":4.0,"key":"Swift Potion"},{"floor":14.0,"key":"SkillPotion"},{"floor":16.0,"key":"ColorlessPotion"},{"floor":18.0,"key":"SteroidPotion"},{"floor":21.0,"key":"SteroidPotion"},{"floor":24.0,"key":"FairyPotion"}],"is_trial":false,"path_per_floor":["M","?","?","M","$","E","R","E","T","?","R","?","M","M","R","B",null,"M","?","$","M","M","R","M","$","T","M","R","?","?","E","R","B"],"character_chosen":"IRONCLAD","items_purchased":["Clash","Twin Strike","Carnage+1","Prayer Wheel"],"campfire_rested":2,"item_purchase_floors":[5,5,20,25],"current_hp_per_floor":[74,79,79,80,80,80,80,51,51,51,51,43,42,26,26,16,64,56,56,56,27,31,57,48,48,48,45,45,45,45,21,47,0,0],"gold":143,"neow_bonus":"THREE_ENEMY_KILL","is_daily":false,"chose_seed":false,"campfire_upgraded":4,"win_rate":0.0,"timestamp":1614414704,"path_taken":["M","?","?","M","?","E","R","E","T","?","R","?","M","?","R","BOSS","M","?","$","M","M","R","M","$","T","M","R","?","?","E","R","BOSS"],"items_purchased_type":["Card","Card","Card","Relic"],"build_version":"2020-12-22","purchased_purges":0,"victory":false,"max_hp_per_floor":[75,80,80,80,80,80,80,80,80,80,80,80,80,80,80,80,80,80,80,80,84,88,88,88,88,88,88,88,88,88,88,88,88,88],"card_choices":[{"not_picked":["Anger","Wild Strike"],"picked":"Flex","floor":1.0},{"not_picked":["Anger","Flame Barrier"],"picked":"Flex","floor":4.0},{"not_picked":["Headbutt","Intimidate","Body Slam"],"picked":"SKIP","floor":6.0},{"not_picked":["Armaments","Invigoration","Blood for Blood"],"picked":"SKIP","floor":8.0},{"not_picked":["Bloodletting","Feel No Pain","Sentinel"],"picked":"SKIP","floor":13.0},{"not_picked":["BarbarianYell","Iron Wave+1"],"picked":"Clash+1","floor":14.0},{"not_picked":["Demon Form","Barricade"],"picked":"Feed+1","floor":16.0},{"not_picked":["Absolvement","Havoc","Battle Trance"],"picked":"SKIP","floor":18.0},{"not_picked":["Burning Pact+1","Armaments"],"picked":"Thunderclap+1","floor":21.0},{"not_picked":["Rage","Blood for Blood+1"],"picked":"Hemokinesis+1","floor":22.0},{"not_picked":["Searing Blow+1","Absolvement"],"picked":"Twin Strike+1","floor":24.0},{"not_picked":["Searing Blow+1","Second Wind"],"picked":"Clash+1","floor":27},{"not_picked":["Pommel Strike+1","Armaments"],"picked":"Dual Wield","floor":27},{"not_picked":["Blood for Blood+1","Invigoration"],"picked":"Twin Strike+1","floor":31}],"player_experience":799079,"relics_obtained":[{"floor":6.0,"key":"Red Skull"},{"floor":8.0,"key":"Lizard Tail"},{"floor":9.0,"key":"Mercury Hourglass"},{"floor":26.0,"key":"Juzu Bracelet"},{"floor":31,"key":"White Beast Statue"}],"event_choices":[{"damage_healed":0.0,"max_hp_gain":5.0,"max_hp_loss":0.0,"gold_gain":0.0,"event_name":"Big Fish","player_choice":"Donut","floor":2.0,"gold_loss":0.0,"damage_taken":0.0},{"damage_healed":0.0,"max_hp_gain":0.0,"max_hp_loss":0.0,"gold_gain":0.0,"event_name":"The Cleric","player_choice":"Leave","floor":3.0,"gold_loss":0.0,"damage_taken":0.0},{"damage_healed":0.0,"max_hp_gain":0.0,"max_hp_loss":0.0,"gold_gain":50.0,"event_name":"FaceTrader","player_choice":"Touch","floor":12.0,"gold_loss":0.0,"damage_taken":8.0},{"damage_healed":0.0,"max_hp_gain":0.0,"max_hp_loss":0.0,"gold_gain":0.0,"event_name":"Vampires","player_choice":"Ignored","floor":19.0,"gold_loss":0.0,"damage_taken":0.0},{"damage_healed":0,"gold_gain":50,"player_choice":"Stole From Cult","damage_taken":0,"max_hp_gain":0,"max_hp_loss":0,"event_name":"Nest","floor":29,"gold_loss":0},{"cards_removed":["Injury"],"damage_healed":0,"gold_gain":0,"player_choice":"Gave Gold","damage_taken":0,"max_hp_gain":0,"max_hp_loss":0,"event_name":"Beggar","floor":30,"gold_loss":75}],"is_beta":false,"boss_relics":[{"not_picked":["energizedSpire:DeadBattery","energizedSpire:SpiderWeb","energizedSpire:CursedPentagram"]}],"items_purged_floors":[],"is_endless":false,"potions_floor_spawned":[4,14,16,18,21,22,24],"killed_by":"Champ","ascension_level":18}}