{"host":"pjgcdp3h1plnbocs","time":1614430009,"event":{"mods":["AchievementEnabler","BaseMod","Colored Map","Downfall","Highlight Path","Minty Spire (QoL Compilation)","StSLib"],"gold_per_floor":[117,0,100,119,132,158,158,158,182,182,195,206,236,250,250,327,327,337,337,262,276,276,307,307,336,336,355,355,355],"floor_reached":28,"language":"ENG","playtime":1444,"items_purged":[],"score":483,"play_id":"6597ac04-2afe-48e1-a414-e92731518236","local_time":"20210227134649","is_ascension_mode":true,"campfire_choices":[{"data":"Dualcast","floor":8,"key":"SMITH"},{"data":"Zap","floor":10,"key":"SMITH"},{"data":"Redo","floor":15,"key":"SMITH"},{"data":"Seek","floor":24,"key":"SMITH"}],"circlet_count":0,"master_deck":["AscendersBane","Strike_B+1","Strike_B+1","Defend_B+1","Defend_B+1","Defend_B+1","Defend_B+1","Zap+1","Dualcast+1","Defragment+1","Glacier","Coolheaded","Redo+1","Cold Snap","Coolheaded","Echo Form+1","Gash","Seek+1"],"relics":["Cracked Core","Bag of Preparation","Slimebound:StickyStick","Pantograph","bronze:MakeshiftBattery","Regal Pillow","Frozen Egg 2","Slimebound:PreparedRelic"],"acts_visited":["Exordium","TheCity"],"potions_floor_usage":[28,28],"damage_taken":[{"damage":0,"enemies":"Cultist","floor":1,"turns":3},{"damage":11,"enemies":"2 Louse","floor":4,"turns":2},{"damage":0,"enemies":"Small Slimes","floor":5,"turns":5},{"damage":15,"enemies":"Lagavulin","floor":6,"turns":11},{"damage":0,"enemies":"Red Slaver","floor":11,"turns":4},{"damage":3,"enemies":"Exordium Wildlife","floor":12,"turns":5},{"damage":0,"enemies":"3 Sentries","floor":13,"turns":9},{"damage":3,"enemies":"Exordium Thugs","floor":14,"turns":5},{"damage":18,"enemies":"The Guardian","floor":16,"turns":17},{"damage":0,"enemies":"Spheric Guardian","floor":18,"turns":5},{"damage":0,"enemies":"Chosen","floor":21,"turns":7},{"damage":27,"enemies":"Slavers","floor":23,"turns":8},{"damage":36,"enemies":"Book of Stabbing","floor":25,"turns":8},{"damage":0,"enemies":"Snake Plant","floor":27,"turns":7},{"damage":10,"enemies":"Slavers","floor":28,"turns":3}],"seed_played":"-3542448574631312193","potions_obtained":[{"floor":4,"key":"Swift Potion"},{"floor":5,"key":"PotionOfCapacity"}],"is_trial":false,"path_per_floor":["M","$","?","M","M","E","?","R","T","R","M","M","E","M","R","B",null,"M","?","?","M","?","E","R","E","T","M","E"],"character_chosen":"DEFECT","items_purchased":["Defragment","PowerPotion"],"campfire_rested":0,"item_purchase_floors":[2,2],"current_hp_per_floor":[68,68,68,57,57,42,42,42,42,42,42,39,39,36,36,43,67,67,67,67,67,67,40,40,4,4,4,0,0],"gold":355,"neow_bonus":"REMOVE_CARD","is_daily":false,"chose_seed":false,"campfire_upgraded":4,"win_rate":0.0,"timestamp":1614430009,"path_taken":["M","?","?","?","M","E","?","R","T","R","M","M","E","M","R","BOSS","M","?","?","?","?","E","R","E","T","?","E"],"items_purchased_type":["Card","Potion"],"build_version":"2020-12-22","purchased_purges":0,"victory":false,"max_hp_per_floor":[75,75,75,75,75,75,75,75,75,75,75,75,75,75,75,75,75,75,75,75,75,75,75,75,75,75,75,75,75],"card_choices":[{"not_picked":["Hologram","Sunder","Steam Power"],"picked":"SKIP","floor":1},{"not_picked":["Undo","Sunder"],"picked":"Glacier","floor":4},{"not_picked":["Force Field","Chill"],"picked":"Coolheaded","floor":6},{"not_picked":["Beam Cell","Rebound"],"picked":"Redo","floor":11},{"not_picked":["Double Energy","Hologram"],"picked":"Cold Snap","floor":12},{"not_picked":["Streamline","Turbo"],"picked":"Coolheaded","floor":13},{"not_picked":["Static Discharge","Heatsinks","Hologram"],"picked":"SKIP","floor":14},{"not_picked":["Biased Cognition","Rainbow"],"picked":"Echo Form","floor":16},{"not_picked":["Tempest","Fusion"],"picked":"Gash","floor":18},{"not_picked":["Rebound+1","Turbo","Barrage+1"],"picked":"SKIP","floor":21},{"not_picked":["Doom and Gloom+1","Sweeping Beam"],"picked":"Seek","floor":23},{"not_picked":["Double Energy+1","Tempest","Lockon"],"picked":"SKIP","floor":25},{"not_picked":["Go for the Eyes","Conserve Battery","Scrape"],"picked":"SKIP","floor":27}],"player_experience":281984,"relics_obtained":[{"floor":6,"key":"Bag of Preparation"},{"floor":9,"key":"Slimebound:StickyStick"},{"floor":13,"key":"Pantograph"},{"floor":23,"key":"Regal Pillow"},{"floor":25,"key":"Frozen Egg 2"},{"floor":26,"key":"Slimebound:PreparedRelic"}],"event_choices":[{"damage_healed":0,"gold_gain":100,"player_choice":"Pray","damage_taken":0,"max_hp_gain":0,"max_hp_loss":0,"event_name":"Golden Shrine","floor":3,"gold_loss":0},{"damage_healed":0,"gold_gain":0,"player_choice":"Upgraded","damage_taken":0,"max_hp_gain":0,"max_hp_loss":0,"event_name":"Upgrade Shrine","floor":7,"gold_loss":0,"cards_upgraded":["Defragment"]},{"damage_healed":0,"gold_gain":0,"player_choice":"Simplicity","damage_taken":0,"max_hp_gain":0,"max_hp_loss":0,"event_name":"Back to Basics","floor":19,"gold_loss":0,"cards_upgraded":["Strike_B","Strike_B","Strike_B","Defend_B","Defend_B","Defend_B","Defend_B"]},{"cards_removed":["Strike_B"],"damage_healed":0,"gold_gain":0,"player_choice":"Gave Gold","damage_taken":0,"max_hp_gain":0,"max_hp_loss":0,"event_name":"Beggar","floor":20,"gold_loss":75},{"damage_healed":0,"gold_gain":0,"player_choice":"Forge","damage_taken":0,"max_hp_gain":0,"max_hp_loss":0,"event_name":"Accursed Blacksmith","floor":22,"gold_loss":0,"cards_upgraded":["Echo Form"]}],"is_beta":false,"boss_relics":[{"not_picked":["Busted Crown","expansioncontent:StudyCardRelic"],"picked":"bronze:MakeshiftBattery"}],"items_purged_floors":[],"is_endless":false,"potions_floor_spawned":[4,5,6,14,18,21],"killed_by":"Slavers","ascension_level":13}}