{"host":"8zzc9mdnfkdiyxma","time":1614423374,"event":{"mods":["2.2 Compatiblity","BaseMod","Better Altar","Better Match","Better Note","Better Sensory Stone","Better Skull","Better Third Choice","Better Vampires","Colored Map","Colored Powertips","Dark Map","Emptier Cage","Energized Spire","Extra Virgin Snecko Oil","Halation","Hubris","Minty Spire (QoL Compilation)","Monster B Gone","Permanent Neow","Poor People Problems","RNG Fix","Rare Cards Sparkle","Relic Filter","Reliquary","SacredBarkPlus","Smile Girya","StSLib","Waifu the Spire"],"gold_per_floor":[114,114,114,39,57,57,127,127,127,147,188,188,208,226,226,320,320,320,320,320,320,6,6,6],"floor_reached":23,"language":"ENG","playtime":1143,"items_purged":["Defend_G"],"score":382,"play_id":"daabc94f-b00e-4e7e-9495-7899826830bd","local_time":"20210227055614","is_ascension_mode":true,"campfire_choices":[{"data":"Skewer","floor":6,"key":"SMITH"},{"data":"Neutralize","floor":8,"key":"SMITH"},{"data":"Poisoned Stab","floor":12,"key":"SMITH"},{"data":"Survivor","floor":15,"key":"SMITH"}],"circlet_count":0,"master_deck":["AscendersBane","Strike_G","Strike_G","Strike_G","Strike_G","Strike_G","Defend_G","Defend_G","Defend_G","Survivor+1","Neutralize+1","Acrobatics","Skewer+1","Poisoned Stab+1","Backstab","Poisoned Stab","Night Terror","Flying Knee","Poisoned Stab","Good Instincts+1","Dodge and Roll","Good Instincts"],"relics":["Ring of the Snake","hubris:MysteriousPyramids","Golden Idol","Strawberry","reliquary:PurpleTingedLeaf","Ectoplasm","MealTicket"],"acts_visited":["Exordium","TheCity"],"potions_floor_usage":[16,16,21,23],"damage_taken":[{"damage":1,"enemies":"Small Slimes","floor":1,"turns":4},{"damage":0,"enemies":"2 Louse","floor":5,"turns":2},{"damage":2,"enemies":"Jaw Worm","floor":10,"turns":2},{"damage":6,"enemies":"Gremlin Nob","floor":11,"turns":3},{"damage":0,"enemies":"3 Louse","floor":13,"turns":2},{"damage":0,"enemies":"Looter","floor":14,"turns":1},{"damage":17,"enemies":"The Guardian","floor":16,"turns":11},{"damage":17,"enemies":"Shell Parasite","floor":18,"turns":4},{"damage":29,"enemies":"3 Byrds","floor":19,"turns":5},{"damage":15,"enemies":"Centurion and Healer","floor":21,"turns":4},{"damage":7,"enemies":"Book of Stabbing","floor":23,"turns":4}],"seed_played":"3750784351144863788","potions_obtained":[{"floor":13,"key":"Energy Potion"},{"floor":14,"key":"CunningPotion"},{"floor":19,"key":"BlessingOfTheForge"}],"is_trial":false,"path_per_floor":["M","?","?","$","M","R","?","R","T","M","E","R","M","M","R","B",null,"M","M","?","M","$","E"],"character_chosen":"THE_SILENT","items_purchased":["MealTicket","Good Instincts","AttackPotion"],"campfire_rested":0,"item_purchase_floors":[22,22,22],"current_hp_per_floor":[58,58,58,58,58,58,58,58,65,63,57,57,57,58,58,44,61,46,18,18,4,4,0,0],"gold":6,"neow_bonus":"TRANSFORM_CARD","is_daily":false,"chose_seed":false,"campfire_upgraded":4,"win_rate":0.0,"timestamp":1614423374,"path_taken":["M","?","?","$","M","R","?","R","T","?","E","R","M","M","R","BOSS","M","M","?","?","$","E"],"items_purchased_type":["Relic","Card","Potion"],"build_version":"2020-12-22","purchased_purges":1,"victory":false,"max_hp_per_floor":[66,66,60,60,60,60,60,60,67,67,67,67,67,67,67,67,67,67,67,67,67,67,67,67],"card_choices":[{"not_picked":["Blade Dance","Acrobatics"],"picked":"Skewer","floor":1},{"not_picked":["Quick Slash","Acrobatics"],"picked":"Poisoned Stab","floor":5},{"not_picked":["Deflect","Underhanded Strike"],"picked":"Backstab","floor":10},{"not_picked":["Finisher","Acrobatics","hubris:Sniper"],"picked":"SKIP","floor":11},{"not_picked":["Finisher","Acrobatics","hubris:Sniper"],"picked":"SKIP","floor":11},{"not_picked":["Calculated Gamble","Acrobatics","Sucker Punch"],"picked":"SKIP","floor":13},{"not_picked":["Quick Slash","Acrobatics"],"picked":"Poisoned Stab","floor":14},{"not_picked":["Venomology","Burst"],"picked":"Night Terror","floor":16},{"not_picked":["Blade Dance","Underhanded Strike"],"picked":"Flying Knee","floor":18},{"not_picked":["Backflip","Dagger Throw"],"picked":"Poisoned Stab","floor":19},{"not_picked":["Slice","Escape Plan"],"picked":"Dodge and Roll","floor":21}],"player_experience":1039991,"relics_obtained":[{"floor":2,"key":"hubris:MysteriousPyramids"},{"floor":9,"key":"Strawberry"},{"floor":11,"key":"reliquary:PurpleTingedLeaf"}],"event_choices":[{"damage_healed":0,"gold_gain":0,"player_choice":"Relic","damage_taken":0,"max_hp_gain":0,"max_hp_loss":0,"event_name":"Wheel of Change","floor":2,"gold_loss":0},{"damage_healed":0,"gold_gain":0,"player_choice":"Lose Max HP","damage_taken":0,"relics_obtained":["Golden Idol"],"max_hp_gain":0,"max_hp_loss":6,"event_name":"Golden Idol","floor":3,"gold_loss":0},{"damage_healed":0,"gold_gain":70,"player_choice":"Gained Gold","damage_taken":0,"max_hp_gain":0,"max_hp_loss":0,"event_name":"Golden Wing","floor":7,"gold_loss":0},{"cards_removed":["Survivor"],"damage_healed":0,"gold_gain":0,"player_choice":"Take \u0026 Give","damage_taken":0,"max_hp_gain":0,"max_hp_loss":0,"event_name":"betterNote:BetterNote","floor":20,"gold_loss":0,"cards_obtained":["Good Instincts"]}],"is_beta":false,"boss_relics":[{"not_picked":["Philosopher\u0027s Stone","Velvet Choker"],"picked":"Ectoplasm"}],"items_purged_floors":[4],"is_endless":false,"potions_floor_spawned":[13,14,19],"killed_by":"Book of Stabbing","ascension_level":20}}