{"host":"py7qdianp3jrm8dm","time":1614434258,"event":{"mods":["AchievementEnabler","BaseMod","Bestiary","Highlight Path","Minty Spire (QoL Compilation)","Relic Stats","StSLib"],"gold_per_floor":[109,121,121,26,44,71,90,124,124,140,167,13,42,76,76,176,176,194,207,207,56,71,71,102,102,102,102,35,48,65,76,76,175,175,192,238,288,83,103,103,134,134,134,134,145,174,174,29,29,29,29,29,29,29,29],"floor_reached":54,"language":"ENG","playtime":7024,"items_purged":["Strike_P","Strike_P"],"score":1093,"play_id":"4a069050-c1f1-4066-8af6-a99b2e676201","local_time":"20210227135738","is_ascension_mode":true,"campfire_choices":[{"data":"Fasting2","floor":15,"key":"SMITH"},{"data":"Wallop","floor":23,"key":"SMITH"},{"data":"MentalFortress","floor":27,"key":"SMITH"},{"data":"WaveOfTheHand","floor":32,"key":"SMITH"},{"floor":40,"key":"RECALL"}],"circlet_count":0,"master_deck":["Strike_P+1","Strike_P","Defend_P","Defend_P","Defend_P","Defend_P+1","Eruption+1","Vigilance+1","Conclude","FlurryOfBlows","FollowUp","BowlingBash","MentalFortress+1","FlurryOfBlows","Swivel+1","MentalFortress+1","Wallop+1","Crescendo+1","CutThroughFate","Protect","DeceiveReality","CrushJoints","Fasting2+1","Vault+1","Crescendo+1","LessonLearned+1","WaveOfTheHand+1","Wallop","WindmillStrike+1","SandsOfTime+1","WindmillStrike+1","FlyingSleeves+1","FlyingSleeves+1","EmptyMind","MentalFortress","EmptyFist+1","Wallop+1","Wallop+1","SandsOfTime+1","ClearTheMind+1","DevaForm"],"relics":["Coffee Dripper","Oddly Smooth Stone","MealTicket","Meat on the Bone","Prayer Wheel","Orrery","Odd Mushroom","Singing Bowl","Snecko Eye","Matryoshka","Blood Vial","Molten Egg 2","Fusion Hammer","GoldenEye","Ginger","StrikeDummy","Bag of Preparation","Bag of Marbles"],"acts_visited":["Exordium","TheCity","TheBeyond","TheEnding"],"potions_floor_usage":[31,33,33,41,50,54],"damage_taken":[{"damage":2.0,"enemies":"Cultist","floor":1.0,"turns":3.0},{"damage":0.0,"enemies":"Jaw Worm","floor":2.0,"turns":3.0},{"damage":0.0,"enemies":"2 Louse","floor":5.0,"turns":3.0},{"damage":0.0,"enemies":"2 Fungi Beasts","floor":7.0,"turns":3.0},{"damage":12.0,"enemies":"3 Sentries","floor":8.0,"turns":6.0},{"damage":10.0,"enemies":"Lots of Slimes","floor":10.0,"turns":3.0},{"damage":28.0,"enemies":"Gremlin Nob","floor":11.0,"turns":5.0},{"damage":15.0,"enemies":"The Mushroom Lair","floor":13.0,"turns":3.0},{"damage":1.0,"enemies":"3 Sentries","floor":14.0,"turns":4.0},{"damage":0,"enemies":"Slime Boss","floor":16,"turns":7},{"damage":5,"enemies":"2 Thieves","floor":18,"turns":3},{"damage":3,"enemies":"Chosen","floor":19,"turns":5},{"damage":21,"enemies":"Sentry and Sphere","floor":22,"turns":6},{"damage":56,"enemies":"Slavers","floor":24,"turns":4},{"damage":0,"enemies":"Centurion and Healer","floor":29,"turns":4},{"damage":0,"enemies":"Snecko","floor":30,"turns":5},{"damage":4,"enemies":"Shelled Parasite and Fungi","floor":31,"turns":8},{"damage":5,"enemies":"Champ","floor":33,"turns":8},{"damage":7,"enemies":"3 Darklings","floor":35,"turns":6},{"damage":21,"enemies":"2 Orb Walkers","floor":36,"turns":5},{"damage":0,"enemies":"Mind Bloom Boss Battle","floor":37,"turns":9},{"damage":6,"enemies":"3 Shapes","floor":39,"turns":8},{"damage":0,"enemies":"Giant Head","floor":41,"turns":5},{"damage":12,"enemies":"Spire Growth","floor":45,"turns":4},{"damage":20,"enemies":"Nemesis","floor":46,"turns":5},{"damage":11,"enemies":"Awakened One","floor":50,"turns":10},{"damage":102,"enemies":"Shield and Spear","floor":54,"turns":4}],"seed_played":"-6306403806757242589","potions_obtained":[{"floor":2.0,"key":"Energy Potion"},{"floor":10.0,"key":"Ancient Potion"},{"floor":11.0,"key":"SpeedPotion"},{"floor":14.0,"key":"StancePotion"},{"floor":30,"key":"SkillPotion"},{"floor":31,"key":"GamblersBrew"},{"floor":36,"key":"DistilledChaos"},{"floor":39,"key":"DistilledChaos"},{"floor":41,"key":"AttackPotion"},{"floor":45,"key":"PowerPotion"}],"is_trial":false,"path_per_floor":["M","M","?","$","M","T","M","E","T","M","E","$","?","E","R","B",null,"M","M","?","$","M","R","E","?","T","R","$","M","M","M","R","B",null,"M","?","?","$","M","R","E","?","T","R","M","E","R","$","R","B",null,"R","$","E"],"character_chosen":"WATCHER","items_purchased":["FollowUp","Strength Potion","Orrery","WaveOfTheHand","WindmillStrike+1","MentalFortress","EmptyFist+1","DevaForm"],"campfire_rested":0,"item_purchase_floors":[4,4,12,21,28,38,38,48],"current_hp_per_floor":[63,63,68,68,68,68,68,56,56,46,30,45,42,41,41,41,68,67,64,64,79,60,60,18,12,12,12,27,45,47,47,47,56,82,79,62,64,79,77,77,79,79,79,79,69,53,53,68,68,59,89,89,99,0,0],"gold":29,"neow_bonus":"BOSS_RELIC","is_daily":false,"chose_seed":false,"campfire_upgraded":4,"win_rate":0.0,"timestamp":1614434258,"path_taken":["M","M","?","$","M","?","M","E","T","M","E","$","?","E","R","BOSS","M","M","?","$","?","R","E","?","T","R","$","M","M","M","R","BOSS","M","?","?","$","M","R","E","?","T","R","?","E","R","$","R","BOSS","R","$","E"],"items_purchased_type":["Card","Potion","Relic","Card","Card","Card","Card","Card"],"build_version":"2020-12-22","purchased_purges":2,"victory":false,"max_hp_per_floor":[72,72,77,77,77,77,77,77,77,77,77,77,77,77,77,77,77,81,81,81,81,83,83,85,85,85,85,85,89,89,91,91,91,91,93,95,95,95,97,97,97,97,97,97,97,99,99,99,99,99,99,99,99,99,99],"relic_stats":{"Blood Vial":24,"Singing Bowl":22,"counters":[27,139],"Snecko Eye":[182,171,163,170],"MealTicket":85,"Prayer Wheel":9,"Bag of Preparation":[8],"Ginger":[2],"GoldenEye":[12],"obtain_stats":[{"Singing Bowl":14,"Oddly Smooth Stone":6,"Bag of Preparation":43,"Ginger":37,"Odd Mushroom":13,"GoldenEye":36,"Blood Vial":26,"Matryoshka":24,"Orrery":12,"Snecko Eye":17,"MealTicket":8,"Prayer Wheel":11,"Molten Egg 2":26,"Fusion Hammer":34,"Coffee Dripper":0,"Bag of Marbles":46,"PureWater":0,"StrikeDummy":41,"Meat on the Bone":9},{"Singing Bowl":9,"Oddly Smooth Stone":3,"Bag of Preparation":23,"Ginger":21,"Odd Mushroom":8,"GoldenEye":20,"Blood Vial":14,"Matryoshka":14,"Orrery":7,"Snecko Eye":10,"MealTicket":5,"Prayer Wheel":7,"Molten Egg 2":14,"Fusion Hammer":18,"Coffee Dripper":0,"Bag of Marbles":25,"PureWater":0,"StrikeDummy":23,"Meat on the Bone":5},{"Singing Bowl":33,"Oddly Smooth Stone":9,"Bag of Preparation":116,"Ginger":103,"Odd Mushroom":29,"GoldenEye":94,"Blood Vial":58,"Matryoshka":58,"Orrery":26,"Snecko Eye":40,"MealTicket":18,"Prayer Wheel":26,"Molten Egg 2":58,"Fusion Hammer":83,"Coffee Dripper":0,"Bag of Marbles":125,"PureWater":0,"StrikeDummy":116,"Meat on the Bone":18}],"Meat on the Bone":60},"card_choices":[{"not_picked":["Crescendo","SandsOfTime"],"picked":"Conclude","floor":1.0},{"not_picked":["EmptyBody","Vengeance"],"picked":"FlurryOfBlows","floor":2.0},{"not_picked":["PathToVictory","Pray"],"picked":"BowlingBash","floor":5.0},{"not_picked":["CrushJoints","Halt"],"picked":"MentalFortress","floor":7.0},{"not_picked":["CrushJoints","Vengeance"],"picked":"FlurryOfBlows","floor":8.0},{"not_picked":["BattleHymn","LikeWater"],"picked":"Swivel","floor":10.0},{"not_picked":["JustLucky","InnerPeace"],"picked":"MentalFortress","floor":11.0},{"not_picked":["Halt","Blasphemy"],"picked":"Wallop","floor":12.0},{"not_picked":["Wallop","FlyingSleeves"],"picked":"Crescendo","floor":12.0},{"not_picked":["FearNoEvil","Alpha"],"picked":"CutThroughFate","floor":12.0},{"not_picked":["PathToVictory","BowlingBash"],"picked":"Protect","floor":12.0},{"not_picked":["Alpha","FollowUp"],"picked":"DeceiveReality","floor":12.0},{"not_picked":["Protect","EmptyMind"],"picked":"CrushJoints","floor":13.0},{"not_picked":["Prostrate","WindmillStrike"],"picked":"Fasting2","floor":14.0},{"not_picked":["Omniscience","Brilliance"],"picked":"Vault","floor":16},{"not_picked":["InnerPeace","BattleHymn","Study"],"picked":"Singing Bowl","floor":18},{"not_picked":["LikeWater+1","JustLucky","PathToVictory+1"],"picked":"Singing Bowl","floor":18},{"not_picked":["CrushJoints","LikeWater"],"picked":"Crescendo+1","floor":19},{"not_picked":["Protect","BowlingBash"],"picked":"LessonLearned","floor":19},{"not_picked":["FearNoEvil+1","WreathOfFlame"],"picked":"Wallop","floor":22},{"not_picked":["WindmillStrike","InnerPeace+1","Swivel"],"picked":"Singing Bowl","floor":22},{"not_picked":["Vengeance","Worship","ForeignInfluence"],"picked":"Singing Bowl","floor":24},{"not_picked":["Protect","FollowUp+1","CrushJoints+1"],"picked":"Singing Bowl","floor":29},{"not_picked":["ThirdEye","FlurryOfBlows+1","BowlingBash+1"],"picked":"Singing Bowl","floor":29},{"not_picked":["CutThroughFate+1","BowlingBash+1"],"picked":"SandsOfTime+1","floor":30},{"not_picked":["Worship","FollowUp+1"],"picked":"WindmillStrike+1","floor":30},{"not_picked":["DeceiveReality","FollowUp+1","WaveOfTheHand"],"picked":"Singing Bowl","floor":31},{"not_picked":["Pray","PathToVictory"],"picked":"FlyingSleeves+1","floor":31},{"not_picked":["Omniscience","Judgement"],"picked":"Devotion","floor":33},{"not_picked":["CutThroughFate+1","Halt"],"picked":"FlyingSleeves+1","floor":35},{"not_picked":["FlyingSleeves+1","BowlingBash+1","Adaptation+1"],"picked":"Singing Bowl","floor":35},{"not_picked":["SashWhip+1","ForeignInfluence","Study"],"picked":"Singing Bowl","floor":36},{"not_picked":["FlurryOfBlows+1","Collect+1"],"picked":"EmptyMind","floor":37},{"not_picked":["ReachHeaven+1","PathToVictory+1","Halt+1"],"picked":"Singing Bowl","floor":39},{"not_picked":["CutThroughFate+1","CrushJoints+1"],"picked":"Wallop+1","floor":39},{"not_picked":["WaveOfTheHand+1","LessonLearned+1"],"picked":"Wallop+1","floor":41},{"not_picked":["CarveReality+1","FollowUp+1"],"picked":"SandsOfTime+1","floor":45},{"not_picked":["Halt+1","MentalFortress"],"picked":"ClearTheMind+1","floor":45},{"not_picked":["FearNoEvil+1","LikeWater","ThirdEye+1"],"picked":"Singing Bowl","floor":46}],"player_experience":598936,"relics_obtained":[{"floor":6.0,"key":"Oddly Smooth Stone"},{"floor":8.0,"key":"MealTicket"},{"floor":9.0,"key":"Meat on the Bone"},{"floor":11.0,"key":"Prayer Wheel"},{"floor":13.0,"key":"Odd Mushroom"},{"floor":14.0,"key":"Singing Bowl"},{"floor":24,"key":"Matryoshka"},{"floor":26,"key":"Blood Vial"},{"floor":26,"key":"Molten Egg 2"},{"floor":36,"key":"GoldenEye"},{"floor":37,"key":"Ginger"},{"floor":41,"key":"StrikeDummy"},{"floor":43,"key":"Bag of Preparation"},{"floor":46,"key":"Bag of Marbles"}],"event_choices":[{"damage_healed":0.0,"max_hp_gain":5.0,"max_hp_loss":0.0,"gold_gain":0.0,"event_name":"Big Fish","player_choice":"Donut","floor":3.0,"gold_loss":0.0,"damage_taken":0.0},{"damage_healed":0.0,"max_hp_gain":0.0,"max_hp_loss":0.0,"gold_gain":0.0,"event_name":"Mushrooms","player_choice":"Fought Mushrooms","floor":13.0,"gold_loss":0.0,"damage_taken":0.0},{"damage_healed":0,"gold_gain":0,"player_choice":"Forge","damage_taken":0,"max_hp_gain":0,"max_hp_loss":0,"event_name":"Accursed Blacksmith","floor":20,"gold_loss":0,"cards_upgraded":["LessonLearned"]},{"damage_healed":0,"gold_gain":0,"player_choice":"","damage_taken":6,"max_hp_gain":0,"max_hp_loss":0,"event_name":"Knowing Skull","floor":25,"potions_obtained":[],"gold_loss":0,"cards_obtained":[]},{"damage_healed":0,"gold_gain":0,"player_choice":"Fight","damage_taken":0,"max_hp_gain":0,"max_hp_loss":0,"event_name":"Mysterious Sphere","floor":36,"gold_loss":0},{"damage_healed":0,"gold_gain":0,"player_choice":"Fight","damage_taken":0,"max_hp_gain":0,"max_hp_loss":0,"event_name":"MindBloom","floor":37,"gold_loss":0},{"cards_removed":["Devotion"],"damage_healed":0,"gold_gain":0,"player_choice":"Removed Power","damage_taken":0,"max_hp_gain":0,"max_hp_loss":0,"event_name":"Falling","floor":42,"gold_loss":0}],"is_beta":false,"boss_relics":[{"not_picked":["Tiny House","Ectoplasm"],"picked":"Snecko Eye"},{"not_picked":["Empty Cage","Calling Bell"],"picked":"Fusion Hammer"}],"items_purged_floors":[21,38],"is_endless":false,"potions_floor_spawned":[2,10,11,14,18,22,30,31,36,39,41,45],"killed_by":"Shield and Spear","ascension_level":6}}