{"host":"d4hjo1dp8g06u19c","time":1614419804,"event":{"mods":["Act Like it!","Arknights","BaseMod","Better Match","BetterRewards","Colored Map","Colored Powertips","Downfall","LagranYue(¿≠∏Ò¿ °§‘¬)","Lobotomy","Marisa£®ÏF”Í°°ƒß¿Ì…≥£©","Minty Spire (QoL Compilation)","Quick Restart","Remove Card Discount Mod","Replay The Spire","Spicy Shops","StSLib","The Animator","The Bug Knight","The Cursed","The Servant 0.9.4","TheSwordswoman","UnlockEverythingMod","Youmu£®ªÍ∆«—˝√Œ£©","noobMod","ÛÙª÷∏ƒœ"],"gold_per_floor":[117,192,192,204,219,254,254,329,399,418,176,176,193,212,212,212,212],"floor_reached":16,"language":"ZHS","playtime":857,"items_purged":[],"score":102,"play_id":"4b4d7375-ddd2-451e-9e4c-61ba8107e9e9","local_time":"20210227175644","is_ascension_mode":false,"campfire_choices":[{"floor":12.0,"key":"REST"},{"floor":15.0,"key":"REST"}],"circlet_count":0,"master_deck":["TheCursedMod:Strike_TheCursed","TheCursedMod:Strike_TheCursed","TheCursedMod:Strike_TheCursed","TheCursedMod:Strike_TheCursed","TheCursedMod:Defend_TheCursed","TheCursedMod:Defend_TheCursed","TheCursedMod:Defend_TheCursed","TheCursedMod:Defend_TheCursed","TheCursedMod:CursedWand","TheCursedMod:CleanUpWorkshop","TheCursedMod:Dregs","UniverseFragment","TheCursedMod:HellfireBreathing","Laetitia","TheCursedMod:CollectTribute","MHz","TheCursedMod:ReleasedStrength","WallGazer","TheCursedMod:CircleOfCorruption","Apotheosis","RedShoes","TheCursedMod:RapidMovement","Wellcheers"],"relics":["TheCursedMod:BlackMagic101","ice","LagranYue:RandomDrawCardRelic","CogitoBucket","ReplayFunnel","Regal Pillow","Shuriken","Oddly Smooth Stone","HellTrain"],"acts_visited":["Exordium"],"potions_floor_usage":[],"damage_taken":[{"damage":0.0,"enemies":"Small Slimes","floor":1.0,"turns":3.0},{"damage":2.0,"enemies":"ats:Genji","floor":4.0,"turns":4.0},{"damage":2.0,"enemies":"Cultist","floor":5.0,"turns":5.0},{"damage":29.0,"enemies":"3 Sentries","floor":6.0,"turns":6.0},{"damage":10.0,"enemies":"3 Louse","floor":10.0,"turns":4.0},{"damage":7.0,"enemies":"Looter","floor":13.0,"turns":6.0},{"damage":8.0,"enemies":"Red Slaver","floor":14.0,"turns":3.0},{"damage":0,"enemies":"The Guardian","floor":16,"turns":1}],"seed_played":"76734201452888163","potions_obtained":[{"floor":1.0,"key":"Ancient Potion"},{"floor":4.0,"key":"Death Potion"},{"floor":5.0,"key":"Swift Potion"},{"floor":6.0,"key":"Block Potion"}],"is_trial":false,"path_per_floor":["M","?","?","M","M","E","?","?","T","M","$","R","M","M","R","B"],"character_chosen":"THE_CURSED","items_purchased":["Oddly Smooth Stone","Apotheosis"],"campfire_rested":2,"item_purchase_floors":[11,11],"current_hp_per_floor":[75,64,64,62,60,31,24,17,17,7,7,44,37,29,66,66,66],"gold":212,"neow_bonus":"","is_daily":false,"chose_seed":false,"campfire_upgraded":0,"win_rate":0.0,"timestamp":1614419804,"path_taken":["M","?","?","?","?","E","?","?","T","?","$","R","M","M","R_BF","BOSS"],"items_purchased_type":["Relic","Card"],"build_version":"2020-12-22","purchased_purges":0,"victory":false,"max_hp_per_floor":[75,75,75,75,75,75,75,75,75,75,75,75,75,75,75,75,75],"card_choices":[{"not_picked":["Murderer","MeatLantern"],"picked":"UniverseFragment","floor":1.0},{"not_picked":["TheCursedMod:SmokeScreen","TheCursedMod:Mangle"],"picked":"TheCursedMod:HellfireBreathing","floor":1.0},{"not_picked":["Wellcheers","CrumblingArmor"],"picked":"Laetitia","floor":4.0},{"not_picked":["TheCursedMod:CursedBlade","TheCursedMod:FleshFromBone"],"picked":"TheCursedMod:CollectTribute","floor":4.0},{"not_picked":["Scorched","BlackSwan","QueenBee"],"picked":"Singing Bowl","floor":5.0},{"not_picked":["OldLady","Wellcheers"],"picked":"MHz","floor":5.0},{"not_picked":["TheCursedMod:SmokeScreen","TheCursedMod:VitalStrike"],"picked":"TheCursedMod:ReleasedStrength","floor":5.0},{"not_picked":["SpiderBud","Bloodbath","SnowQueen"],"picked":"Singing Bowl","floor":6.0},{"not_picked":["SingingMachine","Variant"],"picked":"WallGazer","floor":6.0},{"not_picked":["TheCursedMod:PrepareRite","TheCursedMod:ReleasedStrength"],"picked":"TheCursedMod:CircleOfCorruption","floor":6.0},{"not_picked":["TheCursedMod:ManaCirculation","TheCursedMod:Evocation","TheCursedMod:CircleOfFlame"],"picked":"SKIP","floor":10.0},{"not_picked":["Variant","GalaxyChild"],"picked":"RedShoes","floor":13.0},{"not_picked":["TheCursedMod:Obscuration","TheCursedMod:Stretching"],"picked":"TheCursedMod:RapidMovement","floor":13.0},{"not_picked":["PunishingBird","NothingThere"],"picked":"Wellcheers","floor":14.0},{"not_picked":["TheCursedMod:AbyssShockwave","TheCursedMod:Stretching","TheCursedMod:VitalStrike"],"picked":"SKIP","floor":14.0}],"player_experience":155497,"relics_obtained":[{"floor":6.0,"key":"ReplayFunnel"},{"floor":9.0,"key":"Shuriken"}],"event_choices":[{"damage_healed":0.0,"max_hp_gain":0.0,"max_hp_loss":0.0,"gold_gain":75.0,"event_name":"World of Goop","player_choice":"Gather Gold","floor":2.0,"gold_loss":0.0,"damage_taken":11.0},{"damage_healed":0.0,"max_hp_gain":0.0,"max_hp_loss":0.0,"gold_gain":0.0,"event_name":"NoteForYourself","player_choice":"Ignored","floor":3.0,"gold_loss":0.0,"damage_taken":0.0},{"damage_healed":0.0,"max_hp_gain":0.0,"max_hp_loss":0.0,"gold_gain":0.0,"event_name":"Scrap Ooze","player_choice":"Success","floor":7.0,"gold_loss":0.0,"damage_taken":7.0,"relics_obtained":["Regal Pillow"]},{"damage_healed":0.0,"max_hp_gain":0.0,"max_hp_loss":0.0,"gold_gain":75.0,"event_name":"FaceTrader","player_choice":"Touch","floor":8.0,"gold_loss":0.0,"damage_taken":7.0}],"is_beta":false,"boss_relics":[],"items_purged_floors":[],"is_endless":false,"potions_floor_spawned":[1,4,5,6],"killed_by":"The Guardian","ascension_level":0}}