{"host":"5tnftuc8o0gay6lt","time":1614391445,"event":{"mods":["BaseMod","Better Match","Better Note","Better Sensory Stone","Better Skull","Better Third Choice","BetterRewards","Colored Powertips","Conspire","Downfall","Marisa£®ÏF”Í°°ƒß¿Ì…≥£©","Minty Spire (QoL Compilation)","Permanent Neow","Relic Filter Mod","Remilia£®¿Ÿ√◊¿Ú—«£©","Replay The Spire","Spicy Shops","StSLib","SuperFastMode","Td1madao Mod","The Gatherer","The Runesmith","°æ“≈ŒÔø®≈∆°øREMEMod"],"gold_per_floor":[111,124,142,154,170,170,187,197,197,8,19,32,32,32,32,132,132,150,150,59,72,89,123,123,158,158,187,187,213,225,236,236,335,335,355,355,355,405,433,433,467,493,517,517,517],"floor_reached":44,"language":"ZHS","playtime":3183,"items_purged":["conspire:Purge"],"score":690,"play_id":"a79584a8-e623-414b-b178-b7b29dfa5005","local_time":"20210227100405","is_ascension_mode":false,"campfire_choices":[{"floor":6.0,"key":"REST"},{"data":"Runesmith:MetallurgicalResearch","floor":13,"key":"SMITH"},{"data":"Runesmith:UnlimitedPower","floor":15,"key":"SMITH"},{"data":"Runesmith:Fortify","floor":24,"key":"SMITH"},{"floor":28,"key":"REST"},{"floor":32,"key":"REST"},{"data":"Runesmith:Firewall","floor":40,"key":"SMITH"}],"circlet_count":0,"master_deck":["Runesmith:Fortify+1","Runesmith:MetallurgicalResearch+1","Runesmith:RuneHurl","Runesmith:HeatedChisel","Runesmith:CraftIncendium","Runesmith:UnlimitedPower+1","Runesmith:LithiumIon+1","Runesmith:CraftProtectio+1","Runesmith:Firewall+1","REME_Flogging+1","Runesmith:LightningRod+1","Runesmith:Permafrost+1","Runesmith:CraftMagma+1","Runesmith:LithiumIon","Runesmith:Supernova+1","Runesmith:PoweredAnvil","Runesmith:CreatorForm+1"],"relics":["Runesmith:BrokenRuby","REME_ComplimentaryCards","Golden Egg","Membership Card","REME_ChargedStone","Runesmith:Nanobots","conspire:Boomerang","conspire:BottledYoYo","Sundial","InkBottle","Runic Dome","WingedGreaves","Chameleon Ring","Runesmith:AutoHammer","conspire:Dentures","War Paint"],"acts_visited":["Exordium","TheCity","TheBeyond"],"potions_floor_usage":[11,27,29,42,44],"damage_taken":[{"damage":6.0,"enemies":"Cultist","floor":1.0,"turns":4.0},{"damage":5.0,"enemies":"Jaw Worm","floor":2.0,"turns":4.0},{"damage":5.0,"enemies":"2 Louse","floor":3.0,"turns":2.0},{"damage":7.0,"enemies":"Exordium Wildlife","floor":4.0,"turns":4.0},{"damage":14.0,"enemies":"Blue Slaver","floor":5.0,"turns":4.0},{"damage":6.0,"enemies":"2 Fungi Beasts","floor":7.0,"turns":4.0},{"damage":8.0,"enemies":"Looter","floor":8.0,"turns":3.0},{"damage":5,"enemies":"3 Louse","floor":11,"turns":2},{"damage":3,"enemies":"Blue Slaver","floor":12,"turns":3},{"damage":0,"enemies":"The Guardian","floor":16,"turns":5},{"damage":11,"enemies":"2 Thieves","floor":18,"turns":3},{"damage":0,"enemies":"3 Byrds","floor":21,"turns":2},{"damage":0,"enemies":"Snecko","floor":22,"turns":4},{"damage":4,"enemies":"REME_1_Revenger","floor":23,"turns":4},{"damage":0,"enemies":"conspire:SneckoGhost","floor":25,"turns":5},{"damage":31,"enemies":"REME_1_Revenger","floor":27,"turns":4},{"damage":19,"enemies":"Gremlin Leader","floor":29,"turns":4},{"damage":7,"enemies":"Snake Plant","floor":30,"turns":3},{"damage":3,"enemies":"Shelled Parasite and Fungi","floor":31,"turns":4},{"damage":0,"enemies":"Champ","floor":33,"turns":7},{"damage":11,"enemies":"Orb Walker","floor":35,"turns":3},{"damage":0,"enemies":"Mind Bloom Boss Battle","floor":38,"turns":4},{"damage":0,"enemies":"conspire:MimicChest","floor":39,"turns":4},{"damage":0,"enemies":"Nemesis","floor":41,"turns":3},{"damage":52,"enemies":"Reptomancer","floor":42,"turns":5},{"damage":26,"enemies":"Nemesis","floor":44,"turns":3}],"seed_played":"-5289338765537279556","potions_obtained":[{"floor":7.0,"key":"DistilledChaos"},{"floor":11,"key":"BlessingOfTheForge"},{"floor":12,"key":"Fire Potion"},{"floor":16,"key":"champ:CounterPotion"},{"floor":33,"key":"Fire Potion"},{"floor":39,"key":"EssenceOfSteel"},{"floor":42,"key":"Fire Potion"}],"is_trial":false,"path_per_floor":["M","M","M","M","M","R","M","M","T","$","M","M","R","?","R","B",null,"M","?","$","M","M","E","R","E","T","E","R","E","M","M","R","B",null,"M","?","?","?","?","R","E","E","T","E"],"character_chosen":"RUNESMITH_CLASS","items_purchased":["Membership Card","Runesmith:LithiumIon","Runesmith:Permafrost"],"campfire_rested":3,"item_purchase_floors":[10,10,20],"current_hp_per_floor":[64,59,54,47,33,54,48,40,40,40,35,32,32,32,32,32,70,59,59,59,59,59,55,55,55,55,24,45,26,19,16,37,37,70,59,59,59,59,59,59,59,7,7,0,0],"gold":517,"neow_bonus":"ONE_RANDOM_RARE_CARD","is_daily":false,"chose_seed":false,"campfire_upgraded":4,"win_rate":0.0,"timestamp":1614391445,"path_taken":["M","M","M","M","M","R","M","M","T","?","?","M","R","?","R","BOSS","M","?","$","M","M","E","R","E","T","E","R","E","M","M","R","BOSS","M","?","?","?","?","R","E","E","T","E"],"items_purchased_type":["Relic","Card","Card"],"build_version":"2020-12-22","purchased_purges":1,"victory":false,"max_hp_per_floor":[70,70,70,70,70,70,70,70,70,70,70,70,70,70,70,70,70,70,70,70,70,70,70,70,70,70,70,70,70,70,70,70,70,70,70,70,70,70,70,70,70,70,70,70,70],"card_choices":[{"not_picked":["Runesmith:HeatedChisel","Runesmith:HeatExchange"],"picked":"Runesmith:RuneHurl","floor":1.0},{"not_picked":["Runesmith:Accelerate","Runesmith:UnstableHammer"],"picked":"Runesmith:HeatedChisel","floor":2.0},{"not_picked":["Runesmith:HammerAndChisel","Runesmith:HeatedChisel"],"picked":"Runesmith:CraftIncendium","floor":3.0},{"not_picked":["Runesmith:StaticCage","Runesmith:HammerThrow","Runesmith:Grindstone"],"picked":"SKIP","floor":4.0},{"not_picked":["Runesmith:PerfectChisel","Runesmith:MakeshiftArmor","Runesmith:Reinforce"],"picked":"SKIP","floor":5.0},{"not_picked":["Runesmith:PerfectChisel","Runesmith:MakeshiftArmor","Runesmith:Reinforce"],"picked":"SKIP","floor":5.0},{"not_picked":["Runesmith:FrozenChisel","Runesmith:CraftObretio","Runesmith:Repurpose"],"picked":"SKIP","floor":7.0},{"not_picked":["Runesmith:MakeshiftArmor","Runesmith:CraftObretio"],"picked":"Runesmith:UnlimitedPower","floor":8.0},{"not_picked":["Runesmith:UnstableHammer","Runesmith:Overpower"],"picked":"Runesmith:CraftProtectio","floor":11},{"not_picked":["Runesmith:ElementalConversion","Runesmith:RuneHurl"],"picked":"Runesmith:Firewall","floor":12},{"not_picked":["Mind Blast","conspire:Banana"],"picked":"REME_Flogging","floor":14},{"not_picked":["Runesmith:Duplicate","Runesmith:CraftIndustria"],"picked":"Runesmith:LightningRod","floor":16},{"not_picked":["Runesmith:UnstableHammer","Runesmith:BackupBattery","Runesmith:CraftReservo"],"picked":"SKIP","floor":18},{"not_picked":["Runesmith:EarthShield","Runesmith:RunicBlueprint"],"picked":"Runesmith:CraftMagma","floor":21},{"not_picked":["Runesmith:RuneHurl","Runesmith:Firestorm+1","Runesmith:HammerThrow"],"picked":"SKIP","floor":22},{"not_picked":["Runesmith:Firewall","Runesmith:HeatExchange","Runesmith:Electrocute"],"picked":"SKIP","floor":23},{"not_picked":["Runesmith:Refine","Runesmith:Grindstone+1"],"picked":"Runesmith:LithiumIon","floor":25},{"not_picked":["Runesmith:Discharge","Runesmith:MakeshiftArmor+1","Runesmith:ChargedHammer"],"picked":"SKIP","floor":27},{"not_picked":["Runesmith:StaticCage","Runesmith:Overpower","Runesmith:HammerTime"],"picked":"SKIP","floor":29},{"not_picked":["Runesmith:Grindstone","Runesmith:Duplicate","Runesmith:OneForEveryone"],"picked":"SKIP","floor":30},{"not_picked":["Runesmith:OneForEveryone+1","Runesmith:BackupBattery","Runesmith:NanitesCloud"],"picked":"SKIP","floor":31},{"not_picked":["Runesmith:UnlimitedPower","Runesmith:LastStand"],"picked":"Runesmith:Supernova","floor":33},{"not_picked":["Runesmith:ElementalConversion","Runesmith:MakeshiftArmor","Runesmith:ShiftingStrike"],"picked":"SKIP","floor":35},{"not_picked":["Runesmith:Overpower+1","Runesmith:HammerThrow"],"picked":"Runesmith:PoweredAnvil","floor":38},{"not_picked":["Runesmith:CraftSpiculum","Runesmith:Repurpose+1","Runesmith:MakeshiftArmor"],"picked":"SKIP","floor":41},{"not_picked":["Runesmith:Grindstone+1","Runesmith:HeatExchange"],"picked":"Runesmith:CreatorForm","floor":42}],"player_experience":645400,"relics_obtained":[{"floor":9.0,"key":"Golden Egg"},{"floor":23,"key":"Runesmith:Nanobots"},{"floor":25,"key":"conspire:Boomerang"},{"floor":26,"key":"conspire:BottledYoYo"},{"floor":27,"key":"Sundial"},{"floor":29,"key":"InkBottle"},{"floor":38,"key":"WingedGreaves"},{"floor":39,"key":"Chameleon Ring"},{"floor":41,"key":"Runesmith:AutoHammer"},{"floor":42,"key":"conspire:Dentures"},{"floor":43,"key":"War Paint"}],"event_choices":[{"damage_healed":0,"gold_gain":1,"player_choice":"1","damage_taken":0,"max_hp_gain":0,"max_hp_loss":0,"event_name":"betterStone:BetterStone","floor":14,"gold_loss":0},{"damage_healed":0,"gold_gain":0,"player_choice":"Ignored","damage_taken":0,"max_hp_gain":0,"max_hp_loss":0,"event_name":"betterNote:BetterNote","floor":19,"gold_loss":0,"cards_obtained":["Gatherer:TacticalStrike"]},{"damage_healed":0,"gold_gain":0,"player_choice":"Leave","damage_taken":0,"max_hp_gain":0,"max_hp_loss":0,"event_name":"conspire:Investor","floor":36,"gold_loss":0},{"cards_removed":["Runesmith:CraftFirestone"],"damage_healed":0,"gold_gain":0,"player_choice":"Removed Skill","damage_taken":0,"max_hp_gain":0,"max_hp_loss":0,"event_name":"Falling","floor":37,"gold_loss":0},{"damage_healed":0,"gold_gain":0,"player_choice":"Fight","damage_taken":0,"max_hp_gain":0,"max_hp_loss":0,"event_name":"MindBloom","floor":38,"gold_loss":0}],"is_beta":false,"boss_relics":[{"not_picked":["Honey Jar","Snecko Eye"],"picked":"REME_ChargedStone"},{"not_picked":["Painkiller Herb","Pandora\u0027s Box"],"picked":"Runic Dome"}],"items_purged_floors":[20],"is_endless":false,"potions_floor_spawned":[7,11,12,16,18,22,23,33,39,41,42],"killed_by":"Nemesis","ascension_level":0}}