{"host":"mhk64yc8b8cafbgt","time":1614443562,"event":{"mods":["Act Like it!","Aspiration","BaseMod","BetterRewards","CapriCore","Downfall","Energized Spire","Friendly Minions","GifTheSpireLib","Gold Saver","HornydragonMod","Library of Ruina","Library of Ruina Extra","Marked Mod","Minty Spire (QoL Compilation)","MostiFishMod","Pale of the Ancients","Quick Restart","Relic Filter Mod","Robot Space Explorer","RumiaBox-露米娅的神秘盒子","Ryuuou龙王","Shop Mod","Spicy Shops","StSLib","TestMod","Uncapped","[IsaacMod]以撒尖塔","noobMod","【功能Mod】混沌之环修复补丁","【遗物卡牌】REMEMod","残留之物"],"gold_per_floor":[114,94,147,54,73,104,122,72,72,90,108,33,33,48,48,148,148,158,168,168,8,22,35,65,65,90,100,132,132,164,182,182,277,277,290,309,324,324,335,368,368,378,459,489,507,521,521,521,521,521,521,521,521,80,114,114],"floor_reached":57,"language":"ZHS","playtime":4355,"items_purged":["LightAttack","FocusedStrikes","LightDefense","Dodge","testmod-ComboMaster+1","Track"],"score":1428,"play_id":"203f2c54-21e8-4776-be64-027a6200914b","local_time":"20210228003242","is_ascension_mode":false,"campfire_choices":[{"floor":13,"key":"RECALL"},{"data":"testmod-ComboMaster","floor":15,"key":"SMITH"},{"data":"UnforgettableMelody","floor":29,"key":"SMITH"},{"data":"TheWillOfTheCity","floor":32,"key":"SMITH"},{"floor":41,"key":"DIG"},{"floor":47,"key":"DIG"},{"floor":49,"key":"DIG"},{"floor":53,"key":"DIG"}],"circlet_count":0,"master_deck":["LightDefense","LightDefense","ChargeAndCover","Unlock1","GrazeTheGrass","TheWillOfTheCity+1","ICanCookAnything","PreparedMind","UnforgettableMelody+1","TrashDisposal","DesperateStruggle","PuppetBlockade+1","Tttonst","Cruelty","Madness","Madness","FleetFootsteps+1","YoureTooSlow+1"],"relics":["PageOfLibrarian","REME_ComplimentaryCards","DaveBox","testmod-TestBox","HushsDoor","KeepersGift","ice","Akabeko","PageOfBlackSwan","MerchantsRug","Du-Vu Doll","Happy Flower","aspiration:ChemicalBlood","PageOfTodaysShyLook","energizedSpire:DeadBattery","RottenBaby","Shovel","Torii","REME_LimitBreaker","Boot","PageOfMercenary","SatanicBible","Guardian:PocketSentry","Toy Ornithopter","Bottled Lightning"],"acts_visited":["Exordium","TheCity","TheBeyond","TheEnding"],"potions_floor_usage":[7,16,39,40,42,50,50,51,56,56,56,56,56],"damage_taken":[{"damage":0,"enemies":"Cultist","floor":1,"turns":2},{"damage":11,"enemies":"Jaw Worm","floor":5,"turns":3},{"damage":13,"enemies":"3 Sentries","floor":6,"turns":10},{"damage":0,"enemies":"2 Louse","floor":7,"turns":2},{"damage":9,"enemies":"Large Slime","floor":10,"turns":5},{"damage":0,"enemies":"Red Slaver","floor":11,"turns":4},{"damage":0,"enemies":"3 Louse","floor":14,"turns":3},{"damage":7,"enemies":"Hexaghost","floor":16,"turns":11},{"damage":0,"enemies":"2 Thieves","floor":18,"turns":3},{"damage":0,"enemies":"3 Byrds","floor":19,"turns":3},{"damage":0,"enemies":"3 Cultists","floor":22,"turns":3},{"damage":0,"enemies":"Snake Plant","floor":23,"turns":2},{"damage":7,"enemies":"REME_1_Revenger","floor":24,"turns":3},{"damage":2,"enemies":"Centurion and Healer","floor":27,"turns":2},{"damage":2,"enemies":"Slavers","floor":28,"turns":4},{"damage":2,"enemies":"Book of Stabbing","floor":30,"turns":3},{"damage":2,"enemies":"3 Cultists","floor":31,"turns":3},{"damage":4,"enemies":"KingOfGreed","floor":33,"turns":5},{"damage":6,"enemies":"3 Shapes","floor":35,"turns":2},{"damage":2,"enemies":"Orb Walker","floor":36,"turns":2},{"damage":3,"enemies":"4 Shapes","floor":37,"turns":3},{"damage":2,"enemies":"Maw","floor":39,"turns":4},{"damage":11,"enemies":"Reptomancer","floor":40,"turns":3},{"damage":1,"enemies":"3 Darklings","floor":42,"turns":4},{"damage":2,"enemies":"Nemesis","floor":44,"turns":3},{"damage":0,"enemies":"Jaw Worm Horde","floor":45,"turns":3},{"damage":0,"enemies":"Spire Growth","floor":46,"turns":3},{"damage":21,"enemies":"Time Eater","floor":50,"turns":4},{"damage":2,"enemies":"Shield and Spear","floor":55,"turns":3},{"damage":8,"enemies":"The Heart","floor":56,"turns":4}],"seed_played":"-7661752103348840165","potions_obtained":[{"floor":2,"key":"Block Potion"},{"floor":7,"key":"testmod-SpacePotion"},{"floor":11,"key":"bronze:BurnAndBuffPotion"},{"floor":14,"key":"testmod-TestPotion"},{"floor":16,"key":"EssenceOfSteel"},{"floor":18,"key":"Swift Potion"},{"floor":28,"key":"ColorlessPotion"},{"floor":37,"key":"AttackPotion"},{"floor":39,"key":"DistilledChaos"},{"floor":40,"key":"Explosive Potion"},{"floor":44,"key":"Ancient Potion"},{"floor":55,"key":"Regen Potion"}],"is_trial":false,"path_per_floor":["M","?","?","$","M","E","M","?","T","M","M","$","R","M","R","B",null,"M","M","?","$","M","M","E","?","T","M","E","R","E","M","R","B",null,"M","M","M","?","M","E","R","M","T","E","M","M","R","?","R","B",null,null,"R","$","E","B",null],"character_chosen":"Librarian","items_purchased":["testmod-ComboMaster","Track","MerchantsRug","RottenBaby","Guardian:PocketSentry","Toy Ornithopter"],"campfire_rested":0,"item_purchase_floors":[4,17,21,34,54,54],"current_hp_per_floor":[60,60,45,45,34,21,21,21,21,20,24,24,24,28,28,42,74,74,74,74,74,74,74,71,71,71,74,74,74,74,74,74,74,51,47,51,40,35,40,38,38,48,48,51,51,51,51,51,51,41,23,51,51,51,51,43],"gold":114,"neow_bonus":"REMOVE_CARD","is_daily":false,"chose_seed":false,"campfire_upgraded":3,"win_rate":0.0,"timestamp":1614443562,"path_taken":["M","?","?","$","M","E","M","?","T","M","M","$","R","M","R","BOSS","M","M","?","$","M","M","E","?","T","M","E","R","E","M","R","BOSS","M","M","M","?","M","E","R","M","T","E","M","M","R","?","R","BOSS","R","$","E","BOSS"],"items_purchased_type":["Card","Card","Relic","Relic","Relic","Relic"],"build_version":"2020-12-22","purchased_purges":6,"victory":true,"max_hp_per_floor":[62,62,62,62,71,71,70,70,70,70,78,78,78,77,77,82,74,74,74,74,74,74,74,74,74,74,74,74,74,74,74,74,74,51,51,51,40,40,43,43,51,51,51,51,51,51,51,51,51,51,51,51,51,51,51,51],"card_choices":[{"not_picked":[],"picked":"ChaosCard","floor":0},{"not_picked":["YouOnlyLiveOnce","SkitterAway","MultiHit","GuardingStance","BlindFaith","EnergyStrike","WillOfThePrescript","AGoldenOpportunity"],"picked":"Unlock1","floor":1},{"not_picked":["FleetEdge","Lock","TrimTheIngredients","SinglePointStab","Leap_lor","IllEndYou","GreatSerpentsImpact","PreemptiveStrike"],"picked":"GrazeTheGrass","floor":5},{"not_picked":["Wallop_lor","AbsorbImpact","SerpentSwordTechnique","HeavyPeaks","StrikeDown","BiAn","HighKick","BackAttack"],"picked":"TheWillOfTheCity","floor":6},{"not_picked":["SerpentSwordTechnique","Thrust","FleetEdge","DefenseOrder","ScratchThat","UndertakePrescript","Eject","FierceCharge"],"picked":"ICanCookAnything","floor":7},{"not_picked":["BlindFaith","Diversion","RepressedFlesh","CoordinatedAssault","PreemptiveStrike","Leap_lor","ConcentratedFire","Quickness"],"picked":"PreparedMind","floor":10},{"not_picked":["FleetEdge","InkOver","HighKick","IllEndYou","StrikeDown","Preparation","Standoff","BizarreAttack","DriedUp"],"picked":"SKIP","floor":11},{"not_picked":["Deflect_lor","EndlessBattle","HiddenBlade","MultiBlock","FleetFootsteps","StructuralAnalysis","FierceCharge","EnergyCycle","SunsetBlade"],"picked":"SKIP","floor":14},{"not_picked":["StructuralAnalysis","PreemptiveStrike+1","Parry","AsThePrescriptOrders","ScatteringSlash+1","GuidanceOfTheGears","FocusFire","SunsetBlade"],"picked":"UnforgettableMelody","floor":18},{"not_picked":["CutIn+1","EnergyConversion","WillOfThePrescript","EnergyCycle","Castigation","CoordinatedAssault","SerpentSwordTechnique","AlloutWar+1","Parry"],"picked":"SKIP","floor":19},{"not_picked":["Struggle","SinglePointStab","Outburst+1","CumulusWall+1","SnakesPrey","SharpenedBlade+1","StrikeDown+1","WillOfThePrescript"],"picked":"TrashDisposal","floor":22},{"not_picked":["EnergyCycle","FieryDragonSlash+1","FierceCharge","KeepItFresh","GrazeTheGrass","CircusKnives","ToOvercomeCrisis","BlindFaith","VioletBlade"],"picked":"SKIP","floor":23},{"not_picked":["GuidanceOfTheGears","PreparedMind","Ripple","SuppressingShot","SharpSwipe","EnergyShield","Unlock1","RhinoRam"],"picked":"DesperateStruggle","floor":24},{"not_picked":["BlindFaith","Tailoring","SerpentineBarrier","EnergyCycle+1","Rewind+1","ViolentFlame","EnergyShield","RepressedFlesh"],"picked":"PuppetBlockade+1","floor":27},{"not_picked":["PinpointShot","Juggling","SearingSword+1","TraceOfFumes+1","MindWhip+1","Thrust","GuidanceOfTheGears+1","SweepTheBackstreets+1"],"picked":"Tttonst","floor":28},{"not_picked":["GuidanceOfTheGears","Collision","Overpower","SharpNails+1","UnavoidableGaze+1","LoosenUp","Zzzzzap+1","HiddenBlade+1","SetFire"],"picked":"SKIP","floor":30},{"not_picked":["Diversion","DesperateStruggle","EnergyBeam","CumulusWall+1","RushDown+1","Track","FleetEdge","SuppressingShot","ShrineToMusic"],"picked":"SKIP","floor":31},{"not_picked":["LeRegole","Lock"],"picked":"Cruelty","floor":33},{"not_picked":["Standoff+1","DevastatingThrash+1","GuidanceOfTheGears","ScatteringSlash","SpearedSweep+1","ShrineToMusic+1","FlashOfSunup","DarkCloud"],"picked":"TheRedNotes+1","floor":35},{"not_picked":["BattleCommand","UpbeatPerformance","FlowOfTheSword","StrongStrike+1","Faith","LawAndOrder+1","Quickness","DefenseOrder+1","PreemptiveStrike"],"picked":"SKIP","floor":36},{"not_picked":["ClassAndRespect+1","VenomousFangs","UnavoidableGaze+1","BiteOff","ShrineToMusic+1","Standoff","SharpNails","Commandeering","Parry+1"],"picked":"SKIP","floor":37},{"not_picked":["GreatSerpentsImpact+1","SparkingSpear","BoundaryOfDeath","TheWillOfTheCity+1","MultiHit","Unlock1","WillOfThePrescript+1","QuickSuppression+1","FleetEdge+1"],"picked":"SKIP","floor":39},{"not_picked":["FlowOfTheSword+1","SomberProcuration","FaintMemories","BindingChains","SuppressingShot","InhaleSmoke+1","AGoldenOpportunity","DriedUp+1","EnergyStrike"],"picked":"SKIP","floor":40},{"not_picked":["Thrust","CrackOfDawn","Rewind","SinglePointStab+1","Unlock1","SturdyDefense+1","PreemptiveStrike","Track+1","LossOfSenses+1"],"picked":"SKIP","floor":42},{"not_picked":["Disposal","GrazeTheGrass","Overcharge","GuidanceOfTheGears","TendonChords+1","EndlessBattle+1","FieryWaltz+1","SpearedSweep+1","Gamble+1"],"picked":"SKIP","floor":44},{"not_picked":["ViolentFlame+1","Gigigig+1","Wallop_lor+1","BackAttack","BulkyImpact","Standoff+1","HandleRequest","Rewind+1"],"picked":"FleetFootsteps+1","floor":45},{"not_picked":["ScratchThat","FleetEdge+1","BattleCommand","MultiBlock","PinpointShot","Track","Slice_lor+1","SweepTheBackstreets","Multislash"],"picked":"SKIP","floor":46},{"not_picked":["GutHarvesting","BurningFlash","SuppressingShot","HeavyPeaks+1","Diversion+1","SharpSwipe","SpearedSweep","ClassAndRespect"],"picked":"YoureTooSlow+1","floor":55}],"player_experience":441890,"relics_obtained":[{"floor":6,"key":"Akabeko"},{"floor":24,"key":"Du-Vu Doll"},{"floor":26,"key":"Happy Flower"},{"floor":28,"key":"aspiration:ChemicalBlood"},{"floor":30,"key":"PageOfTodaysShyLook"},{"floor":40,"key":"Shovel"},{"floor":41,"key":"Torii"},{"floor":43,"key":"REME_LimitBreaker"},{"floor":44,"key":"testmod-InfectionSource"},{"floor":47,"key":"Boot"},{"floor":49,"key":"PageOfMercenary"},{"floor":53,"key":"SatanicBible"},{"floor":55,"key":"Bottled Lightning"}],"event_choices":[{"damage_healed":0,"gold_gain":0,"player_choice":"Bought 1 Potion","damage_taken":0,"max_hp_gain":0,"max_hp_loss":0,"event_name":"The Woman in Blue","floor":2,"gold_loss":0},{"cards_removed":["LightAttack"],"damage_healed":0,"gold_gain":0,"player_choice":"Card Removal","damage_taken":0,"max_hp_gain":0,"max_hp_loss":0,"event_name":"The Cleric","floor":8,"gold_loss":50},{"cards_removed":["LightDefense"],"damage_healed":0,"gold_gain":0,"player_choice":"Elegance","damage_taken":0,"max_hp_gain":0,"max_hp_loss":0,"event_name":"Back to Basics","floor":20,"gold_loss":0},{"damage_healed":0,"gold_gain":0,"player_choice":"Embrace Madness","damage_taken":5,"max_hp_gain":0,"max_hp_loss":0,"event_name":"Winding Halls","floor":38,"gold_loss":0,"cards_obtained":["Madness","Madness"]},{"cards_removed":["TheRedNotes"],"damage_healed":0,"gold_gain":0,"player_choice":"Removed Attack","damage_taken":0,"max_hp_gain":0,"max_hp_loss":0,"event_name":"Falling","floor":48,"gold_loss":0}],"is_beta":false,"boss_relics":[{"not_picked":["Snecko Eye","SlaversCollar"],"picked":"PageOfBlackSwan"},{"not_picked":[]},{"not_picked":["JellyFishMachine","Astrolabe"],"picked":"energizedSpire:DeadBattery"},{"not_picked":[]}],"items_purged_floors":[12,17,21,34,54,54],"is_endless":false,"potions_floor_spawned":[7,11,14,16,18,19,28,37,39,40,44,55],"ascension_level":0}}