{"host":"x730sfaw5rd1mxd8","time":1614393975,"event":{"mods":["BaseMod","BetterRewards","Colored Powertips","Highlight Path","Minty Spire (QoL Compilation)","Relic Sorter","Relic Stats","Replay The Spire","StSLib"],"gold_per_floor":[113,113,113,124,142,175,175,203,203,220,240,240,269,285,285,359,359,371,551,564,576,591,621,634,659,659,1,30,80,112,128,128,201,201,219,238,238,78,91,91,91],"floor_reached":40,"language":"ENG","playtime":2427,"items_purged":["Strike_R","Strike_R","Strike_R","Strike_R","Strike_R","Bash"],"score":1480,"play_id":"a1eb4cea-6eb4-463d-9ef6-aa419179f359","local_time":"20210226214615","is_ascension_mode":true,"campfire_choices":[{"data":"Inflame","floor":7.0,"key":"SMITH"},{"data":"Eclipse","floor":12.0,"key":"SMITH"},{"data":"Flame Barrier","floor":15.0,"key":"SMITH"},{"data":"Dual Wield","floor":32.0,"key":"SMITH"}],"circlet_count":0,"master_deck":["AscendersBane","Defend_R","Defend_R","Defend_R","Defend_R","Bash","Feel No Pain","Shrug It Off","Sword Boomerang","Feel No Pain","Burning Pact","Flame Barrier+1","Inflame+1","Headbutt","Shrug It Off","Eclipse+1","Combust+1","Mayhem+1","Blind","Fire Breathing+1","Dual Wield+1","Juggernaut+1","Battle Trance","Spot Weakness","Barricade+1","Headbutt+1","Mayhem+1","Metallicize+1","Corruption+1","Dark Embrace+1","Feel No Pain+1","Reaper","Immolate","Entrench"],"relics":["Burning Blood","ReplayTheSpireMod:Ninjato","Frozen Egg 2","Omamori","ReplayTheSpireMod:Lightbulb","Replay:Towering Pillar of Hats","Onion Ring","Mirror","Lantern","InkBottle","Coffee Dripper","Gremlin Food","Blue Candle","BargainBundle","Snack Pack","Calipers","The Courier","Question Card","Sozu"],"acts_visited":["Exordium","TheCity","TheBeyond"],"potions_floor_usage":[40],"damage_taken":[{"damage":0.0,"enemies":"2 Louse","floor":1.0,"turns":3.0},{"damage":4.0,"enemies":"Jaw Worm","floor":4.0,"turns":4.0},{"damage":0.0,"enemies":"Cultist","floor":5.0,"turns":4.0},{"damage":7.0,"enemies":"Replay:BlueRogue","floor":6.0,"turns":6.0},{"damage":8.0,"enemies":"Gremlin Nob","floor":8.0,"turns":3.0},{"damage":0.0,"enemies":"3 Louse","floor":10.0,"turns":1.0},{"damage":3.0,"enemies":"Gremlin Gang","floor":11.0,"turns":5.0},{"damage":0.0,"enemies":"Replay:BlueRogue","floor":13.0,"turns":4.0},{"damage":1.0,"enemies":"Lots of Slimes","floor":14.0,"turns":3.0},{"damage":42.0,"enemies":"Slime Boss","floor":16.0,"turns":7.0},{"damage":5.0,"enemies":"Chosen","floor":18.0,"turns":3.0},{"damage":0.0,"enemies":"Spheric Guardian","floor":20.0,"turns":4.0},{"damage":8.0,"enemies":"Snecko","floor":21.0,"turns":4.0},{"damage":16.0,"enemies":"Snake Plant","floor":22.0,"turns":6.0},{"damage":35.0,"enemies":"Book of Stabbing","floor":23.0,"turns":5.0},{"damage":0.0,"enemies":"Cultist and Chosen","floor":24.0,"turns":5.0},{"damage":4.0,"enemies":"Replay:Snechameleon","floor":25.0,"turns":4.0},{"damage":11.0,"enemies":"Book of Stabbing","floor":28.0,"turns":5.0},{"damage":13.0,"enemies":"Replay:Snechameleon","floor":30.0,"turns":3.0},{"damage":3.0,"enemies":"Sentry and Sphere","floor":31.0,"turns":3.0},{"damage":0.0,"enemies":"Automaton","floor":33.0,"turns":7.0},{"damage":7,"enemies":"Orb Walker","floor":35,"turns":4},{"damage":26,"enemies":"3 Darklings","floor":36,"turns":4},{"damage":2,"enemies":"Maw","floor":39,"turns":4},{"damage":81,"enemies":"Reptomancer","floor":40,"turns":3}],"seed_played":"7986942129067593575","potions_obtained":[{"floor":1.0,"key":"PowerPotion"},{"floor":5.0,"key":"Milkshake"},{"floor":13.0,"key":"Fruit Juice"},{"floor":14.0,"key":"Elixir"},{"floor":20.0,"key":"Adrenaline Potion"},{"floor":24.0,"key":"Languid Potion"},{"floor":33.0,"key":"ElixirPotion"}],"is_trial":false,"path_per_floor":["M","?","?","M","M","E","R","E","T","M","M","R","E","M","R","B",null,"M","?","M","M","M","E","M","E","T","$","E","?","E","M","R","B",null,"M","M","?","$","M","E"],"character_chosen":"IRONCLAD","items_purchased":["Feel No Pain","Shrug It Off","Sword Boomerang","ReplayTheSpireMod:Ninjato","Feel No Pain","Burning Pact","Flame Barrier","Inflame","Headbutt","Shrug It Off","Eclipse","Frozen Egg 2","Combust+1","Omamori","Mayhem+1","ReplayTheSpireMod:Lightbulb","Blind","BargainBundle","Snack Pack","Mayhem+1","Metallicize+1"],"campfire_rested":0,"item_purchase_floors":[0,0,0,0,0,0,0,0,0,0,0,0,0,0,0,0,0,27,27,27,27],"current_hp_per_floor":[74,74,74,75,75,74,74,72,72,75,75,75,80,80,80,44,71,72,53,59,57,47,18,24,26,26,26,25,25,20,23,23,35,69,79,80,80,80,80,0,0],"gold":91,"neow_bonus":"","is_daily":false,"chose_seed":false,"campfire_upgraded":4,"win_rate":0.0,"timestamp":1614393975,"path_taken":["M","?","?","M","M","E","R","E","T","?","M","R","E","?","R","BOSS","M","?","?","M","M","E","M","E","T","?","E","?","E","M","R","BOSS","M","M","?","?","?","E"],"items_purchased_type":["Card","Card","Card","Relic","Card","Card","Card","Card","Card","Card","Card","Relic","Card","Relic","Card","Relic","Card","Relic","Relic","Card","Card"],"build_version":"2020-12-22","purchased_purges":6,"victory":false,"max_hp_per_floor":[75,75,75,75,75,75,75,75,75,75,75,75,80,80,80,80,80,80,80,80,80,80,80,80,80,80,80,80,80,80,80,80,80,80,80,80,80,80,80,80,80],"relic_stats":{"Sozu":13,"counters":[855,3845],"Blue Candle":[1],"Question Card":5,"obtain_stats":[{"Golden Egg":8,"Replay:Accelerometer":52,"Whetstone":14,"Ginger":6,"Bottled Tornado":44,"Boot":53,"Sling":0,"Old Coin":47,"Ring of Searing":4,"Blood Vial":20,"Replay:Wanted Poster":34,"Replay:Ringing Soul":54,"Sundial":28,"Replay:Bronze Core":34,"MealTicket":27,"Fusion Hammer":19,"Replay:Bottled Flurry":0,"Necronomicon":21,"Kunai":53,"Replay:Wax Seal":43,"Electric Blood":17,"Replay:Bottled Steam":6,"Runic Cube":17,"Pear":9,"Blue Candle":30,"Counterbalance":11,"Velvet Choker":19,"Eternal Feather":9,"Pen Nib":28,"Akabeko":27,"SlaversCollar":17,"Ooze Armor":34,"Bird Faced Urn":12,"MutagenicStrength":31,"Snecko Eye":17,"Pandora\u0027s Box":34,"Mark of Pain":0,"Kintsugi":17,"StrikeDummy":0,"Abe\u0027s Treasure":17,"Unceasing Top":49,"Regal Pillow":9,"Lantern":14,"Singing Bowl":10,"Torii":0,"Magic Flower":11,"StoneCalendar":14,"Painkiller Herb":17,"Blue Doll":27,"King of Hearts":12,"Bag of Preparation":9,"Replay:Multitool":36,"Cursed Key":34,"Smiling Mask":24,"Ancient Tea Set":40,"Burning Blood":0,"Pet Ghost":23,"Replay:Rubber Ducky":0,"Matryoshka":0,"Shovel":46,"WingedGreaves":8,"Chemical X":41,"Replay:Bottled Eggs":27,"Ring of Panic":45,"InkBottle":26,"Paper Frog":9,"Potion Belt":48,"Lee\u0027s Waffle":20,"Golden Idol":11,"Self Forming Clay":7,"Thread and Needle":50,"The Courier":14,"PreservedInsect":22,"Omamori":40,"Ring of Greed":45,"Frozen Egg 2":0,"MawBank":26,"Replay:Arrowhead":48,"Busted Crown":17,"Ornamental Fan":50,"Ring of Misfortune":20,"Orrery":0,"Turnip":46,"Art of War":40,"Garlic":32,"Durian":25,"Champion Belt":56,"Bottled Lightning":9,"ReplayTheSpireMod:Lightbulb":0,"Toy Ornithopter":25,"Ice Cream":14,"Divine Protection":42,"Calipers":6,"Tiny House":17,"Gremlin Horn":9,"CeramicFish":43,"Vajra":0,"Sozu":17,"Centennial Puzzle":9,"Lizard Tail":38,"HornCleat":28,"DollysMirror":43,"Strawberry":28,"Honey Jar":17,"Philosopher\u0027s Stone":17,"Iron Hammer":0,"Toxic Egg 2":9,"Girya":19,"Happy Flower":27,"Ring of Hypnosis":4,"ReplayTheSpireMod:CursedCoin":0,"Dead Branch":13,"Replay:Grab Bag":17,"Oddly Smooth Stone":26,"Charon\u0027s Ashes":39,"Letter Opener":25,"Replay:Kaleidoscope":50,"War Paint":8,"Question Card":0,"Du-Vu Doll":25,"OrangePellets":53,"Replay:Baseball":38,"ReplayTheSpireMod:Spearhead":24,"ReplayTheSpireMod:Shallot":30,"Shuriken":55,"Bronze Scales":12,"Simple Rune":28,"Onion Ring":45,"Molten Egg 2":7,"ReplayTheSpireMod:TigerMarble":13,"Black Star":17,"Grinning Jar":25,"Mirror":8,"Pocketwatch":0,"Meat on the Bone":43,"NlothsMask":30,"Darkstone Periapt":5,"ReplayFunnel":19,"ReplayTheSpireMod:Ring of Exchange":37,"Iron Core":3,"Replay:PocketPolymizer":34,"Black Blood":17,"Mango":6,"Juzu Bracelet":42,"Incense Burner":12,"Replay:Mystery Machine":0,"Empty Cage":34,"ClockworkSouvenir":0,"Dream Catcher":43,"Nunchaku":38,"Replay:Bandana":0,"TheAbacus":0,"Chameleon Ring":24,"Mummified Hand":0,"Pantograph":23,"Gambling Chip":24,"Replay:Bottled Snecko":6,"Red Skull":6,"Runic Pyramid":34,"Gremlin Food":0,"BargainBundle":0,"ReplayTheSpireMod:Ninjato":0,"Replay:Towering Pillar of Hats":0,"Quantum Egg":32,"Guide Book":53,"Replay:WaspNest":0,"Orichalcum":48,"Odd Mushroom":10,"Medical Kit":53,"White Beast Statue":0,"Mercury Hourglass":43,"Calling Bell":34,"Cauldron":54,"Strange Spoon":47,"Anchor":10,"CaptainsWheel":49,"ChewingGum":17,"Another Sword":42,"Snack Pack":8,"Bag of Marbles":12,"Coffee Dripper":17,"Membership Card":0,"TungstenRod":40,"FossilizedHelix":28},{"Golden Egg":68,"Replay:Accelerometer":153,"Whetstone":70,"Ginger":401,"Bottled Tornado":247,"Boot":153,"Sling":360,"Old Coin":88,"Ring of Searing":546,"Blood Vial":26,"Replay:Wanted Poster":241,"Replay:Ringing Soul":220,"Sundial":108,"Replay:Bronze Core":311,"MealTicket":58,"Fusion Hammer":456,"Replay:Bottled Flurry":251,"Necronomicon":590,"Kunai":153,"Replay:Wax Seal":438,"Electric Blood":51,"Replay:Bottled Steam":364,"Runic Cube":682,"Pear":347,"Blue Candle":30,"Counterbalance":349,"Velvet Choker":72,"Eternal Feather":255,"Pen Nib":754,"Akabeko":138,"SlaversCollar":24,"Ooze Armor":819,"Bird Faced Urn":22,"MutagenicStrength":755,"Snecko Eye":520,"Pandora\u0027s Box":208,"Mark of Pain":0,"Kintsugi":352,"StrikeDummy":543,"Abe\u0027s Treasure":102,"Unceasing Top":120,"Regal Pillow":275,"Lantern":324,"Singing Bowl":21,"Torii":186,"Magic Flower":49,"StoneCalendar":166,"Painkiller Herb":259,"Blue Doll":358,"King of Hearts":277,"Bag of Preparation":68,"Replay:Multitool":821,"Cursed Key":31,"Smiling Mask":106,"Ancient Tea Set":437,"Burning Blood":0,"Pet Ghost":56,"Replay:Rubber Ducky":93,"Matryoshka":93,"Shovel":151,"WingedGreaves":255,"Chemical X":114,"Replay:Bottled Eggs":78,"Ring of Panic":635,"InkBottle":377,"Paper Frog":226,"Potion Belt":119,"Lee\u0027s Waffle":340,"Golden Idol":5,"Self Forming Clay":97,"Thread and Needle":90,"The Courier":7,"PreservedInsect":11,"Omamori":245,"Ring of Greed":635,"Frozen Egg 2":14,"MawBank":106,"Replay:Arrowhead":763,"Busted Crown":8,"Ornamental Fan":120,"Ring of Misfortune":590,"Orrery":330,"Turnip":38,"Art of War":36,"Garlic":109,"Durian":719,"Champion Belt":92,"Bottled Lightning":129,"ReplayTheSpireMod:Lightbulb":93,"Toy Ornithopter":306,"Ice Cream":23,"Divine Protection":148,"Calipers":294,"Tiny House":619,"Gremlin Horn":20,"CeramicFish":115,"Vajra":221,"Sozu":338,"Centennial Puzzle":5,"Lizard Tail":567,"HornCleat":625,"DollysMirror":469,"Strawberry":13,"Honey Jar":231,"Philosopher\u0027s Stone":167,"Iron Hammer":155,"Toxic Egg 2":192,"Girya":134,"Happy Flower":203,"Ring of Hypnosis":546,"ReplayTheSpireMod:CursedCoin":155,"Dead Branch":165,"Replay:Grab Bag":279,"Oddly Smooth Stone":57,"Charon\u0027s Ashes":213,"Letter Opener":266,"Replay:Kaleidoscope":474,"War Paint":163,"Question Card":221,"Du-Vu Doll":813,"OrangePellets":219,"Replay:Baseball":83,"ReplayTheSpireMod:Spearhead":202,"ReplayTheSpireMod:Shallot":206,"Shuriken":91,"Bronze Scales":6,"Simple Rune":78,"Onion Ring":116,"Molten Egg 2":226,"ReplayTheSpireMod:TigerMarble":132,"Black Star":407,"Grinning Jar":137,"Mirror":835,"Pocketwatch":41,"Meat on the Bone":601,"NlothsMask":690,"Darkstone Periapt":18,"ReplayFunnel":103,"ReplayTheSpireMod:Ring of Exchange":757,"Iron Core":188,"Replay:PocketPolymizer":433,"Black Blood":279,"Mango":19,"Juzu Bracelet":87,"Incense Burner":131,"Replay:Mystery Machine":93,"Empty Cage":722,"ClockworkSouvenir":123,"Dream Catcher":37,"Nunchaku":83,"Replay:Bandana":123,"TheAbacus":61,"Chameleon Ring":170,"Mummified Hand":155,"Pantograph":12,"Gambling Chip":27,"Replay:Bottled Snecko":161,"Red Skull":47,"Runic Pyramid":142,"Gremlin Food":155,"BargainBundle":251,"ReplayTheSpireMod:Ninjato":477,"Replay:Towering Pillar of Hats":444,"Quantum Egg":80,"Guide Book":249,"Replay:WaspNest":93,"Orichalcum":218,"Odd Mushroom":422,"Medical Kit":394,"White Beast Statue":155,"Mercury Hourglass":181,"Calling Bell":433,"Cauldron":574,"Strange Spoon":636,"Anchor":69,"CaptainsWheel":152,"ChewingGum":279,"Another Sword":181,"Snack Pack":48,"Bag of Marbles":257,"Coffee Dripper":840,"Membership Card":93,"TungstenRod":214,"FossilizedHelix":239},{"Golden Egg":270,"Replay:Accelerometer":693,"Whetstone":276,"Ginger":1860,"Bottled Tornado":1111,"Boot":693,"Sling":1690,"Old Coin":374,"Ring of Searing":2535,"Blood Vial":107,"Replay:Wanted Poster":1084,"Replay:Ringing Soul":1002,"Sundial":475,"Replay:Bronze Core":1396,"MealTicket":230,"Fusion Hammer":2097,"Replay:Bottled Flurry":1133,"Necronomicon":2746,"Kunai":693,"Replay:Wax Seal":2016,"Electric Blood":208,"Replay:Bottled Steam":1707,"Runic Cube":3141,"Pear":1608,"Blue Candle":123,"Counterbalance":1619,"Velvet Choker":287,"Eternal Feather":1149,"Pen Nib":3394,"Akabeko":613,"SlaversCollar":100,"Ooze Armor":3677,"Bird Faced Urn":86,"MutagenicStrength":3401,"Snecko Eye":2418,"Pandora\u0027s Box":935,"Mark of Pain":0,"Kintsugi":1635,"StrikeDummy":2528,"Abe\u0027s Treasure":449,"Unceasing Top":539,"Regal Pillow":1226,"Lantern":1469,"Singing Bowl":82,"Torii":830,"Magic Flower":200,"StoneCalendar":746,"Painkiller Herb":1169,"Blue Doll":1675,"King of Hearts":1234,"Bag of Preparation":270,"Replay:Multitool":3684,"Cursed Key":130,"Smiling Mask":466,"Ancient Tea Set":2011,"Burning Blood":0,"Pet Ghost":224,"Replay:Rubber Ducky":411,"Matryoshka":411,"Shovel":679,"WingedGreaves":1149,"Chemical X":510,"Replay:Bottled Eggs":311,"Ring of Panic":2961,"InkBottle":1760,"Paper Frog":1023,"Potion Belt":538,"Lee\u0027s Waffle":1566,"Golden Idol":17,"Self Forming Clay":425,"Thread and Needle":385,"The Courier":25,"PreservedInsect":40,"Omamori":1101,"Ring of Greed":2961,"Frozen Egg 2":51,"MawBank":466,"Replay:Arrowhead":3449,"Busted Crown":30,"Ornamental Fan":539,"Ring of Misfortune":2746,"Orrery":1509,"Turnip":156,"Art of War":146,"Garlic":481,"Durian":3279,"Champion Belt":400,"Bottled Lightning":578,"ReplayTheSpireMod:Lightbulb":411,"Toy Ornithopter":1366,"Ice Cream":93,"Divine Protection":660,"Calipers":1310,"Tiny House":2877,"Gremlin Horn":78,"CeramicFish":521,"Vajra":1010,"Sozu":1554,"Centennial Puzzle":17,"Lizard Tail":2618,"HornCleat":2908,"DollysMirror":2147,"Strawberry":48,"Honey Jar":1045,"Philosopher\u0027s Stone":751,"Iron Hammer":713,"Toxic Egg 2":857,"Girya":598,"Happy Flower":908,"Ring of Hypnosis":2535,"ReplayTheSpireMod:CursedCoin":713,"Dead Branch":743,"Replay:Grab Bag":1251,"Oddly Smooth Stone":226,"Charon\u0027s Ashes":957,"Letter Opener":1198,"Replay:Kaleidoscope":2176,"War Paint":736,"Question Card":1010,"Du-Vu Doll":3651,"OrangePellets":999,"Replay:Baseball":343,"ReplayTheSpireMod:Spearhead":903,"ReplayTheSpireMod:Shallot":922,"Shuriken":395,"Bronze Scales":20,"Simple Rune":311,"Onion Ring":524,"Molten Egg 2":1023,"ReplayTheSpireMod:TigerMarble":589,"Black Star":1894,"Grinning Jar":609,"Mirror":3761,"Pocketwatch":170,"Meat on the Bone":2794,"NlothsMask":3172,"Darkstone Periapt":65,"ReplayFunnel":454,"ReplayTheSpireMod:Ring of Exchange":3417,"Iron Core":838,"Replay:PocketPolymizer":1997,"Black Blood":1251,"Mango":73,"Juzu Bracelet":367,"Incense Burner":585,"Replay:Mystery Machine":411,"Empty Cage":3284,"ClockworkSouvenir":554,"Dream Catcher":151,"Nunchaku":343,"Replay:Bandana":554,"TheAbacus":244,"Chameleon Ring":764,"Mummified Hand":713,"Pantograph":44,"Gambling Chip":111,"Replay:Bottled Snecko":730,"Red Skull":189,"Runic Pyramid":629,"Gremlin Food":713,"BargainBundle":1133,"ReplayTheSpireMod:Ninjato":2194,"Replay:Towering Pillar of Hats":2046,"Quantum Egg":320,"Guide Book":1122,"Replay:WaspNest":411,"Orichalcum":988,"Odd Mushroom":1954,"Medical Kit":1829,"White Beast Statue":713,"Mercury Hourglass":808,"Calling Bell":1997,"Cauldron":2662,"Strange Spoon":2965,"Anchor":273,"CaptainsWheel":682,"ChewingGum":1251,"Another Sword":808,"Snack Pack":196,"Bag of Marbles":1159,"Coffee Dripper":3781,"Membership Card":411,"TungstenRod":963,"FossilizedHelix":1074}],"Burning Blood":308,"InkBottle":[299]},"card_choices":[{"not_picked":["Headbutt","Thunderclap","Life Link+1"],"picked":"SKIP","floor":1.0},{"not_picked":["Clash","Armaments"],"picked":"Fire Breathing+1","floor":4.0},{"not_picked":["Wild Strike","Headbutt"],"picked":"Dual Wield","floor":5.0},{"not_picked":["Pummel","Hemokinesis","Havoc"],"picked":"SKIP","floor":6.0},{"not_picked":["Carnage","Headbutt"],"picked":"Juggernaut+1","floor":8.0},{"not_picked":["Infernal Blade","Searing Blow","Replay:Undeath\u0027s Touch"],"picked":"SKIP","floor":10.0},{"not_picked":["Sword Boomerang","Clash"],"picked":"Battle Trance","floor":11.0},{"not_picked":["Fire Breathing+1","Shockwave","Perfected Strike"],"picked":"SKIP","floor":13.0},{"not_picked":["Perfected Strike","Cleave"],"picked":"Spot Weakness","floor":14.0},{"not_picked":["Hemogenesis","Berserk+1"],"picked":"Barricade+1","floor":16.0},{"not_picked":["Run Through","Flex","Intimidate"],"picked":"SKIP","floor":18.0},{"not_picked":["Thunderclap","Clash+1"],"picked":"Headbutt+1","floor":20.0},{"not_picked":["Iron Wave","Havoc","Sword Boomerang"],"picked":"SKIP","floor":21.0},{"not_picked":["Warcry","Heavy Blade","Wild Strike"],"picked":"SKIP","floor":22.0},{"not_picked":["Thunderclap","Shockwave","Hemogenesis"],"picked":"SKIP","floor":23.0},{"not_picked":["Armaments","Rampage","Clash"],"picked":"SKIP","floor":24.0},{"not_picked":["Body Slam","Barricade+1","Twin Strike"],"picked":"SKIP","floor":25.0},{"not_picked":["Perfected Strike","Anger"],"picked":"Corruption+1","floor":28.0},{"not_picked":["Clothesline","Heavy Blade"],"picked":"Dark Embrace+1","floor":29.0},{"not_picked":["Cleave","Iron Wave","Warcry"],"picked":"SKIP","floor":30.0},{"not_picked":["Flex","Armaments","ReplayReversal+1"],"picked":"Feel No Pain+1","floor":31.0},{"not_picked":["Impervious","Demon Form+1","Bludgeon"],"picked":"Reaper","floor":33.0},{"not_picked":["Clash+1","Thunderclap","Havoc","Anger"],"picked":"SKIP","floor":35},{"not_picked":["Replay:Undeath\u0027s Touch","Sever Soul","Heavy Blade","Fire Breathing+1"],"picked":"SKIP","floor":36},{"not_picked":["Shockwave","Armaments","Warcry"],"picked":"Entrench","floor":39}],"player_experience":4203120,"relics_obtained":[{"floor":6.0,"key":"Onion Ring"},{"floor":8.0,"key":"Mirror"},{"floor":9.0,"key":"Lantern"},{"floor":13.0,"key":"InkBottle"},{"floor":23.0,"key":"Gremlin Food"},{"floor":25.0,"key":"Blue Candle"},{"floor":28.0,"key":"Calipers"},{"floor":29.0,"key":"The Courier"},{"floor":30.0,"key":"Question Card"}],"event_choices":[{"damage_healed":0.0,"max_hp_gain":0.0,"max_hp_loss":0.0,"gold_gain":0.0,"event_name":"Liars Game","player_choice":"Ignored","floor":2.0,"gold_loss":0.0,"damage_taken":0.0},{"damage_healed":0.0,"max_hp_gain":0.0,"max_hp_loss":0.0,"gold_gain":0.0,"event_name":"The Cleric","player_choice":"Leave","floor":3.0,"gold_loss":0.0,"damage_taken":0.0},{"damage_healed":0.0,"max_hp_gain":0.0,"max_hp_loss":0.0,"gold_gain":180.0,"event_name":"Knowing Skull","player_choice":"GOLD GOLD ","floor":19.0,"potions_obtained":[],"gold_loss":0.0,"damage_taken":19.0,"cards_obtained":[]},{"damage_healed":0,"gold_gain":0,"player_choice":"2 cards matched","damage_taken":0,"max_hp_gain":0,"max_hp_loss":0,"event_name":"Match and Keep!","floor":37,"gold_loss":0,"cards_obtained":["Bash","Immolate"]}],"is_beta":false,"boss_relics":[{"not_picked":["SlaversCollar","Runic Pyramid"],"picked":"Coffee Dripper"},{"not_picked":["Snecko Heart","Black Blood"],"picked":"Sozu"}],"items_purged_floors":[0,0,0,0,27,38],"is_endless":false,"potions_floor_spawned":[1,5,8,13,14,20,22,24,33,35,39],"killed_by":"Reptomancer","ascension_level":20}}