{"host":"vyjryxuuuxkt43k4","time":1614439878,"event":{"mods":["AchievementEnabler","BaseMod","Colored Map","DeckTracker","Keyboard Shortcuts","Minty Spire (QoL Compilation)","Permanent Neow","Quick Restart","StSLib","SuperFastMode","everything is the same but u backflip on backflip"],"gold_per_floor":[116,116,129,28,40,40,70,85,85,85,98,133,133,153,153,227,227,237,40,40,57,82,82,82],"floor_reached":23,"language":"KOR","playtime":736,"items_purged":["Decay"],"score":402,"play_id":"0fefe14b-94da-4fb5-86bd-7e7b25bc32ef","local_time":"20210228003118","is_ascension_mode":true,"campfire_choices":[{"data":"Flex","floor":6.0,"key":"SMITH"},{"data":"Fiend Fire","floor":13.0,"key":"SMITH"},{"data":"Pommel Strike","floor":15.0,"key":"SMITH"}],"circlet_count":0,"master_deck":["AscendersBane","Strike_R","Strike_R","Defend_R","Defend_R","Defend_R","Defend_R","Bash","Reaper","Flex+1","Pommel Strike+1","Shrug It Off","Pummel","Fiend Fire+1","Battle Trance","Reaper","Flame Barrier+1","Dropkick+1","Seeing Red+1","Dropkick","Evolve"],"relics":["Burning Blood","Tiny Chest","Singing Bowl","Turnip","Boot","Astrolabe","OrangePellets","Orichalcum"],"acts_visited":["Exordium","TheCity"],"potions_floor_usage":[18],"damage_taken":[{"damage":23.0,"enemies":"Small Slimes","floor":1.0,"turns":5.0},{"damage":22.0,"enemies":"Cultist","floor":3.0,"turns":5.0},{"damage":4.0,"enemies":"Jaw Worm","floor":5.0,"turns":5.0},{"damage":47.0,"enemies":"3 Sentries","floor":7.0,"turns":11.0},{"damage":14.0,"enemies":"Red Slaver","floor":8.0,"turns":2.0},{"damage":0.0,"enemies":"Blue Slaver","floor":11.0,"turns":2.0},{"damage":6.0,"enemies":"Gremlin Nob","floor":12.0,"turns":3.0},{"damage":6.0,"enemies":"Looter","floor":14.0,"turns":2.0},{"damage":25.0,"enemies":"Slime Boss","floor":16.0,"turns":9.0},{"damage":10,"enemies":"3 Byrds","floor":18,"turns":4},{"damage":44,"enemies":"2 Thieves","floor":21,"turns":3},{"damage":57,"enemies":"Book of Stabbing","floor":23,"turns":4}],"seed_played":"6130179428621005745","potions_obtained":[{"floor":3.0,"key":"Energy Potion"},{"floor":8.0,"key":"Explosive Potion"},{"floor":11.0,"key":"Weak Potion"},{"floor":12.0,"key":"Swift Potion"},{"floor":14.0,"key":"DuplicationPotion"},{"floor":16.0,"key":"Fire Potion"},{"floor":21,"key":"BlessingOfTheForge"}],"is_trial":false,"path_per_floor":["M","?","M","$","M","R","E","M","T","?","M","E","R","M","R","B",null,"M","$","?","M","T","E"],"character_chosen":"IRONCLAD","items_purchased":["Shrug It Off","OrangePellets","Evolve"],"campfire_rested":0,"item_purchase_floors":[4,19,19],"current_hp_per_floor":[58,58,51,51,59,59,26,18,18,18,26,28,28,38,38,34,69,77,77,77,52,52,0,0],"gold":82,"neow_bonus":"ONE_RANDOM_RARE_CARD","is_daily":false,"chose_seed":false,"campfire_upgraded":3,"win_rate":0.0,"timestamp":1614439878,"path_taken":["M","?","M","$","?","R","E","?","T","?","M","E","R","M","R","BOSS","M","$","?","M","?","E"],"items_purchased_type":["Card","Relic","Card"],"build_version":"2020-12-22","purchased_purges":1,"victory":false,"max_hp_per_floor":[75,75,75,75,75,75,75,75,75,75,77,79,79,81,81,81,81,81,81,81,83,83,83,83],"card_choices":[{"not_picked":["Shrug It Off","Second Wind"],"picked":"Flex","floor":1.0},{"not_picked":["Thunderclap","Combust"],"picked":"Pommel Strike","floor":3.0},{"not_picked":["Havoc","Clothesline"],"picked":"Pummel","floor":5.0},{"not_picked":["Warcry","Pommel Strike"],"picked":"Fiend Fire","floor":7.0},{"not_picked":["Clash","Armaments"],"picked":"Battle Trance","floor":8.0},{"not_picked":["Anger","Clash","Body Slam"],"picked":"Singing Bowl","floor":11.0},{"not_picked":["Shrug It Off","Havoc","Rupture"],"picked":"Singing Bowl","floor":12.0},{"not_picked":["Clothesline","Armaments","Clash"],"picked":"Singing Bowl","floor":14.0},{"not_picked":["Impervious","Corruption"],"picked":"Reaper","floor":16.0},{"not_picked":["Pommel Strike","Clothesline"],"picked":"Dropkick","floor":18},{"not_picked":["True Grit","Heavy Blade","Thunderclap"],"picked":"Singing Bowl","floor":21}],"player_experience":1065219,"relics_obtained":[{"floor":7.0,"key":"Tiny Chest"},{"floor":9.0,"key":"Singing Bowl"},{"floor":12.0,"key":"Boot"},{"floor":22,"key":"Orichalcum"}],"event_choices":[{"damage_healed":0.0,"max_hp_gain":0.0,"max_hp_loss":0.0,"gold_gain":0.0,"event_name":"Wheel of Change","player_choice":"Cursed","floor":2.0,"gold_loss":0.0,"damage_taken":0.0,"cards_obtained":["Decay"]},{"damage_healed":0.0,"max_hp_gain":0.0,"max_hp_loss":0.0,"gold_gain":0.0,"event_name":"WeMeetAgain","player_choice":"Gave Potion","floor":10.0,"gold_loss":0.0,"damage_taken":0.0,"relics_obtained":["Turnip"]},{"damage_healed":0,"gold_gain":0,"player_choice":"Ignored","damage_taken":0,"max_hp_gain":0,"max_hp_loss":0,"event_name":"The Mausoleum","floor":20,"gold_loss":0}],"is_beta":false,"boss_relics":[{"not_picked":["Fusion Hammer","Busted Crown"],"picked":"Astrolabe"}],"items_purged_floors":[4],"is_endless":false,"potions_floor_spawned":[3,8,11,12,14,16,21],"killed_by":"Book of Stabbing","ascension_level":20}}