{"host":"dgzcrkpp5hmi1639","time":1614439540,"event":{"mods":["A Magickal Journey","BaseMod","BetterRewards","Colored Powertips","Duelist Mod","Energized Spire","GifTheSpireLib","Infinite Spire","Koishi","Minty Spire (QoL Compilation)","Prisma Mod","Quick Restart","Shop Mod","StSLib","Stuff the Spire","The Bug Knight","The Forsaken","The Jungle","The Necromancer","The Servant 0.9.4","The Wild Card","???mod?????"],"gold_per_floor":[111,123,123,143,143,178,194,194,194],"floor_reached":8,"language":"ENG","playtime":507,"items_purged":[],"score":61,"play_id":"726c3417-c7dc-4b4b-b66e-dd54dc71c9c4","local_time":"20210227162540","is_ascension_mode":true,"campfire_choices":[],"circlet_count":0,"master_deck":["Strike_S","Strike_S","Strike_S","Strike_S","Defend_S","Defend_S","Defend_S","Defend_S","KidneyShot","Exchange","Defy","SurpressingFire","Duplication","DoubleEdge"],"relics":["Uniform","NeowsBlessing","Pen Nib"],"acts_visited":["Exordium"],"potions_floor_usage":[6],"damage_taken":[{"damage":0,"enemies":"2 Louse","floor":1,"turns":1},{"damage":0,"enemies":"Cultist","floor":2,"turns":1},{"damage":0,"enemies":"Small Slimes","floor":4,"turns":1},{"damage":33,"enemies":"3 Sentries","floor":6,"turns":12},{"damage":12,"enemies":"2 Fungi Beasts","floor":7,"turns":6},{"damage":25,"enemies":"Lagavulin","floor":8,"turns":6}],"seed_played":"2539063691601855927","potions_obtained":[{"floor":1,"key":"Explosive Potion"},{"floor":4,"key":"Ancient Potion"},{"floor":7,"key":"DistilledChaos"}],"is_trial":false,"path_per_floor":["M","M","$","M","?","E","M","E"],"character_chosen":"THE_SERVANT","items_purchased":[],"campfire_rested":0,"item_purchase_floors":[],"current_hp_per_floor":[65,65,65,65,65,32,20,0,0],"gold":194,"neow_bonus":"THREE_ENEMY_KILL","is_daily":false,"chose_seed":false,"campfire_upgraded":0,"win_rate":0.0,"timestamp":1614439540,"path_taken":["M","M","$","M","?","E","M","E"],"items_purchased_type":[],"build_version":"2020-12-22","purchased_purges":0,"victory":false,"max_hp_per_floor":[65,65,65,65,65,65,65,65,65],"card_choices":[{"not_picked":["SpecialFormula","FastForward"],"picked":"Defy","floor":1},{"not_picked":["DualDimension","Spin"],"picked":"FanOfKnives","floor":2},{"not_picked":["Moondial","Spin"],"picked":"SurpressingFire","floor":4},{"not_picked":["FastForward","Replace"],"picked":"Duplication","floor":6},{"not_picked":["Replace","Desolation"],"picked":"DoubleEdge","floor":7}],"player_experience":89973,"relics_obtained":[{"floor":6,"key":"Pen Nib"}],"event_choices":[{"cards_removed":["FanOfKnives"],"damage_healed":0,"gold_gain":0,"player_choice":"Card Removal","damage_taken":0,"max_hp_gain":0,"max_hp_loss":0,"event_name":"Wheel of Change","floor":5,"gold_loss":0}],"is_beta":false,"boss_relics":[],"items_purged_floors":[],"is_endless":false,"potions_floor_spawned":[1,4,7],"killed_by":"Lagavulin","ascension_level":1}}