{"host":"q57ekfojy3i00x9o","time":1614451955,"event":{"mods":["Act Like it!","Arknights","Aspiration","BaseMod","Colored Map","Energized Spire","Hermit","Minty Spire (QoL Compilation)","Quick Restart","Ruina","Spicy Shops","Spikes Relics","StSLib","slay the spire mod where everything is the same but ironclad has a cowboy hat"],"gold_per_floor":[118,118,134,51,67,67,110,135,135,135,135,100,100,100,100,100,100],"floor_reached":16,"language":"RUS","playtime":322,"items_purged":[],"score":186,"play_id":"5a8ee0d8-4d52-4385-bd14-3bcc524691f5","local_time":"20210227235235","is_ascension_mode":true,"campfire_choices":[{"data":"Fiend Fire","floor":6,"key":"SMITH"},{"floor":11,"key":"REST"},{"data":"Battle Trance","floor":13,"key":"SMITH"},{"data":"Feel No Pain","floor":15,"key":"SMITH"}],"circlet_count":0,"master_deck":["AscendersBane","Strike_R","Strike_R","Strike_R","Strike_R","Strike_R","Defend_R","Defend_R+1","Defend_R","Defend_R","Bash","Fiend Fire+1","Pommel Strike+1","Shrug It Off","Sentinel","Feel No Pain+1","Battle Trance+1"],"relics":["Burning Blood","Golden Idol","ClockworkSouvenir","Orichalcum","Charon\u0027s Ashes","Omamori"],"acts_visited":["Exordium"],"potions_floor_usage":[5,5,5,5,7,16],"damage_taken":[{"damage":10,"enemies":"Small Slimes","floor":1,"turns":3},{"damage":6,"enemies":"2 Louse","floor":3,"turns":3},{"damage":2,"enemies":"Jaw Worm","floor":5,"turns":2},{"damage":33,"enemies":"Lagavulin","floor":7,"turns":6},{"damage":8,"enemies":"Exordium Wildlife","floor":8,"turns":6},{"damage":57,"enemies":"Hexaghost","floor":16,"turns":10}],"seed_played":"-4348973462203803875","potions_obtained":[{"floor":3,"key":"EntropicBrew"},{"floor":8,"key":"BlessingOfTheForge"}],"is_trial":false,"path_per_floor":["M","?","M","$","M","R","E","M","T","?","R","?","R","?","R","B"],"character_chosen":"IRONCLAD","items_purchased":["ClockworkSouvenir"],"campfire_rested":1,"item_purchase_floors":[4],"current_hp_per_floor":[64,64,64,64,68,68,41,39,39,19,39,56,56,56,56,0,0],"gold":100,"neow_bonus":"ONE_RANDOM_RARE_CARD","is_daily":false,"chose_seed":false,"campfire_upgraded":3,"win_rate":0.0,"timestamp":1614451955,"path_taken":["M","?","M","$","M","R","E","M","T","?","R","?","R","?","R","BOSS"],"items_purchased_type":["Relic"],"build_version":"2020-12-22","purchased_purges":0,"victory":false,"max_hp_per_floor":[75,68,68,68,68,68,68,68,68,68,68,68,68,68,68,68,68],"card_choices":[{"not_picked":["Armaments","Flame Barrier"],"picked":"Pommel Strike","floor":1},{"not_picked":["Bloodletting","Body Slam"],"picked":"Shrug It Off","floor":3},{"not_picked":["Body Slam","Sword Boomerang"],"picked":"Sentinel","floor":5},{"not_picked":["Rampage","Bludgeon"],"picked":"Feel No Pain","floor":7},{"not_picked":["Invigoration","Flex"],"picked":"Battle Trance","floor":8}],"player_experience":804302,"relics_obtained":[{"floor":7,"key":"Orichalcum"},{"floor":9,"key":"Charon\u0027s Ashes"}],"event_choices":[{"damage_healed":0,"gold_gain":0,"player_choice":"Lose Max HP","damage_taken":0,"relics_obtained":["Golden Idol"],"max_hp_gain":0,"max_hp_loss":7,"event_name":"Golden Idol","floor":2,"gold_loss":0},{"damage_healed":0,"gold_gain":0,"player_choice":"Entered Light","damage_taken":20,"max_hp_gain":0,"max_hp_loss":0,"event_name":"Shining Light","floor":10,"gold_loss":0,"cards_upgraded":["Defend_R","Pommel Strike"]},{"damage_healed":17,"gold_gain":0,"player_choice":"Healed","damage_taken":0,"max_hp_gain":0,"max_hp_loss":0,"event_name":"The Cleric","floor":12,"gold_loss":35},{"damage_healed":0,"gold_gain":0,"player_choice":"Searched \u00271\u0027 times","damage_taken":0,"relics_obtained":["Omamori"],"max_hp_gain":0,"max_hp_loss":0,"event_name":"Dead Adventurer","floor":14,"gold_loss":0}],"is_beta":false,"boss_relics":[],"items_purged_floors":[],"is_endless":false,"potions_floor_spawned":[3,8],"killed_by":"Hexaghost","ascension_level":18}}