{"host":"qp7xs8nuzfsyommi","time":1614459548,"event":{"mods":["2.2 Compatiblity","BaseMod","Colored Powertips","DeckTracker","Highlight Path","Minty Spire (QoL Compilation)","Permanent Neow","Quick Restart","Random Character Button","StSLib","Weighted Paths"],"gold_per_floor":[114,128,31,47,47,72,72,87,87,12,27,52,64,83,83,157,157,170,0,0,10,10,40,40,52,100,100,120,120,20,33,33,108,108,127,147,165,30,30,56,56,89,89,89,100,131,131,141,141,141,141],"floor_reached":50,"language":"ENG","playtime":2915,"items_purged":["Pain","Decay"],"score":1203,"play_id":"b1034311-83b4-4a46-af75-3cc0bccaf6d9","local_time":"20210227155908","is_ascension_mode":true,"campfire_choices":[{"data":"Bandage Up","floor":7.0,"key":"SMITH"},{"data":"After Image","floor":15.0,"key":"SMITH"},{"floor":24.0,"key":"RECALL"},{"data":"Calculated Gamble","floor":27.0,"key":"SMITH"},{"data":"Wraith Form v2","floor":32.0,"key":"SMITH"},{"data":"Grand Finale","floor":41.0,"key":"SMITH"},{"data":"Burst","floor":44.0,"key":"SMITH"},{"data":"A Thousand Cuts","floor":49,"key":"SMITH"}],"circlet_count":0,"master_deck":["AscendersBane","Strike_G+1","Strike_G+1","Strike_G+1","Strike_G+1","Strike_G+1","Defend_G+1","Defend_G+1","Defend_G+1","Survivor","Neutralize","Crippling Poison","Underhanded Strike","Bandage Up+1","Backstab","Deadly Poison","Dagger Throw","Caltrops","Calculated Gamble+1","After Image+1","Noxious Fumes","A Thousand Cuts","Caltrops","A Thousand Cuts+1","Well Laid Plans","Acrobatics+1","Bane","Wraith Form v2+1","Backflip","Grand Finale+1","Underhanded Strike","Flying Knee","Heel Hook","Noxious Fumes","Backflip","Venomology","Burst+1","Parasite","Dash","PiercingWail"],"relics":["Coffee Dripper","WarpedTongs","StrikeDummy","Mercury Hourglass","Mummified Hand","SacredBark","Eternal Feather","Runic Pyramid","Regal Pillow","Centennial Puzzle","Lantern","Oddly Smooth Stone"],"acts_visited":["Exordium","TheCity","TheBeyond"],"potions_floor_usage":[48,50,50,50],"damage_taken":[{"damage":0.0,"enemies":"Cultist","floor":1.0,"turns":4.0},{"damage":0.0,"enemies":"Small Slimes","floor":2.0,"turns":4.0},{"damage":5.0,"enemies":"Jaw Worm","floor":4.0,"turns":3.0},{"damage":33.0,"enemies":"3 Sentries","floor":6.0,"turns":10.0},{"damage":9.0,"enemies":"Looter","floor":8.0,"turns":3.0},{"damage":0.0,"enemies":"Blue Slaver","floor":11.0,"turns":2.0},{"damage":11.0,"enemies":"Gremlin Nob","floor":12.0,"turns":3.0},{"damage":0.0,"enemies":"2 Fungi Beasts","floor":13.0,"turns":2.0},{"damage":8.0,"enemies":"Lots of Slimes","floor":14.0,"turns":3.0},{"damage":25.0,"enemies":"Slime Boss","floor":16.0,"turns":7.0},{"damage":14.0,"enemies":"Shell Parasite","floor":18.0,"turns":5.0},{"damage":8.0,"enemies":"2 Thieves","floor":21.0,"turns":4.0},{"damage":0.0,"enemies":"Gremlin Leader","floor":23.0,"turns":5.0},{"damage":8.0,"enemies":"Chosen and Byrds","floor":25.0,"turns":4.0},{"damage":7.0,"enemies":"3 Cultists","floor":28.0,"turns":3.0},{"damage":9.0,"enemies":"Cultist and Chosen","floor":31.0,"turns":5.0},{"damage":22.0,"enemies":"Collector","floor":33.0,"turns":7.0},{"damage":3.0,"enemies":"3 Shapes","floor":35.0,"turns":5.0},{"damage":0.0,"enemies":"Orb Walker","floor":36.0,"turns":4.0},{"damage":1.0,"enemies":"Sphere and 2 Shapes","floor":37.0,"turns":6.0},{"damage":17.0,"enemies":"Nemesis","floor":40.0,"turns":5.0},{"damage":19.0,"enemies":"Reptomancer","floor":42.0,"turns":6.0},{"damage":8.0,"enemies":"Writhing Mass","floor":45.0,"turns":6.0},{"damage":22.0,"enemies":"Nemesis","floor":46.0,"turns":7.0},{"damage":0,"enemies":"Jaw Worm Horde","floor":48,"turns":4},{"damage":78,"enemies":"Time Eater","floor":50,"turns":12}],"seed_played":"5225469249165492660","potions_obtained":[{"floor":8.0,"key":"Energy Potion"},{"floor":11.0,"key":"SpeedPotion"},{"floor":14.0,"key":"Fruit Juice"},{"floor":23.0,"key":"ColorlessPotion"},{"floor":25.0,"key":"SmokeBomb"},{"floor":31.0,"key":"ColorlessPotion"},{"floor":35.0,"key":"SkillPotion"},{"floor":40.0,"key":"AttackPotion"},{"floor":48,"key":"SkillPotion"}],"is_trial":false,"path_per_floor":["M","M","$","M","?","E","R","M","T","$","M","E","M","M","R","B",null,"M","?","?","M","?","E","R","M","T","R","M","?","$","M","R","B",null,"M","M","M","$","?","E","R","E","T","R","M","E","?","M","R","B"],"character_chosen":"THE_SILENT","items_purchased":["Bandage Up","Noxious Fumes","Backflip"],"campfire_rested":0,"item_purchase_floors":[3,38,38],"current_hp_per_floor":[59,59,59,58,58,31,31,28,28,28,28,17,17,20,20,1,54,46,46,46,44,44,50,65,57,57,71,64,64,64,61,71,55,67,70,70,69,69,69,58,71,58,58,71,69,53,53,65,71,0,0],"gold":141,"neow_bonus":"BOSS_RELIC","is_daily":false,"chose_seed":false,"campfire_upgraded":7,"win_rate":0.0,"timestamp":1614459548,"path_taken":["M","M","$","M","?","E","R","M","T","$","M","E","M","?","R","BOSS","M","?","?","M","?","E","R","M","T","R","?","?","$","?","R","BOSS","M","M","M","$","?","E","R","E","T","R","?","E","?","M","R","BOSS"],"items_purchased_type":["Card","Card","Card"],"build_version":"2020-12-22","purchased_purges":2,"victory":false,"max_hp_per_floor":[66,66,66,66,66,66,66,66,66,66,66,66,66,71,71,71,71,71,71,71,71,71,71,71,71,71,71,71,71,71,71,71,71,71,71,71,71,71,71,71,71,71,71,71,71,71,71,71,71,71,71],"card_choices":[{"not_picked":["Sucker Punch","Bane"],"picked":"Crippling Poison","floor":1.0},{"not_picked":["Reflex","Poisoned Stab"],"picked":"Underhanded Strike","floor":2.0},{"not_picked":["Sucker Punch","Slice"],"picked":"Backstab","floor":4.0},{"not_picked":["Finisher","Underhanded Strike"],"picked":"Deadly Poison","floor":6.0},{"not_picked":["Dagger Spray","Riddle With Holes"],"picked":"Dagger Throw","floor":8.0},{"not_picked":["Outmaneuver","Acrobatics"],"picked":"Caltrops","floor":11.0},{"not_picked":["Outmaneuver","Cloak And Dagger"],"picked":"Calculated Gamble","floor":12.0},{"not_picked":["Distraction","Calculated Gamble"],"picked":"After Image","floor":13.0},{"not_picked":["Endless Agony","Deflect"],"picked":"Noxious Fumes","floor":14.0},{"not_picked":["Phantasmal Killer","Burst"],"picked":"A Thousand Cuts","floor":16.0},{"not_picked":["Deadly Poison","Dagger Throw","Quick Slash"],"picked":"SKIP","floor":18.0},{"not_picked":["Noxious Fumes","Sucker Punch"],"picked":"Caltrops","floor":21.0},{"not_picked":["Dagger Spray+1","Blade Dance"],"picked":"Acrobatics+1","floor":23.0},{"not_picked":["Backstab","Flying Knee"],"picked":"Bane","floor":25.0},{"not_picked":["Escape Plan","Setup+1"],"picked":"Wraith Form v2","floor":28.0},{"not_picked":["Well Laid Plans","Poisoned Stab"],"picked":"Backflip","floor":31.0},{"not_picked":["Unload","Glass Knife"],"picked":"Grand Finale","floor":33.0},{"not_picked":["Deadly Poison+1","Dagger Spray"],"picked":"Underhanded Strike","floor":35.0},{"not_picked":["Deflect","Quick Slash"],"picked":"Flying Knee","floor":36.0},{"not_picked":["Deflect+1","Footwork"],"picked":"Heel Hook","floor":37.0},{"not_picked":["Storm of Steel","Cloak And Dagger"],"picked":"Venomology","floor":40.0},{"not_picked":["Backflip","Dagger Throw+1"],"picked":"Burst","floor":42.0},{"not_picked":["All Out Attack","Dodge and Roll","Calculated Gamble+1"],"picked":"SKIP","floor":45.0},{"not_picked":["Backflip","Skewer"],"picked":"Dash","floor":46.0},{"not_picked":["Deadly Poison","Bane"],"picked":"PiercingWail","floor":48}],"player_experience":1544629,"relics_obtained":[{"floor":6.0,"key":"StrikeDummy"},{"floor":9.0,"key":"Mercury Hourglass"},{"floor":12.0,"key":"Mummified Hand"},{"floor":23.0,"key":"Eternal Feather"},{"floor":40.0,"key":"Regal Pillow"},{"floor":42.0,"key":"Centennial Puzzle"},{"floor":43.0,"key":"Lantern"},{"floor":46.0,"key":"Oddly Smooth Stone"}],"event_choices":[{"damage_healed":0.0,"max_hp_gain":0.0,"max_hp_loss":0.0,"gold_gain":0.0,"event_name":"Accursed Blacksmith","player_choice":"Rummage","floor":5.0,"gold_loss":0.0,"damage_taken":0.0,"relics_obtained":["WarpedTongs"],"cards_obtained":["Pain"]},{"damage_healed":0.0,"max_hp_gain":0.0,"max_hp_loss":0.0,"gold_gain":0.0,"event_name":"Masked Bandits","player_choice":"Paid Fearfully","floor":19.0,"gold_loss":170.0,"damage_taken":0.0},{"damage_healed":0.0,"max_hp_gain":0.0,"max_hp_loss":0.0,"gold_gain":0.0,"event_name":"Back to Basics","player_choice":"Simplicity","floor":20.0,"gold_loss":0.0,"damage_taken":0.0,"cards_upgraded":["Strike_G","Strike_G","Strike_G","Strike_G","Strike_G","Defend_G","Defend_G","Defend_G","Defend_G","Defend_G"]},{"damage_healed":0.0,"max_hp_gain":0.0,"max_hp_loss":0.0,"gold_gain":0.0,"cards_transformed":["Defend_G","Defend_G"],"event_name":"Drug Dealer","player_choice":"Became Test Subject","floor":22.0,"gold_loss":0.0,"damage_taken":0.0,"cards_obtained":["A Thousand Cuts","Well Laid Plans"]},{"damage_healed":0.0,"max_hp_gain":0.0,"max_hp_loss":0.0,"gold_gain":0.0,"event_name":"Wheel of Change","player_choice":"Cursed","floor":29.0,"gold_loss":0.0,"damage_taken":0.0,"cards_obtained":["Decay"]},{"damage_healed":0.0,"max_hp_gain":0.0,"max_hp_loss":0.0,"gold_gain":0.0,"event_name":"SecretPortal","player_choice":"Ignored","floor":39.0,"gold_loss":0.0,"damage_taken":0.0},{"damage_healed":0.0,"max_hp_gain":0.0,"max_hp_loss":0.0,"gold_gain":0.0,"event_name":"Lab","player_choice":"Got Potions","floor":47.0,"gold_loss":0.0,"damage_taken":0.0}],"is_beta":false,"boss_relics":[{"not_picked":["Black Star","Sozu"],"picked":"SacredBark"},{"not_picked":["Velvet Choker","Runic Dome"],"picked":"Runic Pyramid"}],"items_purged_floors":[10,30],"is_endless":false,"potions_floor_spawned":[8,11,12,14,23,25,31,35,40,48],"killed_by":"Time Eater","ascension_level":20}}