{"host":"xdbac5uiks898er5","time":1614421490,"event":{"mods":["2.2 Compatiblity","BaseMod","Become a monster ???","Lobotomy","LobotomyExtend","Minty Spire (QoL Compilation)","Spire Arcade","StSLib","SuperFastMode","Unknown Chances"],"gold_per_floor":[114,114,114,131,149,178,178,189,189,189,189,189],"floor_reached":11,"language":"ENG","playtime":228,"items_purged":[],"score":73,"play_id":"236e7114-bfe5-44ef-a66e-ef97bd9c8a12","local_time":"20210227112450","is_ascension_mode":false,"campfire_choices":[{"floor":7,"key":"REST"}],"circlet_count":0,"master_deck":["Strike_R","Strike_R","Strike_R","Strike_R","Strike_R","Defend_R","Defend_R","Defend_R","Defend_R","Bash","MHz","Brutality","Inflame"],"relics":["Burning Blood","CogitoBucket","LetterFromLob","PreservedInsect","Shuriken","Charon\u0027s Ashes"],"acts_visited":["Exordium"],"potions_floor_usage":[6,8],"damage_taken":[{"damage":10,"enemies":"Cultist","floor":1,"turns":4},{"damage":8,"enemies":"Jaw Worm","floor":4,"turns":4},{"damage":10,"enemies":"2 Louse","floor":5,"turns":3},{"damage":73,"enemies":"Lagavulin","floor":6,"turns":7},{"damage":21,"enemies":"Lots of Slimes","floor":8,"turns":6},{"damage":17,"enemies":"3 Sentries","floor":11,"turns":3}],"seed_played":"-7398420310292441966","potions_obtained":[{"floor":4,"key":"ElixirPotion"},{"floor":6,"key":"LiquidMemories"}],"is_trial":false,"path_per_floor":["M","?","$","M","M","E","R","M","T","?","E"],"character_chosen":"IRONCLAD","items_purchased":[],"campfire_rested":1,"item_purchase_floors":[],"current_hp_per_floor":[76,80,80,78,74,7,31,16,16,16,0,0],"gold":189,"neow_bonus":"","is_daily":false,"chose_seed":false,"campfire_upgraded":0,"win_rate":0.0,"timestamp":1614421490,"path_taken":["M","?","$","M","M","E","R","M","T","?","E"],"items_purchased_type":[],"build_version":"2020-12-22","purchased_purges":0,"victory":false,"max_hp_per_floor":[80,80,80,80,80,80,80,80,80,80,80,80],"card_choices":[{"not_picked":["BlackArmy","VoidDream"],"picked":"MHz","floor":1},{"not_picked":["Blood for Blood","Wild Strike","Anger"],"picked":"SKIP","floor":1},{"not_picked":["Feel No Pain","Clash","Headbutt"],"picked":"SKIP","floor":4},{"not_picked":["Clothesline","Iron Wave"],"picked":"Brutality","floor":5},{"not_picked":["Body Slam","Fiend Fire"],"picked":"Inflame","floor":6},{"not_picked":["Intimidate","True Grit","Fire Breathing"],"picked":"SKIP","floor":8}],"player_experience":5830,"relics_obtained":[{"floor":1,"key":"LetterFromLob"},{"floor":6,"key":"PreservedInsect"},{"floor":9,"key":"Shuriken"},{"floor":10,"key":"Charon\u0027s Ashes"}],"event_choices":[{"damage_healed":0,"gold_gain":0,"player_choice":"Relic","damage_taken":0,"max_hp_gain":0,"max_hp_loss":0,"event_name":"Wheel of Change","floor":10,"gold_loss":0}],"is_beta":false,"boss_relics":[],"items_purged_floors":[],"is_endless":false,"potions_floor_spawned":[4,6],"killed_by":"3 Sentries","ascension_level":0}}