{"host":"08yfhu6uhosdn245","time":1614394009,"event":{"mods":["2.2 Compatiblity","AchievementEnabler","BaseMod","Bestiary","Colored Map","Colored Powertips","Curses Come First","Highlight Path","Minty Spire (QoL Compilation)","Quick Restart","Relic Stats","StSLib"],"gold_per_floor":[119,138,148,148,164,191,208,222,222,222,242,262,30,30,30],"floor_reached":14,"language":"ENG","playtime":1058,"items_purged":[],"score":120,"play_id":"7e88c26c-4aa8-434c-985b-d46a9abd342c","local_time":"20210226214649","is_ascension_mode":true,"campfire_choices":[{"data":"Armaments","floor":10.0,"key":"SMITH"}],"circlet_count":0,"master_deck":["Strike_R","Strike_R","Strike_R","Strike_R","Strike_R","Defend_R","Defend_R","Defend_R","Defend_R","Bash","Battle Trance","Iron Wave","Clothesline","Feel No Pain","Limit Break","Armaments+1","Feel No Pain","Fire Breathing","Reaper","Havoc","Power Through"],"relics":["SlaversCollar","Pocketwatch","Meat on the Bone","Orichalcum"],"acts_visited":["Exordium"],"potions_floor_usage":[14],"damage_taken":[{"damage":16.0,"enemies":"Jaw Worm","floor":1.0,"turns":4.0},{"damage":1.0,"enemies":"Cultist","floor":2.0,"turns":3.0},{"damage":7.0,"enemies":"2 Louse","floor":3.0,"turns":2.0},{"damage":12.0,"enemies":"Large Slime","floor":5.0,"turns":8.0},{"damage":15.0,"enemies":"3 Sentries","floor":6.0,"turns":11.0},{"damage":8.0,"enemies":"Exordium Wildlife","floor":7.0,"turns":5.0},{"damage":7.0,"enemies":"Blue Slaver","floor":8.0,"turns":4.0},{"damage":28.0,"enemies":"Lots of Slimes","floor":11.0,"turns":5.0},{"damage":26.0,"enemies":"Gremlin Gang","floor":12.0,"turns":8.0},{"damage":41,"enemies":"Gremlin Nob","floor":14,"turns":4}],"seed_played":"-5057977922593875183","potions_obtained":[{"floor":1.0,"key":"BloodPotion"},{"floor":3.0,"key":"EssenceOfSteel"},{"floor":6.0,"key":"Fruit Juice"},{"floor":8.0,"key":"Swift Potion"}],"is_trial":false,"path_per_floor":["M","M","M","?","M","E","M","M","T","R","M","M","$","E"],"character_chosen":"IRONCLAD","items_purchased":["Power Through","Orichalcum"],"campfire_rested":0,"item_purchase_floors":[13,13],"current_hp_per_floor":[64,63,56,56,44,29,21,14,14,14,32,27,27,0,0],"gold":30,"neow_bonus":"BOSS_RELIC","is_daily":false,"chose_seed":false,"campfire_upgraded":1,"win_rate":0.0,"timestamp":1614394009,"path_taken":["M","M","M","?","M","E","M","M","T","R","M","M","?","E"],"items_purchased_type":["Card","Relic"],"build_version":"2020-12-22","purchased_purges":0,"victory":false,"max_hp_per_floor":[80,80,80,80,80,80,80,80,80,80,85,85,85,85,85],"relic_stats":{"counters":[10,54],"Orichalcum":[12],"obtain_stats":[{"SlaversCollar":0,"Orichalcum":13,"Burning Blood":0,"Pocketwatch":6,"Meat on the Bone":9},{"SlaversCollar":0,"Orichalcum":9,"Burning Blood":0,"Pocketwatch":5,"Meat on the Bone":7},{"SlaversCollar":0,"Orichalcum":50,"Burning Blood":0,"Pocketwatch":28,"Meat on the Bone":37}],"Pocketwatch":[51],"Meat on the Bone":24},"card_choices":[{"not_picked":["Intimidate","Burning Pact"],"picked":"Battle Trance","floor":1.0},{"not_picked":["Burning Pact","Anger"],"picked":"Iron Wave","floor":2.0},{"not_picked":["Body Slam","Twin Strike"],"picked":"Clothesline","floor":3.0},{"not_picked":["Anger","Headbutt"],"picked":"Armaments","floor":5.0},{"not_picked":["Cleave","Havoc"],"picked":"Feel No Pain","floor":6.0},{"not_picked":["Cleave","Thunderclap"],"picked":"Fire Breathing","floor":7.0},{"not_picked":["Sword Boomerang","Shrug It Off"],"picked":"Reaper","floor":8.0},{"not_picked":["Pommel Strike","Perfected Strike","Clothesline"],"picked":"SKIP","floor":11.0},{"not_picked":["Clash","Heavy Blade"],"picked":"Havoc","floor":12.0}],"player_experience":433027,"relics_obtained":[{"floor":6.0,"key":"Pocketwatch"},{"floor":9.0,"key":"Meat on the Bone"}],"event_choices":[{"damage_healed":0.0,"max_hp_gain":0.0,"max_hp_loss":0.0,"gold_gain":0.0,"event_name":"Match and Keep!","player_choice":"2 cards matched","floor":4.0,"gold_loss":0.0,"damage_taken":0.0,"cards_obtained":["Feel No Pain","Limit Break"]}],"is_beta":false,"boss_relics":[],"items_purged_floors":[],"is_endless":false,"potions_floor_spawned":[1,3,6,8],"killed_by":"Gremlin Nob","ascension_level":5}}