{"host":"siu98xj5u8nq6xdu","time":1614388579,"event":{"mods":["AchievementEnabler","BaseMod","Colored Map","Colored Powertips","Minty Spire (QoL Compilation)"],"gold_per_floor":[115,40,40,50,70,70,87,87,132,132,6,55,55,18,18,18,18],"floor_reached":16,"language":"ENG","playtime":826,"items_purged":["Strike_G"],"score":234,"play_id":"57b1d7dd-5ab0-4770-ab9e-c0aaf23809b8","local_time":"20210226201619","is_ascension_mode":true,"campfire_choices":[{"data":"Wraith Form v2","floor":6,"key":"SMITH"},{"data":"Flechettes","floor":8,"key":"SMITH"},{"data":"Cloak And Dagger","floor":10,"key":"SMITH"},{"data":"Cloak And Dagger","floor":13,"key":"SMITH"},{"data":"Well Laid Plans","floor":15,"key":"SMITH"}],"circlet_count":0,"master_deck":["AscendersBane","Strike_G","Strike_G","Defend_G","Defend_G","Defend_G","Defend_G","Defend_G","Survivor","Neutralize","Wraith Form v2+1","Dagger Throw","Cloak And Dagger+1","Flechettes+1","Blur","Cloak And Dagger+1","Masterful Stab","Well Laid Plans+1"],"relics":["Ring of the Snake","Lantern","Omamori"],"acts_visited":["Exordium"],"potions_floor_usage":[12,12,16],"damage_taken":[{"damage":6.0,"enemies":"Jaw Worm","floor":1.0,"turns":7.0},{"damage":1.0,"enemies":"Cultist","floor":4.0,"turns":4.0},{"damage":0,"enemies":"Small Slimes","floor":5,"turns":3},{"damage":8,"enemies":"Blue Slaver","floor":7,"turns":6},{"damage":0,"enemies":"Gremlin Nob","floor":12,"turns":3},{"damage":54,"enemies":"Slime Boss","floor":16,"turns":10}],"seed_played":"-8606128274661629264","potions_obtained":[{"floor":4.0,"key":"BlessingOfTheForge"},{"floor":7,"key":"ColorlessPotion"},{"floor":12,"key":"Weak Potion"}],"is_trial":false,"path_per_floor":["M","?","?","M","M","R","M","R","T","R","$","E","R","$","R","B"],"character_chosen":"THE_SILENT","items_purchased":["Cloak And Dagger","Well Laid Plans"],"campfire_rested":0,"item_purchase_floors":[11,14],"current_hp_per_floor":[53,53,53,52,52,52,44,44,44,44,44,44,44,44,44,0,0],"gold":18,"neow_bonus":"THREE_RARE_CARDS","is_daily":false,"chose_seed":false,"campfire_upgraded":5,"win_rate":0.0,"timestamp":1614388579,"path_taken":["M","?","?","M","M","R","M","R","T","R","$","E","R","$","R","BOSS"],"items_purchased_type":["Card","Card"],"build_version":"2020-12-22","purchased_purges":1,"victory":false,"max_hp_per_floor":[60,60,60,60,60,60,60,60,60,60,60,60,60,60,60,60,60],"card_choices":[{"not_picked":["Night Terror","Venomology"],"picked":"Wraith Form v2","floor":0.0},{"not_picked":["Deadly Poison","Sucker Punch"],"picked":"Dagger Throw","floor":1.0},{"not_picked":["Flying Knee","Heel Hook"],"picked":"Cloak And Dagger","floor":4.0},{"not_picked":["Riddle With Holes","Dagger Throw"],"picked":"Flechettes","floor":5},{"not_picked":["Quick Slash","Riddle With Holes"],"picked":"Blur","floor":7},{"not_picked":["Well Laid Plans","Prepared"],"picked":"Masterful Stab","floor":12}],"player_experience":785086,"relics_obtained":[{"floor":9,"key":"Lantern"},{"floor":12,"key":"Omamori"}],"event_choices":[{"cards_removed":["Strike_G"],"damage_healed":0.0,"max_hp_gain":0.0,"max_hp_loss":0.0,"gold_gain":0.0,"event_name":"The Cleric","player_choice":"Card Removal","floor":2.0,"gold_loss":75.0,"damage_taken":0.0},{"cards_removed":["Strike_G"],"damage_healed":0.0,"max_hp_gain":0.0,"max_hp_loss":0.0,"gold_gain":0.0,"event_name":"Bonfire Elementals","player_choice":"Offered Basic","floor":3.0,"gold_loss":0.0,"damage_taken":0.0}],"is_beta":false,"boss_relics":[],"items_purged_floors":[11],"is_endless":false,"potions_floor_spawned":[4,7,12],"killed_by":"Slime Boss","ascension_level":18}}