{"host":"jbj9vjxoxc0v9q6j","time":1614396253,"event":{"mods":["BaseMod","Downfall","Infinite Spire","Minty Spire (QoL Compilation)","Shop Mod","StSLib","The Disciple","The Runesmith"],"gold_per_floor":[99,119,139,239,239,253,253,279,279,118,130,147,32,95,107,207,207,207,218,218,231,231,231,231,231,243,37,37,65,65,76,87,189,189,189,205,221,26,38,48,97,97,97,429,429,440,440,440,454,557,557,557,557,557],"floor_reached":52,"language":"ENG","playtime":25980,"items_purged":["champ:Strike","champ:Strike"],"score":604,"play_id":"82d46a3c-feb6-4e69-af9b-150cedcb98a7","local_time":"20210226222413","is_ascension_mode":false,"campfire_choices":[{"data":"champ:Taunt","floor":1.0,"key":"SMITH"},{"data":"champ:LastStand","floor":9.0,"key":"SMITH"},{"data":"champ:CheapShot","floor":18.0,"key":"SMITH"},{"data":"infinitespire:SevenWalls","floor":28.0,"key":"SMITH"},{"data":"champ:Encircle","floor":30.0,"key":"SMITH"},{"data":"champ:GladiatorForm","floor":35.0,"key":"SMITH"},{"data":"infinitespire:Punishment","floor":42.0,"key":"SMITH"},{"data":"champ:LastStand","floor":45.0,"key":"SMITH"},{"data":"champ:ArenaPreparation","floor":47.0,"key":"SMITH"}],"circlet_count":0,"master_deck":["champ:Strike","champ:Strike","champ:Defend+1","champ:Defend","champ:Defend","champ:Defend+1","champ:Execute","champ:Taunt+1","champ:BerserkersShout","champ:PreciseThrust+1","champ:Encircle+1","champ:Execute","champ:LastStand+1","champ:ArenaPreparation+1","champ:FanOfKnives+1","champ:DancingMaster","champ:CheapShot+1","champ:BerserkersShout","champ:StanceDance","infinitespire:Punishment+1","infinitespire:SevenWalls+1","champ:StanceDance+1","champ:LastStand+1","champ:MurderStrike","Dark Shackles","champ:FancyFootwork+1","champ:GladiatorForm+1","champ:PreciseThrust","champ:ShieldSlam+1","infinitespire:TheBestDefense","infinitespire:Collect"],"relics":["champ:ChampionCrown","CloakClasp","Incense Burner","War Paint","Question Card","Philosopher\u0027s Stone","infinitespire:BottledMercury","infinitespire:FocusingShard","Oddly Smooth Stone","Runesmith:AutoHammer","Strawberry","infinitespire:Cupcake","HandDrill","Whetstone","Old Coin","Art of War","Coffee Dripper"],"acts_visited":["Exordium","TheCity","TheBeyond","Exordium"],"potions_floor_usage":[],"damage_taken":[{"damage":8.0,"enemies":"2 Louse","floor":2.0,"turns":3.0},{"damage":40.0,"enemies":"Jaw Worm","floor":3.0,"turns":6.0},{"damage":89.0,"enemies":"Jaw Worm","floor":4.0,"turns":11.0},{"damage":20.0,"enemies":"Cultist","floor":6.0,"turns":3.0},{"damage":49.0,"enemies":"Lagavulin","floor":8.0,"turns":9.0},{"damage":21.0,"enemies":"downfall:FleeingMerchant","floor":10.0,"turns":4.0},{"damage":17.0,"enemies":"2 Fungi Beasts","floor":11.0,"turns":3.0},{"damage":14.0,"enemies":"3 Louse","floor":12.0,"turns":3.0},{"damage":65.0,"enemies":"downfall:FleeingMerchant","floor":13.0,"turns":4.0},{"damage":5.0,"enemies":"Gremlin Nob","floor":14.0,"turns":3.0},{"damage":41.0,"enemies":"Exordium Thugs","floor":15.0,"turns":4.0},{"damage":53.0,"enemies":"DF_ARCHETYPE_STREAMLINE","floor":16.0,"turns":9.0},{"damage":44.0,"enemies":"Chosen","floor":19.0,"turns":5.0},{"damage":47.0,"enemies":"Spheric Guardian","floor":21.0,"turns":4.0},{"damage":29.0,"enemies":"Snake Plant","floor":26.0,"turns":3.0},{"damage":57.0,"enemies":"downfall:FleeingMerchant","floor":27.0,"turns":4.0},{"damage":52.0,"enemies":"Nightmare","floor":29.0,"turns":6.0},{"damage":5.0,"enemies":"Sentry and Sphere","floor":31.0,"turns":2.0},{"damage":21.0,"enemies":"Centurion and Healer","floor":32.0,"turns":5.0},{"damage":41.0,"enemies":"SI_MIRROR_ARCHETYPE","floor":33.0,"turns":8.0},{"damage":29.0,"enemies":"Orb Walker","floor":36.0,"turns":2.0},{"damage":32.0,"enemies":"3 Darklings","floor":37.0,"turns":4.0},{"damage":20.0,"enemies":"4 Shapes","floor":39.0,"turns":3.0},{"damage":27.0,"enemies":"Sphere and 2 Shapes","floor":40.0,"turns":4.0},{"damage":81.0,"enemies":"Nightmare","floor":44.0,"turns":5.0},{"damage":31.0,"enemies":"Writhing Mass","floor":46.0,"turns":4.0},{"damage":46.0,"enemies":"Transient","floor":49.0,"turns":5.0},{"damage":15.0,"enemies":"IC_BLOCK_ARCHETYPE","floor":50.0,"turns":2.0}],"seed_played":"4637592694232032997","potions_obtained":[{"floor":3.0,"key":"champ:OpenerPotion"},{"floor":6.0,"key":"Ancient Potion"},{"floor":8.0,"key":"BlessingOfTheForge"},{"floor":11.0,"key":"AttackPotion"},{"floor":12.0,"key":"ColorlessPotion"},{"floor":26.0,"key":"DuplicationPotion"},{"floor":29.0,"key":"FearPotion"},{"floor":32.0,"key":"Explosive Potion"},{"floor":33.0,"key":"Regen Potion"},{"floor":36.0,"key":"GamblersBrew"},{"floor":46.0,"key":"infinitespire:BlackPotion"},{"floor":49.0,"key":"Energy Potion"},{"floor":50.0,"key":"Guardian:BlockOnCardUsePotion"}],"is_trial":false,"path_per_floor":["R","M","M","?","?","M","T","E","R","$","M","M","$","?","M","B",null,"R","M","?","M","?","?","T","AVR","M","$","R","NM","R","M","M","B",null,"R","M","M","?","M","M","T","R","?","NM","R","M","R","AVR","M","B",null,"R"],"character_chosen":"THE_CHAMP","items_purchased":["champ:ArenaPreparation","champ:MurderStrike","Oddly Smooth Stone","Runesmith:AutoHammer","Dark Shackles","HandDrill","Fire Potion"],"campfire_rested":0,"item_purchase_floors":[10,27,27,27,27,38,38],"current_hp_per_floor":[99,96,86,47,47,47,47,33,33,37,35,56,51,56,55,57,99,99,91,91,79,79,84,84,84,80,83,83,98,98,98,106,106,106,106,106,89,89,99,102,102,102,67,41,41,45,45,45,84,99,106,106,106,106],"gold":557,"neow_bonus":"TEN_PERCENT_HP_BONUS","is_daily":false,"chose_seed":false,"campfire_upgraded":9,"win_rate":0.0,"timestamp":1614396253,"path_taken":["R","M","M","?","?","M","T","E","R","$","?","M","$","?","M","BOSS","R","M","?","?","?","?","T","AVR","M","$","R","NM","R","?","M","BOSS","R","M","?","?","M","M","T","R","?","NM","R","?","R","AVR","M","BOSS","R"],"items_purchased_type":["Card","Card","Relic","Relic","Card","Relic","Potion"],"build_version":"2020-12-22","purchased_purges":2,"victory":false,"max_hp_per_floor":[99,99,99,99,99,99,99,99,99,99,99,99,99,99,99,99,99,99,99,99,99,99,99,99,99,99,99,99,106,106,106,106,106,106,106,106,106,106,106,106,106,106,106,106,106,106,106,106,106,106,106,106,106,106],"card_choices":[{"not_picked":["champ:CalledShot","champ:HeartStrike"],"picked":"champ:BerserkersShout","floor":2.0},{"not_picked":["champ:DefensiveShout","champ:FalseCounter"],"picked":"champ:PreciseThrust","floor":3.0},{"not_picked":["champ:BladeFlurry","champ:DefensiveShout"],"picked":"champ:Encircle","floor":4.0},{"not_picked":["champ:CrownThrow","champ:GutPunch"],"picked":"champ:BringItOn","floor":6.0},{"not_picked":["champ:StanceDance","champ:ShieldWall"],"picked":"champ:LastStand","floor":8.0},{"not_picked":["champ:PerfectedStrike","champ:Duel","champ:EndlessRage"],"picked":"SKIP","floor":10.0},{"not_picked":["champ:PreemptiveStrike","champ:IronFortress","champ:Haymaker"],"picked":"SKIP","floor":11.0},{"not_picked":["champ:GutPunch","champ:IronFortress","champ:Lariat"],"picked":"SKIP","floor":12.0},{"not_picked":["champ:Backstep","champ:PerfectedStrike"],"picked":"champ:FanOfKnives","floor":13.0},{"not_picked":["champ:EnragedBash","champ:TornadoPunch"],"picked":"champ:DancingMaster","floor":14.0},{"not_picked":["champ:FlashCut","champ:PreemptiveStrike","champ:Lariat","champ:GutPunch"],"picked":"SKIP","floor":15.0},{"not_picked":["champ:HoldFirm","champ:SwordThrow","champ:DancingMaster"],"picked":"champ:CheapShot","floor":16.0},{"not_picked":["champ:FlashCut+1","champ:PerfectedStrike","champ:TornadoPunch"],"picked":"champ:BerserkersShout","floor":19.0},{"not_picked":["champ:CrownThrow","champ:RapidStrikes","champ:BerserkersShout+1"],"picked":"champ:StanceDance","floor":21.0},{"not_picked":["champ:AdrenalArmor","champ:EnragedBash+1","champ:FocusedDefense"],"picked":"champ:StanceDance+1","floor":26.0},{"not_picked":["champ:FlashCut","champ:Encircle","champ:PreciseThrust"],"picked":"champ:LastStand","floor":27.0},{"not_picked":["champ:Shatter","champ:FaceSlap","champ:Haymaker+1"],"picked":"champ:FancyFootwork+1","floor":29.0},{"not_picked":["champ:Devastate","champ:FlashCut","champ:DefensiveShout","champ:Haymaker+1"],"picked":"SKIP","floor":31.0},{"not_picked":["champ:Circumvent","champ:GutPunch+1","champ:TornadoPunch","champ:IronFortress"],"picked":"SKIP","floor":32.0},{"not_picked":["champ:MurderStrike","champ:UltimateStance","champ:LastStand"],"picked":"champ:GladiatorForm","floor":33.0},{"not_picked":["champ:StanceDance+1","champ:PerfectedStrike","champ:CrownThrow","champ:HeartStrike+1"],"picked":"SKIP","floor":36.0},{"not_picked":["champ:EnragedBash+1","champ:RapidStrikes","champ:PreciseThrust","champ:Backstep"],"picked":"SKIP","floor":37.0},{"not_picked":["champ:Circumvent+1","champ:BringItOn","champ:GutPunch+1","champ:FalseCounter+1"],"picked":"SKIP","floor":39.0},{"not_picked":["champ:CalledShot","champ:CrownThrow","champ:Parry"],"picked":"champ:PreciseThrust","floor":40.0},{"not_picked":["champ:Circumvent","champ:PerfectedStrike+1","champ:Backstep+1"],"picked":"champ:ShieldSlam+1","floor":44.0},{"not_picked":["champ:CalledShot","champ:TornadoPunch","champ:BringItOn+1","champ:Lariat+1"],"picked":"SKIP","floor":46.0},{"not_picked":["champ:ShieldSlam+1","champ:PreemptiveStrike+1","champ:FancyFootwork","champ:Lariat"],"picked":"SKIP","floor":49.0}],"player_experience":2068695,"relics_obtained":[{"floor":4.0,"key":"CloakClasp"},{"floor":7.0,"key":"Incense Burner"},{"floor":8.0,"key":"War Paint"},{"floor":14.0,"key":"Question Card"},{"floor":24.0,"key":"infinitespire:BottledMercury"},{"floor":29.0,"key":"Strawberry"},{"floor":41.0,"key":"Whetstone"},{"floor":44.0,"key":"Old Coin"}],"event_choices":[{"cards_removed":["Defend_B"],"damage_healed":0.0,"max_hp_gain":0.0,"max_hp_loss":0.0,"gold_gain":0.0,"event_name":"NoteForYourself","player_choice":"Took Card","floor":20.0,"gold_loss":0.0,"damage_taken":0.0,"cards_obtained":["Defend_B"]},{"cards_removed":["champ:BringItOn"],"damage_healed":5.0,"max_hp_gain":0.0,"max_hp_loss":0.0,"gold_gain":0.0,"event_name":"Bonfire Elementals","player_choice":"Offered Common","floor":23.0,"gold_loss":0.0,"damage_taken":0.0},{"cards_removed":["champ:BringItOn"],"damage_healed":5.0,"max_hp_gain":0.0,"max_hp_loss":0.0,"gold_gain":0.0,"event_name":"Bonfire Elementals","player_choice":"Offered Special","floor":23.0,"gold_loss":0.0,"damage_taken":0.0}],"is_beta":false,"boss_relics":[{"not_picked":["Black Star","Astrolabe"],"picked":"Philosopher\u0027s Stone"},{"not_picked":["SlaversCollar","champ:ChampionCrownUpgraded"],"picked":"infinitespire:Cupcake"},{"not_picked":["Pandora\u0027s Box","Snecko Eye"],"picked":"Coffee Dripper"}],"items_purged_floors":[10,13],"is_endless":true,"potions_floor_spawned":[3,6,8,11,12,26,29,32,33,36,46,49,50],"ascension_level":0}}