{"host":"wshey5htrz8rni6u","time":1614417580,"event":{"mods":["2.2 Compatiblity","BaseMod","Block Reminder","Colored Map","Colored Powertips","Current Relic Mod","Curses Come First","Dark Map","Key Reminder","Keyboard Shortcuts","Minty Spire (QoL Compilation)","Potion Indicator Mod","Quick Restart","Random Character Button","Relic Sorter","Relic Stats","StSLib","SuperFastMode","Unceasing Turn Reminder","UnlockEverythingMod","Weighted Paths"],"gold_per_floor":[109,109,109,129,143,143,174,174,174,208,1,26,26,26,26,124,124,149,149,173,47,62,62,103,3,28,28,42,76,76,114,114,207,207,223,241,255,255,41,82,82,126,126,150,169,205,229,229,229,229,229],"floor_reached":50,"language":"ENG","playtime":1688,"items_purged":["Dualcast","Strike_B","Amplify"],"score":1212,"play_id":"9668e5aa-52a6-4a5c-bd3d-8983a7dab4c4","local_time":"20210227011940","is_ascension_mode":true,"campfire_choices":[{"data":"Hyperbeam","floor":6,"key":"SMITH"},{"floor":8,"key":"REST"},{"floor":13,"key":"REST"},{"data":"Beam Cell","floor":15,"key":"SMITH"},{"data":"White Noise","floor":23,"key":"SMITH"},{"data":"All For One","floor":27,"key":"SMITH"},{"data":"Hyperbeam","floor":30,"key":"SMITH"},{"floor":32,"key":"REST"},{"floor":49,"key":"RECALL"}],"circlet_count":0,"master_deck":["AscendersBane","Strike_B","Strike_B","Defend_B","Defend_B","Defend_B","Defend_B","Hyperbeam+1","Gash","Steam","Gash","Hyperbeam+1","Hyperbeam+1","Beam Cell+1","Conserve Battery","White Noise+1","All For One+1","Conserve Battery+1","Steam","Beam Cell","Skim+1","Hologram","Thinking Ahead","Flash of Steel","Good Instincts","Lockon","Steam+1","Hologram"],"relics":["Cracked Core","Golden Idol","Potion Belt","Singing Bowl","Shuriken","Pear","DollysMirror","Busted Crown","Vajra","Toy Ornithopter","DataDisk","Ginger","Philosopher\u0027s Stone","Happy Flower","Smiling Mask","Eternal Feather","Mercury Hourglass"],"acts_visited":["Exordium","TheCity","TheBeyond"],"potions_floor_usage":[16,24,37,40,44,50,50,50],"damage_taken":[{"damage":3,"enemies":"2 Louse","floor":1,"turns":2},{"damage":0,"enemies":"Small Slimes","floor":4,"turns":2},{"damage":0,"enemies":"Cultist","floor":5,"turns":2},{"damage":42,"enemies":"Lagavulin","floor":7,"turns":7},{"damage":10,"enemies":"3 Sentries","floor":10,"turns":4},{"damage":0,"enemies":"Gremlin Gang","floor":12,"turns":1},{"damage":29,"enemies":"Hexaghost","floor":16,"turns":9},{"damage":3,"enemies":"Shell Parasite","floor":18,"turns":3},{"damage":0,"enemies":"Spheric Guardian","floor":20,"turns":3},{"damage":11,"enemies":"Snake Plant","floor":22,"turns":3},{"damage":0,"enemies":"Slavers","floor":24,"turns":4},{"damage":1,"enemies":"3 Cultists","floor":28,"turns":3},{"damage":15,"enemies":"Book of Stabbing","floor":29,"turns":4},{"damage":0,"enemies":"Gremlin Leader","floor":31,"turns":2},{"damage":35,"enemies":"Collector","floor":33,"turns":6},{"damage":10,"enemies":"3 Darklings","floor":35,"turns":3},{"damage":2,"enemies":"3 Shapes","floor":36,"turns":2},{"damage":3,"enemies":"3 Darklings","floor":37,"turns":2},{"damage":35,"enemies":"Nemesis","floor":40,"turns":5},{"damage":0,"enemies":"Giant Head","floor":42,"turns":3},{"damage":9,"enemies":"Writhing Mass","floor":44,"turns":3},{"damage":3,"enemies":"4 Shapes","floor":45,"turns":2},{"damage":20,"enemies":"Reptomancer","floor":46,"turns":4},{"damage":2,"enemies":"Maw","floor":47,"turns":3},{"damage":51,"enemies":"Awakened One","floor":50,"turns":6}],"seed_played":"3485018811997139506","potions_obtained":[{"floor":4,"key":"PotionOfCapacity"},{"floor":10,"key":"Swift Potion"},{"floor":16,"key":"Dexterity Potion"},{"floor":20,"key":"Energy Potion"},{"floor":22,"key":"SteroidPotion"},{"floor":31,"key":"SkillPotion"},{"floor":33,"key":"Explosive Potion"},{"floor":35,"key":"ColorlessPotion"},{"floor":37,"key":"EssenceOfSteel"},{"floor":42,"key":"Energy Potion"},{"floor":46,"key":"SpeedPotion"},{"floor":47,"key":"Weak Potion"}],"is_trial":false,"path_per_floor":["M","?","?","M","M","R","E","R","T","E","$","M","R","?","R","B",null,"M","?","M","$","M","R","E","$","T","R","M","E","R","E","R","B",null,"M","M","M","?","$","E","?","E","T","M","M","E","M","?","R","B"],"character_chosen":"DEFECT","items_purchased":["DollysMirror","Beam Cell","Steam","Good Instincts"],"campfire_rested":3,"item_purchase_floors":[11,11,21,39],"current_hp_per_floor":[61,61,43,43,43,43,1,20,20,20,20,20,42,42,42,13,60,57,57,59,59,50,50,52,52,52,52,53,40,40,40,65,32,74,64,62,66,58,58,30,30,32,32,28,27,9,7,7,22,0,0],"gold":229,"neow_bonus":"ONE_RANDOM_RARE_CARD","is_daily":false,"chose_seed":false,"campfire_upgraded":5,"win_rate":0.0,"timestamp":1614417580,"path_taken":["M","?","?","M","M","R","E","R","T","E","$","M","R","?","R","BOSS","M","?","M","$","M","R","E","?","T","R","M","E","R","E","R","BOSS","M","?","M","?","$","E","?","E","T","?","M","E","M","?","R","BOSS"],"items_purchased_type":["Relic","Card","Card","Card"],"build_version":"2020-12-13","purchased_purges":3,"victory":false,"max_hp_per_floor":[71,66,66,66,66,66,66,66,66,76,76,76,76,76,76,76,76,76,76,78,78,80,80,82,82,82,82,84,86,86,86,86,88,88,88,88,90,92,92,94,94,96,96,96,98,100,100,100,100,100,100],"relic_stats":{"Busted Crown":40,"Singing Bowl":24,"Happy Flower":[7],"counters":[25,88],"Golden Idol":151,"Shuriken":[44],"Eternal Feather":15,"Ginger":[11],"Smiling Mask":0,"obtain_stats":[{"Potion Belt":3,"Pear":10,"Singing Bowl":7,"Happy Flower":40,"Golden Idol":2,"Vajra":19,"Eternal Feather":43,"Ginger":31,"Smiling Mask":42,"Mercury Hourglass":46,"keyreminder:keyreminder":26,"DataDisk":29,"Busted Crown":17,"Shuriken":9,"DollysMirror":11,"Philosopher\u0027s Stone":34,"Cracked Core":0,"Toy Ornithopter":24},{"Potion Belt":1,"Pear":5,"Singing Bowl":4,"Happy Flower":19,"Golden Idol":1,"Vajra":8,"Eternal Feather":20,"Ginger":14,"Smiling Mask":20,"Mercury Hourglass":23,"keyreminder:keyreminder":11,"DataDisk":13,"Busted Crown":7,"Shuriken":4,"DollysMirror":5,"Philosopher\u0027s Stone":15,"Cracked Core":0,"Toy Ornithopter":11},{"Potion Belt":2,"Pear":17,"Singing Bowl":13,"Happy Flower":67,"Golden Idol":2,"Vajra":30,"Eternal Feather":70,"Ginger":49,"Smiling Mask":70,"Mercury Hourglass":79,"keyreminder:keyreminder":40,"DataDisk":47,"Busted Crown":27,"Shuriken":13,"DollysMirror":17,"Philosopher\u0027s Stone":55,"Cracked Core":0,"Toy Ornithopter":40}],"Toy Ornithopter":30,"Mercury Hourglass":[39]},"card_choices":[{"not_picked":["Go for the Eyes","Cold Snap"],"picked":"Gash","floor":1},{"not_picked":["Steam Power","Go for the Eyes"],"picked":"Amplify","floor":4},{"not_picked":["Streamline","Rebound"],"picked":"Steam","floor":5},{"not_picked":["Rebound","Chaos"],"picked":"Gash","floor":7},{"not_picked":["Stack","Skim"],"picked":"Hyperbeam","floor":10},{"not_picked":["Melter","Rebound"],"picked":"Conserve Battery","floor":12},{"not_picked":["Amplify","Creative AI"],"picked":"All For One","floor":16},{"not_picked":[],"picked":"Conserve Battery+1","floor":18},{"not_picked":["Coolheaded"],"picked":"Singing Bowl","floor":20},{"not_picked":["Aggregate+1"],"picked":"Singing Bowl","floor":22},{"not_picked":["Aggregate"],"picked":"Singing Bowl","floor":24},{"not_picked":["Stack"],"picked":"Singing Bowl","floor":28},{"not_picked":["Barrage"],"picked":"Singing Bowl","floor":29},{"not_picked":[],"picked":"Beam Cell","floor":31},{"not_picked":["Creative AI"],"picked":"Singing Bowl","floor":33},{"not_picked":[],"picked":"Skim+1","floor":35},{"not_picked":[],"picked":"Hologram","floor":36},{"not_picked":["Heatsinks+1"],"picked":"Singing Bowl","floor":37},{"not_picked":[],"picked":"Thinking Ahead","floor":38},{"not_picked":[],"picked":"Flash of Steel","floor":38},{"not_picked":["Trip"],"picked":"Singing Bowl","floor":38},{"not_picked":["Beam Cell+1"],"picked":"Singing Bowl","floor":40},{"not_picked":["Sunder"],"picked":"Singing Bowl","floor":42},{"not_picked":[],"picked":"Steam+1","floor":44},{"not_picked":["Streamline+1"],"picked":"Singing Bowl","floor":45},{"not_picked":["Compile Driver"],"picked":"Singing Bowl","floor":46},{"not_picked":[],"picked":"Hologram","floor":47}],"player_experience":232210,"relics_obtained":[{"floor":7,"key":"Singing Bowl"},{"floor":9,"key":"Shuriken"},{"floor":10,"key":"Pear"},{"floor":24,"key":"Toy Ornithopter"},{"floor":29,"key":"DataDisk"},{"floor":31,"key":"Ginger"},{"floor":40,"key":"Happy Flower"},{"floor":42,"key":"Smiling Mask"},{"floor":43,"key":"Eternal Feather"},{"floor":46,"key":"Mercury Hourglass"}],"event_choices":[{"damage_healed":0,"gold_gain":0,"player_choice":"Lose Max HP","damage_taken":0,"relics_obtained":["Golden Idol"],"max_hp_gain":0,"max_hp_loss":5,"event_name":"Golden Idol","floor":2,"gold_loss":0},{"damage_healed":0,"gold_gain":0,"player_choice":"Success","damage_taken":18,"relics_obtained":["Potion Belt"],"max_hp_gain":0,"max_hp_loss":0,"event_name":"Scrap Ooze","floor":3,"gold_loss":0},{"damage_healed":0,"gold_gain":0,"cards_transformed":["Zap"],"player_choice":"Change","damage_taken":0,"max_hp_gain":0,"max_hp_loss":0,"event_name":"Living Wall","floor":14,"gold_loss":0,"cards_obtained":["White Noise"]},{"damage_healed":0,"gold_gain":0,"player_choice":"Gave Potion","damage_taken":0,"relics_obtained":["Vajra"],"max_hp_gain":0,"max_hp_loss":0,"event_name":"WeMeetAgain","floor":19,"gold_loss":0},{"damage_healed":0,"gold_gain":0,"player_choice":"Memory 3","damage_taken":10,"max_hp_gain":0,"max_hp_loss":0,"event_name":"SensoryStone","floor":38,"gold_loss":0},{"damage_healed":0,"gold_gain":0,"cards_transformed":["Strike_B"],"player_choice":"Transformed","damage_taken":0,"max_hp_gain":0,"max_hp_loss":0,"event_name":"Transmorgrifier","floor":41,"gold_loss":0,"cards_obtained":["Lockon"]},{"damage_healed":0,"gold_gain":0,"player_choice":"Ignored","damage_taken":0,"max_hp_gain":0,"max_hp_loss":0,"event_name":"NoteForYourself","floor":48,"gold_loss":0}],"is_beta":false,"boss_relics":[{"not_picked":["Tiny House","Velvet Choker"],"picked":"Busted Crown"},{"not_picked":["Snecko Eye","Pandora\u0027s Box"],"picked":"Philosopher\u0027s Stone"}],"items_purged_floors":[21,25,39],"is_endless":false,"potions_floor_spawned":[4,10,16,20,22,31,33,35,37,42,46,47],"killed_by":"Awakened One","ascension_level":14}}