{"host":"h3awr6eovmieyhyn","time":1614445641,"event":{"mods":["Act Like it!","Arknights","Aspiration","Astrologer","BaseMod","BetterRewards","Downfall","Gensokyo","GungeonMod","Hubris","Infinite Spire","Lobotomy","LobotomyExtend","Marisa????????","Minty Spire (QoL Compilation)","Reliquary","Replay The Spire","Robot Space Explorer","Shade Mod","StSLib","Td1madao Mod","The Animator","The Bug Knight","The Cursed","The Disciple","The Elementalist","The Forsaken","The Gatherer","The Hierophant","The Jungle","The Marked","The Necromancer","The Servant 0.9.4","The Wild Card","TheBandit","[IsaacMod]????"],"gold_per_floor":[99,114,131,157,174,174,174,174,174,174,187,222,222,222,234,334,334,334,349,349,364,394,394,394,394,394,394,394,29,29,58,76,181,181,181,255,255,570,570,590,672,672,672,685,698,718,718,745,745,745,745],"floor_reached":49,"language":"ENG","playtime":2424,"items_purged":[],"score":749,"play_id":"8771a9a1-38a6-4381-98f2-297f66dc1382","local_time":"20210227170721","daily_mods":["Draft","Heirloom","Flight","DeadlyEvents"],"is_ascension_mode":false,"campfire_choices":[{"data":"wariomod:Goblast","floor":1,"key":"SMITH"},{"data":"wariomod:Goblast","floor":6,"key":"SMITH"},{"data":"wariomod:Goblast","floor":8,"key":"SMITH"},{"data":"wariomod:Goblast","floor":10,"key":"SMITH"},{"data":"wariomod:HappyHit","floor":13,"key":"SMITH"},{"data":"wariomod:SpacialMastery","floor":18,"key":"SMITH"},{"data":"wariomod:DanceDash","floor":25,"key":"SMITH"},{"data":"wariomod:RacingSpeed","floor":26,"key":"SMITH"},{"data":"infinitespire:Execution","floor":27,"key":"SMITH"},{"data":"wariomod:ShipSmash","floor":30,"key":"SMITH"},{"data":"wariomod:GoAgain","floor":35,"key":"SMITH"},{"data":"wariomod:SpacialMastery","floor":42,"key":"SMITH"},{"floor":43,"key":"RECALL"},{"floor":47,"key":"REST"}],"circlet_count":1,"master_deck":["wariomod:TreasureDig","wariomod:Boomsmack","wariomod:EmptyMind","wariomod:TreasureDig","wariomod:Bombshield","wariomod:HappyHit+1","wariomod:ThatsNotAll","wariomod:Goblast+1","wariomod:Smackflip","wariomod:DanceDash","wariomod:Goblast+1","wariomod:SmackSlam","wariomod:BigUpgrade","wariomod:Smackflip","wariomod:EndlessBlast","wariomod:Leapslam","wariomod:DoubleDip","wariomod:AwfulLook","wariomod:Goblast+1","wariomod:Goblast+1","wariomod:Hopshield","wariomod:BumRush","wariomod:Game","wariomod:SpacialMastery+1","wariomod:Bomblaster","wariomod:Leapslam","wariomod:DanceDash+1","infinitespire:Execution+1","wariomod:RacingSpeed+1","wariomod:BodyBlock","wariomod:ShipSmash+1","wariomod:ChargeForth","wariomod:GoAgain+1","wariomod:ShipSmash","wariomod:EnergizedBombs","wariomod:Leapslam+1","wariomod:TempestBlasts+1","wariomod:VeryLongJump","wariomod:DeadlyDash","wariomod:ChargeForth","wariomod:SilenceBombs","Dark Shackles","ReplayTheSpireMod:Necrogeddon","wariomod:BoomBoom","wariomod:SimpleShield","wariomod:SimpleShield","wariomod:ChargeForth","wariomod:DonateDraw","expansioncontent:PrepareCrush","expansioncontent:DashGenerateEvil","wariomod:SmackSlam","wariomod:SpikeSlash","wariomod:BigUpgrade+1","wariomod:SpacialMastery+1","wariomod:WhirlwindBurst+1","wariomod:DropBash+1","wariomod:ChargeForth+1","wariomod:Hopshield+1"],"relics":["wariomod:TheHat","Ring of Chaos","replay:Trail_Library","HushsDoor","Chaos","Strawberry","LetterFromLob","White Beast Statue","GuppysTail","bronze:DonusWashers","NeowsBlessing","Lantern","Slimebound:StickyStick","Circlet","Replay:Bronze Core","SteamSale","Onion Ring","Membership Card","SlaversCollar","BFFS","infinitespire:Golems Mask","sneckomod:BlankCard","theForsaken:Kindling","aspiration:Nostalgia","MiniHakkero","Sling","reliquary:BoilingFlask","hubris:SlimyHat"],"acts_visited":["Exordium","TheCity","Gensokyo:Gensokyoest"],"potions_floor_usage":[29,29,29,31,33,33,38,38],"damage_taken":[{"damage":4,"enemies":"Cultist","floor":2,"turns":3},{"damage":0,"enemies":"2 Louse","floor":3,"turns":1},{"damage":0,"enemies":"Jaw Worm","floor":5,"turns":2},{"damage":2,"enemies":"Gremlin Gang","floor":11,"turns":2},{"damage":0,"enemies":"Gremlin Nob","floor":12,"turns":4},{"damage":0,"enemies":"3 Louse","floor":15,"turns":1},{"damage":0,"enemies":"WA_ARCHETYPE_RETAIN","floor":16,"turns":1},{"damage":0,"enemies":"3 Byrds","floor":19,"turns":1},{"damage":0,"enemies":"downfall:LooterAlt2","floor":21,"turns":2},{"damage":35,"enemies":"Slavers","floor":22,"turns":3},{"damage":0,"enemies":"downfall:FleeingMerchant","floor":29,"turns":4},{"damage":14,"enemies":"Nightmare","floor":31,"turns":5},{"damage":6,"enemies":"Sentry and Sphere","floor":32,"turns":3},{"damage":34,"enemies":"DF_ARCHETYPE_CLAW","floor":33,"turns":4},{"damage":4,"enemies":"downfall:FleeingMerchant","floor":38,"turns":2},{"damage":8,"enemies":"Gensokyo:3_Boulders","floor":40,"turns":5},{"damage":13,"enemies":"Gensokyo:AncientGuardian","floor":44,"turns":5},{"damage":38,"enemies":"Gensokyo:SeedOfUnknown","floor":45,"turns":6},{"damage":0,"enemies":"Gensokyo:3_Boulders","floor":46,"turns":2},{"damage":9,"enemies":"Gensokyo:Kasen","floor":48,"turns":4},{"damage":25,"enemies":"Gensokyo:Sharpion","floor":49,"turns":3}],"seed_played":"-1395270054160405125","potions_obtained":[{"floor":3,"key":"ColorlessPotion"},{"floor":5,"key":"AttackPotion"},{"floor":11,"key":"bronze:BurnAndBuffPotion"},{"floor":12,"key":"CultistPotion"},{"floor":21,"key":"hexamod:SoulburnPotion"},{"floor":29,"key":"Energy Potion"},{"floor":31,"key":"FearPotion"},{"floor":32,"key":"ColorlessPotion"},{"floor":33,"key":"DemoMod:LeadSkinPotion"},{"floor":36,"key":"bronze:BurnAndBuffPotion"},{"floor":36,"key":"SteroidPotion"},{"floor":38,"key":"SteroidPotion"},{"floor":45,"key":"LifebloodPotion"},{"floor":46,"key":"Strength Potion"}],"is_trial":true,"path_per_floor":["R","M","M","T","M","R","T","R","E","R","M","E","R","WH","M","B",null,"R","M","?","M","E","AVR","T","R","R","R","?","$","R","NM","M","B",null,"R","?","?","$","$","M","T","R","R","M","M","M","R","E","M"],"character_chosen":"THE_BANDIT","items_purchased":["SteamSale","Onion Ring","wariomod:ShipSmash","wariomod:EnergizedBombs","sneckomod:BlankCard","theForsaken:Kindling","wariomod:VeryLongJump","wariomod:DeadlyDash","wariomod:ChargeForth","wariomod:SilenceBombs","Reflective Coating","Energy Potion","Dark Shackles","ReplayTheSpireMod:Necrogeddon","wariomod:BoomBoom","aspiration:Nostalgia","Sling","reliquary:BoilingFlask","wariomod:SimpleShield","wariomod:ChargeForth","wariomod:DonateDraw","expansioncontent:PrepareCrush","expansioncontent:DashGenerateEvil","wariomod:SmackSlam","wariomod:SpikeSlash"],"campfire_rested":1,"item_purchase_floors":[29,29,29,34,38,38,38,38,38,38,38,38,38,38,38,39,39,39,39,39,39,39,39,39,39],"current_hp_per_floor":[87,83,83,83,83,83,83,83,83,83,81,81,81,81,81,81,87,87,87,87,87,52,57,57,57,57,57,57,57,57,43,37,3,88,88,66,66,62,62,54,54,54,54,41,3,3,34,25,0,0,0],"gold":745,"neow_bonus":"THREE_ENEMY_KILL","is_daily":false,"chose_seed":false,"campfire_upgraded":12,"win_rate":0.0,"timestamp":1614445641,"path_taken":["R","M","M","?","M","R","T","R","E","R","M","?","R","WH","M","BOSS","R","M","?","?","?","AVR","T","R","R","R","?","$","R","NM","M","BOSS","R","?","?","?","$","M","T","R","R","M","M","?","R","?","M"],"items_purchased_type":["Relic","Relic","Card","Card","Relic","Relic","Card","Card","Card","Card","Potion","Potion","Card","Card","Card","Relic","Relic","Relic","Card","Card","Card","Card","Card","Card","Card"],"build_version":"2020-12-22","purchased_purges":0,"victory":false,"max_hp_per_floor":[87,87,87,87,87,87,87,87,87,87,87,87,87,87,87,87,87,87,87,87,87,87,92,92,92,92,92,92,92,92,92,92,92,88,88,88,88,88,88,88,88,88,88,88,88,88,93,93,93,93,93],"card_choices":[{"not_picked":["wariomod:Game","wariomod:SmackSlam"],"picked":"wariomod:TreasureDig","floor":0},{"not_picked":["wariomod:Bombtime","wariomod:SelfImprison"],"picked":"wariomod:Boomsmack","floor":0},{"not_picked":["wariomod:Smackflip","wariomod:SmackSlam"],"picked":"wariomod:EmptyMind","floor":0},{"not_picked":["wariomod:SimpleShield","wariomod:WhirlwindBurst"],"picked":"wariomod:TreasureDig","floor":0},{"not_picked":["wariomod:SelfImprison","wariomod:BodyBlock"],"picked":"wariomod:Bombshield","floor":0},{"not_picked":["wariomod:OctoJump","wariomod:SmackSlam"],"picked":"wariomod:HappyHit","floor":0},{"not_picked":["wariomod:SelfImprison","wariomod:Boomsmack"],"picked":"wariomod:ThatsNotAll","floor":0},{"not_picked":["wariomod:PayItForwards","wariomod:SmallSprint"],"picked":"wariomod:Goblast","floor":0},{"not_picked":["wariomod:DoubleDash","wariomod:OctoJump"],"picked":"wariomod:Smackflip","floor":0},{"not_picked":["wariomod:ThatsNotAll","wariomod:GreaterGuard"],"picked":"wariomod:DanceDash","floor":0},{"not_picked":["wariomod:SilenceBombs","wariomod:ThatsNotAll"],"picked":"wariomod:Goblast","floor":0},{"not_picked":["wariomod:DisarmingMoves","wariomod:SpikeSlash"],"picked":"wariomod:SmackSlam","floor":0},{"not_picked":["wariomod:SpikeSlash","wariomod:EmptyMind"],"picked":"wariomod:BigUpgrade","floor":0},{"not_picked":["wariomod:SpikeSlash","wariomod:BodyBlock"],"picked":"wariomod:Smackflip","floor":0},{"not_picked":["wariomod:DropBash","wariomod:DoubleDash"],"picked":"wariomod:EndlessBlast","floor":0},{"not_picked":["wariomod:CursedSpaces","wariomod:NullJump"],"picked":"wariomod:Leapslam","floor":2},{"not_picked":["wariomod:AwfulLook","wariomod:ThatsNotAll"],"picked":"wariomod:DoubleDip","floor":3},{"not_picked":["wariomod:SpikeSlash","wariomod:SilenceBombs"],"picked":"wariomod:AwfulLook","floor":5},{"not_picked":["wariomod:BlastDash","wariomod:DiceyMove"],"picked":"wariomod:Hopshield","floor":11},{"not_picked":["wariomod:DropBash","wariomod:BodyBlock"],"picked":"wariomod:BumRush","floor":12},{"not_picked":["wariomod:BlastDash","wariomod:SmallSprint"],"picked":"wariomod:Game","floor":15},{"not_picked":["wariomod:Enshrine","wariomod:VeryLongJump"],"picked":"wariomod:SpacialMastery","floor":16},{"not_picked":["wariomod:SpikeSlash","wariomod:ThatsNotAll"],"picked":"wariomod:Bomblaster","floor":19},{"not_picked":["wariomod:SimpleShield+1","wariomod:DanceDash"],"picked":"wariomod:Leapslam","floor":21},{"not_picked":["wariomod:PoisonBombs","wariomod:SmallSprint"],"picked":"wariomod:DanceDash","floor":22},{"not_picked":["wariomod:DonateDraw","wariomod:AwfulLook"],"picked":"wariomod:BodyBlock","floor":29},{"not_picked":["wariomod:GreaterGuard","wariomod:PayItForwards+1"],"picked":"wariomod:ChargeForth","floor":31},{"not_picked":["wariomod:ThatsNotAll+1","wariomod:BlastDash"],"picked":"wariomod:GoAgain","floor":32},{"not_picked":["wariomod:Sidestep","wariomod:BoomAndDoom"],"picked":"wariomod:ShipSmash","floor":33},{"not_picked":["wariomod:Purify","wariomod:NullJump"],"picked":"wariomod:Leapslam+1","floor":36},{"not_picked":["wariomod:DropBash+1","wariomod:DisarmingMoves"],"picked":"wariomod:TempestBlasts+1","floor":38},{"not_picked":["wariomod:BumRush+1","wariomod:SmallSprint"],"picked":"wariomod:BigUpgrade+1","floor":40},{"not_picked":["wariomod:Boomsmack+1","wariomod:AwfulLook+1"],"picked":"wariomod:WhirlwindBurst+1","floor":44},{"not_picked":["wariomod:Leapslam+1","wariomod:Bombshield"],"picked":"wariomod:DropBash+1","floor":45},{"not_picked":["wariomod:DanceDash","wariomod:PayItForwards"],"picked":"wariomod:ChargeForth+1","floor":46},{"not_picked":["wariomod:Bomblaster","wariomod:SpikeSlash+1"],"picked":"wariomod:Hopshield+1","floor":48}],"player_experience":196772,"relics_obtained":[{"floor":2,"key":"LetterFromLob"},{"floor":4,"key":"White Beast Statue"},{"floor":7,"key":"GuppysTail"},{"floor":12,"key":"bronze:DonusWashers"},{"floor":22,"key":"Slimebound:StickyStick"},{"floor":24,"key":"Replay:Bronze Core"},{"floor":31,"key":"Membership Card"},{"floor":36,"key":"BFFS"},{"floor":41,"key":"hubris:SlimyHat"}],"event_choices":[{"damage_healed":0,"gold_gain":0,"player_choice":"Ignored","damage_taken":0,"max_hp_gain":0,"max_hp_loss":0,"event_name":"Ghosts","floor":28,"gold_loss":0}],"is_beta":false,"boss_relics":[{"not_picked":["DeadEye","DemoMod:JetPack"],"picked":"Lantern"},{"not_picked":[]},{"not_picked":["DemoMod:LamentConfigurum","Ginger"],"picked":"SlaversCollar"},{"not_picked":[]}],"items_purged_floors":[],"is_endless":true,"potions_floor_spawned":[3,5,11,12,15,16,19,21,22,29,31,32,33,38,40,44,45,46,48],"killed_by":"Gensokyo:Sharpion","ascension_level":0}}