{"host":"iv5y6bhuaupt1dsk","time":1614392694,"event":{"mods":["BaseMod","Colored Powertips","Hermit","Koishi","Minty Spire (QoL Compilation)","StSLib","The Cursed","The Druid","The Exalted","The Forsaken","The Hierophant","The Servant 0.9.4"],"gold_per_floor":[110,60,60,35,46,46,72,25,25,25,25,25,25,39,39,138,138,148,148,161,16,28,28,28,28,98,108,143,116,136,152,152,152,152],"floor_reached":33,"language":"ENG","playtime":2782,"items_purged":["hermit:FullyLoaded"],"score":263,"play_id":"bf1b25f8-425e-469d-bf11-a2a9ba7f0f10","local_time":"20210226182454","is_ascension_mode":false,"campfire_choices":[{"data":"hermit:Deadeye","floor":6,"key":"SMITH"},{"data":"hermit:Snapshot","floor":10,"key":"SMITH"},{"data":"hermit:Covet","floor":12,"key":"SMITH"},{"data":"hermit:Enervate","floor":15,"key":"SMITH"},{"floor":23,"key":"REST"},{"data":"Enlightenment","floor":25,"key":"SMITH"},{"floor":32,"key":"REST"}],"circlet_count":0,"master_deck":["hermit:Snapshot+1","hermit:Covet+1","hermit:Malice+1","Regret","hermit:Ricochet+1","hermit:Deadeye+1","hermit:Headshot","hermit:TrackingShot","hermit:Enervate+1","hermit:FatalDesire","hermit:EyeOfTheStorm","hermit:BigShot","hermit:BlackWind","hermit:PistolWhip","hermit:Snipe+1","hermit:Ricochet","hermit:TakeAim","hermit:TrackingShot","Enlightenment+1","hermit:Enervate","hermit:Combo","hermit:FromBeyond+1","hermit:Manifest+1","hermit:Manifest"],"relics":["hermit:Momento","Boot","Bromod:ArcaneGuardian","Bromod:ArcaneDeflection","theForsaken:PlagueMask","Pandora\u0027s Box","Bottled Lightning","War Paint"],"acts_visited":["Exordium","TheCity"],"potions_floor_usage":[1,27,31,33],"damage_taken":[{"damage":1,"enemies":"2 Louse","floor":1,"turns":2},{"damage":0,"enemies":"Small Slimes","floor":5,"turns":3},{"damage":12,"enemies":"3 Sentries","floor":7,"turns":6},{"damage":6,"enemies":"Jaw Worm","floor":14,"turns":2},{"damage":46,"enemies":"Hexaghost","floor":16,"turns":9},{"damage":23,"enemies":"2 Thieves","floor":18,"turns":4},{"damage":10,"enemies":"Chosen","floor":20,"turns":3},{"damage":30,"enemies":"Centurion and Healer","floor":22,"turns":5},{"damage":25,"enemies":"Shelled Parasite and Fungi","floor":27,"turns":4},{"damage":31,"enemies":"Gremlin Leader","floor":28,"turns":4},{"damage":0,"enemies":"Snecko","floor":30,"turns":2},{"damage":4,"enemies":"3 Cultists","floor":31,"turns":4},{"damage":73,"enemies":"Automaton","floor":33,"turns":6}],"seed_played":"6244058928434430157","potions_obtained":[{"floor":1,"key":"Fruit Juice"},{"floor":16,"key":"FairyPotion"},{"floor":18,"key":"Weak Potion"},{"floor":28,"key":"PowerPotion"},{"floor":31,"key":"Strength Potion"}],"is_trial":false,"path_per_floor":["M","?","?","$","M","R","E","$","T","R","?","R","?","M","R","B",null,"M","?","M","$","M","R","?","R","T","M","E","$","M","M","R","B"],"character_chosen":"HERMIT","items_purchased":["hermit:Ricochet","hermit:TrackingShot","hermit:Combo","hermit:Manifest"],"campfire_rested":2,"item_purchase_floors":[4,8,21,29],"current_hp_per_floor":[86,86,86,86,86,86,74,74,74,74,57,57,57,51,51,5,87,64,64,54,54,24,50,50,50,50,25,22,22,22,18,44,0,0],"gold":152,"neow_bonus":"TEN_PERCENT_HP_BONUS","is_daily":false,"chose_seed":false,"campfire_upgraded":5,"win_rate":0.0,"timestamp":1614392694,"path_taken":["M","?","?","?","M","R","E","$","T","R","?","R","?","M","R","BOSS","M","?","?","$","M","R","?","R","T","M","E","$","M","M","R","BOSS"],"items_purchased_type":["Card","Card","Card","Card"],"build_version":"2020-12-22","purchased_purges":1,"victory":false,"max_hp_per_floor":[87,87,87,87,87,87,87,87,87,87,87,87,87,87,87,87,87,87,87,87,87,87,87,87,87,87,87,87,87,87,87,87,87,87],"card_choices":[{"not_picked":["hermit:LuckOfTheDraw","hermit:Ricochet"],"picked":"hermit:Malice","floor":1},{"not_picked":["hermit:Quickdraw","hermit:Dive"],"picked":"hermit:Deadeye","floor":5},{"not_picked":["hermit:LoneWolf","hermit:HighCaliber"],"picked":"hermit:Headshot","floor":7},{"not_picked":["hermit:HighCaliber","hermit:Virtue"],"picked":"hermit:Enervate","floor":14},{"not_picked":["hermit:Gambit","hermit:FinalCanter"],"picked":"hermit:FatalDesire","floor":16},{"not_picked":["hermit:Virtue","hermit:Ricochet"],"picked":"hermit:TakeAim","floor":18},{"not_picked":["hermit:Quickdraw","hermit:FullyLoaded","hermit:Gestalt"],"picked":"SKIP","floor":20},{"not_picked":["hermit:HoleUp+1","hermit:Roulette","hermit:CalledShot"],"picked":"SKIP","floor":22},{"not_picked":["hermit:TakeCover","hermit:Quickdraw"],"picked":"hermit:FromBeyond","floor":27},{"not_picked":["hermit:Midnight","hermit:Desperado"],"picked":"hermit:Manifest+1","floor":28},{"not_picked":["hermit:LowProfile","hermit:Roulette","hermit:Dive"],"picked":"SKIP","floor":30},{"not_picked":["hermit:WideOpen","hermit:Grudge","hermit:Spite+1"],"picked":"SKIP","floor":31}],"player_experience":1520227,"relics_obtained":[{"floor":7,"key":"Bromod:ArcaneGuardian"},{"floor":9,"key":"Bromod:ArcaneDeflection"},{"floor":26,"key":"Bottled Lightning"},{"floor":28,"key":"War Paint"}],"event_choices":[{"cards_removed":["hermit:Strike_Hermit"],"damage_healed":0,"gold_gain":0,"player_choice":"Card Removal","damage_taken":0,"max_hp_gain":0,"max_hp_loss":0,"event_name":"The Cleric","floor":2,"gold_loss":50},{"damage_healed":0,"gold_gain":0,"player_choice":"Box","damage_taken":0,"relics_obtained":["Boot"],"max_hp_gain":0,"max_hp_loss":0,"event_name":"Big Fish","floor":3,"gold_loss":0,"cards_obtained":["Regret"]},{"damage_healed":0,"gold_gain":0,"player_choice":"Entered Light","damage_taken":17,"max_hp_gain":0,"max_hp_loss":0,"event_name":"Shining Light","floor":11,"gold_loss":0,"cards_upgraded":["hermit:Malice","hermit:Ricochet"]},{"damage_healed":0,"gold_gain":0,"player_choice":"Obtain Plague Curse","damage_taken":0,"max_hp_gain":0,"max_hp_loss":0,"event_name":"Plague Doctor","floor":13,"gold_loss":0,"cards_obtained":["theForsaken:PlagueCurse"]},{"damage_healed":0,"gold_gain":0,"player_choice":"3 cards matched","damage_taken":0,"max_hp_gain":0,"max_hp_loss":0,"event_name":"Match and Keep!","floor":19,"gold_loss":0,"cards_obtained":["hermit:TrackingShot","Enlightenment","hermit:Enervate"]},{"cards_removed":["theForsaken:PlagueCurse"],"damage_healed":0,"gold_gain":0,"player_choice":"Elegance","damage_taken":0,"max_hp_gain":0,"max_hp_loss":0,"event_name":"Back to Basics","floor":24,"gold_loss":0}],"is_beta":false,"boss_relics":[{"not_picked":["Runic Pyramid","Coffee Dripper"],"picked":"Pandora\u0027s Box"}],"items_purged_floors":[21],"is_endless":false,"potions_floor_spawned":[1,16,18,28,31],"killed_by":"Automaton","ascension_level":0}}