{"host":"8th1b252t61ilvte","time":1614391282,"event":{"mods":["BaseMod","Better Altar","Better Match","Better Note","Better Sensory Stone","Better Skull","Better Third Choice","Colored Map","Hermit","Minty Spire (QoL Compilation)","Permanent Neow","Relic Stats","StSLib","The IronCluck","The Problem Sleuth","everything is the same but u backflip on backflip"],"gold_per_floor":[114,132,132,144,144,176,22,22,90,0,0,20,37,52,52,157,157,175,190,208,208,91,91,91,91],"floor_reached":24,"language":"ENG","playtime":1964,"items_purged":[],"score":198,"play_id":"40b1e7c9-b8ae-45ae-a6bd-8167bd2d597d","local_time":"20210226210122","is_ascension_mode":false,"campfire_choices":[{"floor":8,"key":"REST"},{"data":"Enlightenment","floor":11,"key":"SMITH"},{"floor":15,"key":"REST"},{"data":"hermit:LoneWolf","floor":23,"key":"SMITH"}],"circlet_count":0,"master_deck":["hermit:Strike_Hermit","hermit:Strike_Hermit","hermit:Strike_Hermit","hermit:Strike_Hermit","hermit:Defend_Hermit","hermit:Defend_Hermit","hermit:Defend_Hermit","hermit:Defend_Hermit","hermit:Snapshot","Regret","hermit:Maintenance","hermit:LoneWolf+1","hermit:Combo","hermit:Enervate","Enlightenment+1","hermit:FlashPowder","hermit:Deadeye+1","hermit:CursedWeapon+1","hermit:Manifest","hermit:Gambit","CurseOfTheBell"],"relics":["hermit:Momento","Gambling Chip","Dream Catcher","hermit:CharredGlove","Oddly Smooth Stone","Molten Egg 2","Calling Bell","Toy Ornithopter","The Courier","Ice Cream","Strawberry"],"acts_visited":["Exordium","TheCity"],"potions_floor_usage":[14,14,24],"damage_taken":[{"damage":7.0,"enemies":"Jaw Worm","floor":1.0,"turns":4.0},{"damage":0.0,"enemies":"Cultist","floor":2.0,"turns":3.0},{"damage":7,"enemies":"Small Slimes","floor":4,"turns":5},{"damage":22,"enemies":"3 Sentries","floor":6,"turns":9},{"damage":22,"enemies":"Exordium Thugs","floor":12,"turns":5},{"damage":11,"enemies":"Gremlin Gang","floor":13,"turns":5},{"damage":0,"enemies":"Looter","floor":14,"turns":3},{"damage":43,"enemies":"Hexaghost","floor":16,"turns":13},{"damage":5,"enemies":"3 Byrds","floor":18,"turns":9},{"damage":11,"enemies":"Chosen","floor":19,"turns":7},{"damage":40,"enemies":"Sentry and Sphere","floor":20,"turns":8},{"damage":42,"enemies":"Slavers","floor":24,"turns":4}],"seed_played":"6951159280574731336","potions_obtained":[{"floor":2.0,"key":"Dexterity Potion"},{"floor":4,"key":"FairyPotion"},{"floor":13,"key":"DistilledChaos"},{"floor":14,"key":"Energy Potion"},{"floor":20,"key":"hermit:Eclipse"}],"is_trial":false,"path_per_floor":["M","M","?","M","?","E","$","R","T","?","R","M","M","M","R","B",null,"M","M","M","?","$","R","E"],"character_chosen":"HERMIT","items_purchased":["Oddly Smooth Stone","Strawberry"],"campfire_rested":2,"item_purchase_floors":[7,22],"current_hp_per_floor":[68,68,68,61,36,14,14,36,36,42,42,20,9,9,33,17,81,76,65,25,25,32,32,0,0],"gold":91,"neow_bonus":"ONE_RARE_RELIC","is_daily":false,"chose_seed":false,"campfire_upgraded":2,"win_rate":0.0,"timestamp":1614391282,"path_taken":["M","M","?","?","?","E","$","R","T","?","R","M","M","M","R","BOSS","M","M","M","?","$","R","E"],"items_purchased_type":["Relic","Relic"],"build_version":"2020-12-22","purchased_purges":0,"victory":false,"max_hp_per_floor":[75,75,75,75,75,75,75,75,75,81,81,81,81,81,81,81,81,81,81,81,81,88,88,88,88],"relic_stats":{"Dream Catcher":2,"counters":[12,75],"Gambling Chip":[28],"obtain_stats":[{"Calling Bell":17,"Ice Cream":17,"Dream Catcher":5,"Gambling Chip":0,"hermit:CharredGlove":6,"Strawberry":22,"Oddly Smooth Stone":7,"Molten Egg 2":9,"The Courier":17,"hermit:Momento":0,"Toy Ornithopter":17},{"Calling Bell":8,"Ice Cream":8,"Dream Catcher":3,"Gambling Chip":0,"hermit:CharredGlove":4,"Strawberry":11,"Oddly Smooth Stone":4,"Molten Egg 2":4,"The Courier":8,"hermit:Momento":0,"Toy Ornithopter":8},{"Calling Bell":47,"Ice Cream":47,"Dream Catcher":12,"Gambling Chip":0,"hermit:CharredGlove":21,"Strawberry":71,"Oddly Smooth Stone":21,"Molten Egg 2":21,"The Courier":47,"hermit:Momento":0,"Toy Ornithopter":47}],"Toy Ornithopter":5},"card_choices":[{"not_picked":["hermit:Showdown","hermit:Enervate"],"picked":"hermit:Maintenance","floor":1.0},{"not_picked":["hermit:Desperado","hermit:Glare"],"picked":"hermit:LoneWolf","floor":2.0},{"not_picked":["hermit:Feint","hermit:Vantage"],"picked":"hermit:Combo","floor":4},{"not_picked":["hermit:OverwhelmingPower","hermit:TrackingShot","hermit:Glare"],"picked":"SKIP","floor":6},{"not_picked":["hermit:Misfire","hermit:WideOpen"],"picked":"hermit:Enervate","floor":8},{"not_picked":["hermit:Determination","hermit:Showdown+1"],"picked":"hermit:FlashPowder","floor":12},{"not_picked":["hermit:Determination","hermit:Brawl"],"picked":"hermit:Deadeye+1","floor":13},{"not_picked":["hermit:Malice+1","hermit:Feint"],"picked":"hermit:CursedWeapon+1","floor":14},{"not_picked":["hermit:Cheat","hermit:Grudge+1"],"picked":"hermit:Manifest","floor":15},{"not_picked":["hermit:Magnum+1","hermit:Dissolve"],"picked":"hermit:Gambit","floor":16},{"not_picked":["hermit:GoldenBullet+1","hermit:Misfire+1","hermit:NoHoldsBarred+1"],"picked":"SKIP","floor":18},{"not_picked":["hermit:BodyArmor","hermit:Desperado+1","hermit:Manifest"],"picked":"SKIP","floor":19},{"not_picked":["hermit:WideOpen+1","hermit:PistolWhip+1","hermit:TrackingShot+1"],"picked":"SKIP","floor":20}],"player_experience":1165876,"relics_obtained":[{"floor":6,"key":"hermit:CharredGlove"},{"floor":9,"key":"Molten Egg 2"},{"floor":17,"key":"Toy Ornithopter"},{"floor":17,"key":"The Courier"},{"floor":17,"key":"Ice Cream"}],"event_choices":[{"cards_removed":["hermit:Covet"],"damage_healed":0.0,"max_hp_gain":0.0,"max_hp_loss":0.0,"gold_gain":0.0,"event_name":"Purifier","player_choice":"Purged","floor":3.0,"gold_loss":0.0,"damage_taken":0.0},{"damage_healed":0,"gold_gain":0,"player_choice":"Relic ","damage_taken":25,"max_hp_gain":0,"max_hp_loss":0,"event_name":"betterThird:BetterScrap","floor":5,"gold_loss":0,"cards_obtained":["Wraith Form v2"]},{"damage_healed":0,"gold_gain":0,"player_choice":"RENOUNCE","damage_taken":90,"max_hp_gain":0,"max_hp_loss":0,"event_name":"betterThird:BetterSerpent","floor":10,"gold_loss":90,"cards_obtained":["Enlightenment"]},{"damage_healed":0,"gold_gain":0,"player_choice":"Ignored","damage_taken":0,"max_hp_gain":0,"max_hp_loss":0,"event_name":"betterNote:BetterNote","floor":21,"gold_loss":0,"cards_obtained":["hermit:Maintenance"]}],"is_beta":false,"boss_relics":[{"not_picked":["Busted Crown","Snecko Eye"],"picked":"Calling Bell"}],"items_purged_floors":[],"is_endless":false,"potions_floor_spawned":[2,4,13,14,20],"killed_by":"Slavers","ascension_level":0}}