{"host":"an6uhul3yec8m0jh","time":1614430188,"event":{"mods":["ATMod(°¢èªMod)","Act Like it!","BaseMod","CapriCore","Colored Map","Colored Powertips","Highlight Path","Minty Spire (QoL Compilation)","MostiFishMod","Quick Restart","StSLib","TestMod","UnlockEverythingMod","Waifu the Spire","noobMod"],"gold_per_floor":[119,138,149,74,74,99,110,136,136,148,148,177,177,203,203,282,282,299,317,207,-1268,-1252,-1252,-1217,-1202,-1151,-1118,-1018,-1018,-999,-973,-973,-897,-897,-879,-479,-479,-464,-439,-409,-363,-330,-330,-296,-280,-280,-246,-217,-217,-217,-217,-217,-217,-217,-183,-183],"floor_reached":57,"language":"ZHS","playtime":1863,"items_purged":["Defend_P"],"score":4097,"play_id":"193d1250-4104-48b8-99ea-7256ee218ec3","local_time":"20210227204948","is_ascension_mode":true,"campfire_choices":[{"data":"Eruption","floor":11.0,"key":"SMITH"},{"floor":13.0,"key":"RECALL"},{"data":"MostiFishMod:FlowState","floor":15.0,"key":"SMITH"},{"data":"Vault","floor":23.0,"key":"SMITH"},{"data":"Vault","floor":29.0,"key":"SMITH"},{"data":"MentalFortress","floor":32.0,"key":"SMITH"},{"data":"Crescendo","floor":49.0,"key":"SMITH"},{"data":"AT_KingSlayer","floor":53,"key":"SMITH"}],"circlet_count":0,"master_deck":["AscendersBane","Strike_P","Strike_P+1","Strike_P","Strike_P+1","Defend_P+1","Vigilance+1","AT_KingSlayer+1","CutThroughFate+1","Tantrum+1","FearNoEvil+1","Adaptation+1","MostiFishMod:FlowState+1","Vault+1","InnerPeace+1","Vault+1","Adaptation+1","MentalFortress+1","LessonLearned+1","Crescendo+1"],"relics":["ice","DaveBox","testmod-TestBox","PatriotShield","testmod-IntensifyImprint","Jackal-EndForJourney","SynthV:TestCard","testmod-TurbochargingSystem","Letter Opener","Ornamental Fan","Ancient Tea Set","ChiXiaoBlade","SynthV:MejaisSoulstealer","HornCleat","Whetstone","MealTicket","WingedGreaves","Pantograph","testmod-Prudence","MostiFishMod:Haymaker","Centennial Puzzle","Potion Belt","Gremlin Horn","Red Mask","ImprovedEquipment","Molten Egg 2","AT_SunfireAegis"],"acts_visited":["Exordium","TheCity","TheBeyond","TheEnding"],"potions_floor_usage":[55,56,56],"damage_taken":[{"damage":0.0,"enemies":"2 Louse","floor":1.0,"turns":1.0},{"damage":0.0,"enemies":"Cultist","floor":2.0,"turns":1.0},{"damage":0.0,"enemies":"Small Slimes","floor":3.0,"turns":2.0},{"damage":0.0,"enemies":"3 Sentries","floor":6.0,"turns":2.0},{"damage":0.0,"enemies":"3 Louse","floor":7.0,"turns":1.0},{"damage":0.0,"enemies":"Lagavulin","floor":8.0,"turns":2.0},{"damage":0.0,"enemies":"Exordium Wildlife","floor":10.0,"turns":1.0},{"damage":0.0,"enemies":"Gremlin Nob","floor":12.0,"turns":1.0},{"damage":0.0,"enemies":"Lagavulin","floor":14.0,"turns":1.0},{"damage":0.0,"enemies":"Slime Boss","floor":16.0,"turns":3.0},{"damage":0.0,"enemies":"Spheric Guardian","floor":18.0,"turns":1.0},{"damage":0.0,"enemies":"2 Thieves","floor":19.0,"turns":2.0},{"damage":0.0,"enemies":"Cultist and Chosen","floor":22.0,"turns":1.0},{"damage":0.0,"enemies":"Gremlin Leader","floor":24.0,"turns":2.0},{"damage":0.0,"enemies":"Centurion and Healer","floor":25.0,"turns":1.0},{"damage":0.0,"enemies":"Slavers","floor":27.0,"turns":2.0},{"damage":0.0,"enemies":"Colosseum Slavers","floor":28.0,"turns":2.0},{"damage":0.0,"enemies":"Colosseum Nobs","floor":28.0,"turns":2.0},{"damage":0.0,"enemies":"Snake Plant","floor":30.0,"turns":1.0},{"damage":0.0,"enemies":"Book of Stabbing","floor":31.0,"turns":2.0},{"damage":0.0,"enemies":"Champ","floor":33.0,"turns":1.0},{"damage":0.0,"enemies":"3 Shapes","floor":35.0,"turns":1.0},{"damage":0.0,"enemies":"Orb Walker","floor":38.0,"turns":1.0},{"damage":0.0,"enemies":"Mind Bloom Boss Battle","floor":39.0,"turns":3.0},{"damage":0.0,"enemies":"Giant Head","floor":40.0,"turns":2.0},{"damage":0.0,"enemies":"Reptomancer","floor":42.0,"turns":1.0},{"damage":0.0,"enemies":"Nemesis","floor":44.0,"turns":2.0},{"damage":0.0,"enemies":"Sphere and 2 Shapes","floor":45.0,"turns":1.0},{"damage":0.0,"enemies":"Giant Head","floor":47.0,"turns":2.0},{"damage":0.0,"enemies":"Reptomancer","floor":48.0,"turns":1.0},{"damage":0,"enemies":"Time Eater","floor":50,"turns":3},{"damage":0,"enemies":"Awakened One","floor":51,"turns":3},{"damage":0,"enemies":"Shield and Spear","floor":55,"turns":2},{"damage":4,"enemies":"The Heart","floor":56,"turns":5}],"seed_played":"4452750056216309751","potions_obtained":[{"floor":2.0,"key":"Energy Potion"},{"floor":6.0,"key":"LiquidMemories"},{"floor":12.0,"key":"StancePotion"},{"floor":19.0,"key":"AttackPotion"},{"floor":22.0,"key":"DuplicationPotion"},{"floor":28.0,"key":"DuplicationPotion"},{"floor":42.0,"key":"EssenceOfSteel"},{"floor":44.0,"key":"SpeedPotion"},{"floor":48.0,"key":"Block Potion"}],"is_trial":false,"path_per_floor":["M","M","M","?","?","E","M","E","T","M","R","E","R","E","R","B",null,"M","M","?","$","M","R","E","M","T","E","?","R","M","E","R","B",null,"M","?","?","M","?","E","T","E","T","E","M","?","E","E","R","B","B",null,"R","$","E","B",null],"character_chosen":"WATCHER","items_purchased":["SynthV:MejaisSoulstealer"],"campfire_rested":0,"item_purchase_floors":[21],"current_hp_per_floor":[61,61,61,61,61,61,61,61,61,61,61,61,61,61,61,61,66,66,66,66,66,66,66,66,66,66,66,66,66,66,66,66,68,68,68,68,68,68,68,68,68,68,68,68,68,68,68,68,68,68,68,68,68,68,68,64],"gold":-183,"neow_bonus":"BOSS_RELIC","is_daily":false,"chose_seed":false,"campfire_upgraded":7,"win_rate":0.0,"timestamp":1614430188,"path_taken":["M","M","M","?","?","E","M","E","T","M","R","E","R","E","R","BOSS","M","M","?","$","M","R","E","?","T","E","?","R","M","E","R","BOSS","M","?","?","M","?","E","?","E","T","E","?","?","E","E","R","BOSS","BOSS","R","$","E","BOSS"],"items_purchased_type":["Relic"],"build_version":"2020-12-22","purchased_purges":1,"victory":true,"max_hp_per_floor":[68,68,68,68,68,68,68,68,68,68,68,68,68,68,68,68,68,68,68,68,68,68,68,68,68,68,68,68,68,68,68,68,68,68,68,68,68,68,68,68,68,68,68,68,68,68,68,68,68,68,68,68,68,68,68,68],"card_choices":[{"not_picked":["EmptyBody","Halt"],"picked":"CutThroughFate","floor":1.0},{"not_picked":["EmptyFist","PathToVictory","Protect","Prostrate","Pray"],"picked":"SKIP","floor":2.0},{"not_picked":["JustLucky","DeceiveReality","MostiFishMod:Clarity","CutThroughFate","FlurryOfBlows"],"picked":"SKIP","floor":3.0},{"not_picked":["FollowUp","Prostrate","MostiFishMod:ScryFuture","FlyingSleeves","Halt"],"picked":"SKIP","floor":6.0},{"not_picked":["PathToVictory","BowlingBash","Vengeance","MostiFishMod:FlowState"],"picked":"Tantrum","floor":7.0},{"not_picked":["Study","Collect","Vengeance","Halt"],"picked":"FearNoEvil","floor":8.0},{"not_picked":["FollowUp","SashWhip","EmptyBody","Judgement","FlyingSleeves"],"picked":"SKIP","floor":10.0},{"not_picked":["CrushJoints","FlurryOfBlows","Protect","Wireheading"],"picked":"Adaptation","floor":12.0},{"not_picked":["SignatureMove","Conclude","EmptyFist","Tantrum"],"picked":"MostiFishMod:FlowState","floor":14.0},{"not_picked":["MostiFishMod:Pointsdynamics","DevaForm","SpiritShield","Blasphemy"],"picked":"Vault","floor":16.0},{"not_picked":["Weave","Evaluate","Swivel","FollowUp"],"picked":"InnerPeace","floor":18.0},{"not_picked":["Evaluate","Consecrate","JustLucky+1","SignatureMove+1","CrushJoints+1"],"picked":"SKIP","floor":19.0},{"not_picked":["Evaluate","Consecrate","JustLucky+1","SignatureMove+1","CrushJoints+1"],"picked":"SKIP","floor":19.0},{"not_picked":["Evaluate","CrushJoints","Crescendo","EmptyFist+1"],"picked":"Vault","floor":22.0},{"not_picked":["ClearTheMind","Prostrate","Consecrate","FollowUp","Swivel"],"picked":"SKIP","floor":24.0},{"not_picked":["FlurryOfBlows","ClearTheMind","SashWhip","Crescendo","Tantrum"],"picked":"SKIP","floor":25.0},{"not_picked":["Fasting2","Indignation+1","CutThroughFate+1","Study"],"picked":"Adaptation","floor":27.0},{"not_picked":["Halt","Prostrate","FlyingSleeves","Crescendo"],"picked":"MentalFortress","floor":30.0},{"not_picked":["PathToVictory","ConjureBlade","Vengeance+1","AT_SoftenMuscles","FlyingSleeves"],"picked":"SKIP","floor":31.0},{"not_picked":["AT_MachinaRedman","Vault","MostiFishMod:StarHerder","Devotion"],"picked":"LessonLearned","floor":33.0},{"not_picked":["Wireheading+1","FearNoEvil+1","AT_OneInchPunch","Halt","Study"],"picked":"SKIP","floor":35.0},{"not_picked":["MostiFishMod:Speedup","Consecrate+1","SignatureMove+1","EmptyFist"],"picked":"Crescendo","floor":38.0},{"not_picked":["SignatureMove+1","Devotion","ReachHeaven","EmptyFist","Prostrate+1"],"picked":"SKIP","floor":40.0},{"not_picked":["CarveReality","FlyingSleeves","PathToVictory","FollowUp","SashWhip"],"picked":"SKIP","floor":42.0},{"not_picked":["Prostrate","JustLucky+1","Sanctity+1","BattleHymn","ThirdEye"],"picked":"SKIP","floor":44.0},{"not_picked":["FollowUp","Consecrate","MostiFishMod:Clarity+1","PathToVictory+1","ThirdEye"],"picked":"SKIP","floor":45.0},{"not_picked":["CutThroughFate","FlurryOfBlows","LessonLearned","Swivel","ThirdEye"],"picked":"SKIP","floor":47.0},{"not_picked":["FollowUp+1","FlurryOfBlows+1","Pray","CrushJoints+1","ClearTheMind"],"picked":"SKIP","floor":48.0},{"not_picked":["SandsOfTime+1","FollowUp+1","Halt","ThirdEye+1","ConjureBlade"],"picked":"SKIP","floor":55}],"player_experience":253329,"relics_obtained":[{"floor":1.0,"key":"SynthV:TestCard"},{"floor":6.0,"key":"testmod-TurbochargingSystem"},{"floor":8.0,"key":"Letter Opener"},{"floor":9.0,"key":"Ornamental Fan"},{"floor":14.0,"key":"Ancient Tea Set"},{"floor":24.0,"key":"HornCleat"},{"floor":26.0,"key":"Whetstone"},{"floor":27.0,"key":"MealTicket"},{"floor":28.0,"key":"WingedGreaves"},{"floor":28.0,"key":"Pantograph"},{"floor":39.0,"key":"MostiFishMod:Haymaker"},{"floor":40.0,"key":"Centennial Puzzle"},{"floor":41.0,"key":"Potion Belt"},{"floor":44.0,"key":"Gremlin Horn"},{"floor":47.0,"key":"ImprovedEquipment"},{"floor":48.0,"key":"Molten Egg 2"},{"floor":55,"key":"AT_SunfireAegis"}],"event_choices":[{"cards_removed":["Defend_P"],"damage_healed":0.0,"max_hp_gain":0.0,"max_hp_loss":0.0,"gold_gain":0.0,"event_name":"The Cleric","player_choice":"Card Removal","floor":4.0,"gold_loss":75.0,"damage_taken":0.0},{"cards_removed":["Defend_P"],"damage_healed":0.0,"max_hp_gain":0.0,"max_hp_loss":0.0,"gold_gain":0.0,"event_name":"Living Wall","player_choice":"Forget","floor":5.0,"gold_loss":0.0,"damage_taken":0.0},{"cards_removed":["Eruption"],"damage_healed":0.0,"max_hp_gain":0.0,"max_hp_loss":0.0,"gold_gain":0.0,"event_name":"Designer","player_choice":"Upgrade and Remove","floor":20.0,"gold_loss":110.0,"damage_taken":0.0,"cards_upgraded":["InnerPeace"]},{"damage_healed":0.0,"max_hp_gain":0.0,"max_hp_loss":0.0,"gold_gain":0.0,"event_name":"Colosseum","player_choice":"Fight","floor":28.0,"gold_loss":0.0,"damage_taken":0.0},{"damage_healed":0.0,"max_hp_gain":0.0,"max_hp_loss":0.0,"gold_gain":0.0,"event_name":"Colosseum","player_choice":"Fought Nobs","floor":28.0,"gold_loss":0.0,"damage_taken":0.0},{"damage_healed":0.0,"max_hp_gain":0.0,"max_hp_loss":0.0,"gold_gain":400.0,"event_name":"¶÷ÂåË¹µÄÅÌ×Ó","player_choice":"Sell","floor":36.0,"relics_lost":["AT_ATBox"],"gold_loss":0.0,"damage_taken":0.0},{"cards_removed":["Eruption"],"damage_healed":0.0,"max_hp_gain":0.0,"max_hp_loss":0.0,"gold_gain":0.0,"event_name":"Falling","player_choice":"Removed Attack","floor":37.0,"gold_loss":0.0,"damage_taken":0.0},{"damage_healed":0.0,"max_hp_gain":0.0,"max_hp_loss":0.0,"gold_gain":0.0,"event_name":"MindBloom","player_choice":"Fight","floor":39.0,"gold_loss":0.0,"damage_taken":0.0},{"damage_healed":0.0,"max_hp_gain":0.0,"max_hp_loss":0.0,"gold_gain":0.0,"event_name":"Tomb of Lord Red Mask","player_choice":"Paid","floor":46.0,"gold_loss":-280.0,"damage_taken":0.0,"relics_obtained":["Red Mask"]}],"is_beta":false,"boss_relics":[{"not_picked":["Velvet Choker","testmod-IncinerationGenerator"],"picked":"ChiXiaoBlade"},{"not_picked":["EE1DDrone","Cursed Key"],"picked":"testmod-Prudence"}],"items_purged_floors":[21],"is_endless":false,"potions_floor_spawned":[2,6,10,12,18,19,22,28,28,30,38,42,44,47,48],"ascension_level":20}}