{"host":"mvz90ilxx8epviq1","time":1614459179,"event":{"mods":["2.2 Compatiblity","AchievementEnabler","Act Like it!","Bartender","BaseMod","Better Note","Better Third Choice","Better Vampires","Clockwork Mod","Colored Map","Colored Powertips","Downfall","Hermit","Hubris","Koishi","Marisa????????","Minty Spire (QoL Compilation)","Replay The Spire","SIMod","Shop Mod","Spicy Shops","StSLib","The Alterego","The Blackbeard","The Bug Knight","The Construct","The Cursed","The Mystic","The Poker Player","The Senshi","The Servant 0.9.4","The Wild Card","slay the spire mod where everything is the same but ironclad has a cowboy hat"],"gold_per_floor":[113,133,133,144,219,254,304,304,304,331,341,367,367,367,367,472,472,492,250,175,191,209,240,250,250,277,277,305,305,318,329,329,431,431,448,448,130,146,163,188,203,203,228,255,255,283,307,329,341,353,365,465,119,151,151],"floor_reached":56,"language":"ENG","playtime":3114,"items_purged":["Clumsy","Amnesia"],"score":1552,"play_id":"78494362-3dec-4fb0-8607-4d883bb9fc48","local_time":"20210227155259","is_ascension_mode":true,"campfire_choices":[{"floor":8,"key":"REST"},{"floor":13,"key":"REST"},{"floor":15,"key":"DIG"},{"floor":27,"key":"DIG"},{"floor":29,"key":"REST"},{"floor":42,"key":"RECALL"},{"floor":49,"key":"DIG"}],"circlet_count":0,"master_deck":["Strike_B","Strike_B","Strike_B","Strike_B","Defend_B","Defend_B","Defend_B","Defend_B","Zap","Dualcast","Finesse","Tempest","BasicCrystalCard+1","Time Bomb+1","Biased Cognition+1","Heatsinks+1","ReplayTheSpireMod:GoodbyeWorld+1","Storm+1","hubris:DuctTapeCard","Loop+1","Double Energy+1","Reinforced Body","Self Repair+1","Storm+1","Creative AI+1","Time Bomb","FIFO Queue+1","ReplayTheSpireMod:GoodbyeWorld+1","Barrage+1","Defragment+1","Ball Lightning+1","Cold Snap+1","Capacitor+1","Time Bomb","Defragment+1","Reinforced Body+1","Sunder","ReplayTheSpireMod:Brewmster+1","Tempest","Crystallizer+1","Time Bomb+1"],"relics":["Cracked Core","Frozen Egg 2","hubris:ToyBattleship","Akabeko","ReplayTheSpireMod:CursedCoin","Symbiotic Virus","DataDisk","Replay:Ringing Soul","hubris:BlackHole","ReplayTheSpireMod:Ring of Collecting","ReplayTheSpireMod:Ring of Exchange","ReplayFunnel","Ring of Hypnosis","hubris:SlimyHat","Incense Burner","Mercury Hourglass","MerchantsRug","Snecko Eye","Nunchaku"],"acts_visited":["Exordium","TheCity","TheBeyond","TheEnding"],"potions_floor_usage":[16,16,21,23,33,40,55,55,55],"damage_taken":[{"damage":7,"enemies":"2 Louse","floor":1,"turns":2},{"damage":0,"enemies":"Small Slimes","floor":2,"turns":3},{"damage":2,"enemies":"Jaw Worm","floor":4,"turns":3},{"damage":38,"enemies":"Gremlin Nob","floor":6,"turns":4},{"damage":0,"enemies":"HollowMod:MossKnight","floor":10,"turns":4},{"damage":0,"enemies":"Red Slaver","floor":11,"turns":3},{"damage":26,"enemies":"Gremlin Nob","floor":12,"turns":4},{"damage":21,"enemies":"The Guardian","floor":16,"turns":8},{"damage":1,"enemies":"Spheric Guardian","floor":18,"turns":3},{"damage":17,"enemies":"3 Byrds","floor":21,"turns":3},{"damage":0,"enemies":"Snake Plant","floor":22,"turns":2},{"damage":11,"enemies":"HollowMod:Nosk","floor":23,"turns":4},{"damage":23,"enemies":"Centurion and Healer","floor":24,"turns":3},{"damage":26,"enemies":"Book of Stabbing","floor":28,"turns":3},{"damage":4,"enemies":"3 Cultists","floor":30,"turns":3},{"damage":0,"enemies":"Snecko","floor":31,"turns":2},{"damage":20,"enemies":"Collector","floor":33,"turns":4},{"damage":16,"enemies":"Orb Walker","floor":35,"turns":2},{"damage":0,"enemies":"3 Darklings","floor":38,"turns":2},{"damage":15,"enemies":"Jaw Worm Horde","floor":39,"turns":2},{"damage":20,"enemies":"Nemesis","floor":40,"turns":3},{"damage":0,"enemies":"Transient","floor":41,"turns":5},{"damage":0,"enemies":"R_Hoarder","floor":44,"turns":2},{"damage":0,"enemies":"Reptomancer","floor":46,"turns":2},{"damage":0,"enemies":"Sphere and 2 Shapes","floor":47,"turns":2},{"damage":11,"enemies":"Jaw Worm Horde","floor":48,"turns":2},{"damage":32,"enemies":"Time Eater","floor":50,"turns":3},{"damage":4,"enemies":"Shield and Spear","floor":54,"turns":2},{"damage":57,"enemies":"The Heart","floor":55,"turns":5}],"seed_played":"-4182321436771610155","potions_obtained":[{"floor":1,"key":"Venom Potion"},{"floor":2,"key":"Explosive Potion"},{"floor":11,"key":"Reflective Coating"},{"floor":16,"key":"ColorlessPotion"},{"floor":21,"key":"DistilledChaos"},{"floor":23,"key":"FairyPotion"},{"floor":30,"key":"SkillPotion"},{"floor":33,"key":"Milkshake"},{"floor":35,"key":"FocusPotion"},{"floor":40,"key":"ColorlessPotion"},{"floor":44,"key":"Elixir"}],"is_trial":false,"path_per_floor":["M","M","?","M","?","E","?","R","T","E","M","E","R","?","R","B",null,"M","$","?","M","M","E","M","R","T","R","E","R","M","M","R_BF","B",null,"M","?","$","M","M","E","M","R","T","E","?","E","M","M","R","B",null,"R","$","E","B",null],"character_chosen":"DEFECT","items_purchased":["ReplayTheSpireMod:CursedCoin","ReplayTheSpireMod:GoodbyeWorld+1","Matryoshka","FIFO Queue+1","ReplayFunnel","MerchantsRug","Snecko Eye","ReplayTheSpireMod:Brewmster+1","Tempest","Crystallizer+1"],"campfire_rested":3,"item_purchase_floors":[19,19,19,37,37,53,53,53,53,53],"current_hp_per_floor":[68,68,68,66,55,19,19,42,42,42,42,18,41,41,41,20,79,78,78,78,61,63,52,29,53,53,53,30,55,54,67,54,37,96,93,96,99,102,100,83,96,96,96,109,109,112,115,107,107,85,129,129,132,131,74],"gold":151,"neow_bonus":"RANDOM_COLORLESS","is_daily":false,"chose_seed":false,"campfire_upgraded":0,"win_rate":0.0,"timestamp":1614459179,"path_taken":["M","M","?","M","?","E","?","R","T","E","M","E","R","?","R","BOSS","M","$","?","M","M","E","M","R","T","R","E","R","M","M","R_BF","BOSS","M","?","$","M","M","E","M","R","T","E","?","E","M","?","R","BOSS","R","$","E","BOSS"],"items_purchased_type":["Relic","Card","Relic","Card","Relic","Relic","Relic","Card","Card","Card"],"build_version":"2020-12-22","purchased_purges":2,"victory":true,"max_hp_per_floor":[75,75,75,75,75,77,77,77,77,77,77,79,79,79,79,79,79,79,79,79,79,81,81,81,81,81,81,84,84,87,90,93,96,96,99,102,105,108,111,114,117,117,117,120,120,123,126,129,129,129,129,129,132,135,135],"card_choices":[{"not_picked":["Replay:Parry","Forethought"],"picked":"Finesse","floor":0},{"not_picked":["Ball Lightning","Cold Snap"],"picked":"Tempest","floor":1},{"not_picked":["Turbo","ReplaySolidLightProjector"],"picked":"BasicCrystalCard","floor":2},{"not_picked":["Ball Lightning","Rip and Tear"],"picked":"Time Bomb","floor":4},{"not_picked":["ReplayTheSpireMod:Repulse","Scrape","Hello World"],"picked":"Singing Bowl","floor":6},{"not_picked":["Compile Driver","Conserve Battery"],"picked":"Biased Cognition+1","floor":10},{"not_picked":["Streamline","Genetic Algorithm"],"picked":"Crystallizer+1","floor":11},{"not_picked":["Leap","Stack","Reboot"],"picked":"Singing Bowl","floor":12},{"not_picked":["Hyperbeam","Rainbow"],"picked":"Biased Cognition+1","floor":16},{"not_picked":["Skim","Rip and Tear"],"picked":"Heatsinks+1","floor":18},{"not_picked":["Turbo+1","Self Repair+1"],"picked":"Storm+1","floor":21},{"not_picked":["BasicCrystalCard","Turbo+1","Rebound+1"],"picked":"Singing Bowl","floor":22},{"not_picked":["ReplayTheSpireMod:Repulse+1","Gash"],"picked":"Loop+1","floor":23},{"not_picked":["Conserve Battery","Compile Driver"],"picked":"Double Energy+1","floor":24},{"not_picked":["Streamline","Consume"],"picked":"Reinforced Body","floor":28},{"not_picked":["Coolheaded","Compile Driver"],"picked":"Self Repair+1","floor":30},{"not_picked":["Glacier","Barrage+1"],"picked":"Storm+1","floor":31},{"not_picked":["Electrodynamics+1","All For One"],"picked":"Creative AI+1","floor":33},{"not_picked":["Streamline","Beam Cell+1"],"picked":"Time Bomb","floor":35},{"not_picked":["Chill","ReplayGash"],"picked":"ReplayTheSpireMod:GoodbyeWorld+1","floor":38},{"not_picked":["Ball Lightning+1","Steam"],"picked":"Barrage+1","floor":39},{"not_picked":["Aggregate","Recycle"],"picked":"ReplayTheSpireMod:Fabricate Wheel","floor":40},{"not_picked":["Panic Button+1","Beam Cell+1"],"picked":"Defragment+1","floor":41},{"not_picked":["BasicCrystalCard+1","Coolheaded"],"picked":"Ball Lightning+1","floor":41},{"not_picked":["BootSequence","Genetic Algorithm+1"],"picked":"Cold Snap+1","floor":44},{"not_picked":["Sunder","Turbo+1"],"picked":"Capacitor+1","floor":46},{"not_picked":["ReplaySort","Steam"],"picked":"Time Bomb","floor":47},{"not_picked":["Consume","Reprogram"],"picked":"Defragment+1","floor":47},{"not_picked":["Streamline+1","Beam Cell+1"],"picked":"Reinforced Body+1","floor":48},{"not_picked":["Blizzard","ReplayTheSpireMod:Repulse"],"picked":"Sunder","floor":48},{"not_picked":["Hologram+1","Gash"],"picked":"Time Bomb+1","floor":54}],"player_experience":525319,"relics_obtained":[{"floor":6,"key":"Singing Bowl"},{"floor":9,"key":"Frozen Egg 2"},{"floor":10,"key":"hubris:ToyBattleship"},{"floor":12,"key":"Replay:Multitool"},{"floor":15,"key":"Akabeko"},{"floor":23,"key":"hubris:DuctTape"},{"floor":26,"key":"Symbiotic Virus"},{"floor":26,"key":"DataDisk"},{"floor":27,"key":"Replay:Ringing Soul"},{"floor":28,"key":"Happy Flower"},{"floor":32,"key":"Necronomicon"},{"floor":36,"key":"ReplayTheSpireMod:Ring of Collecting"},{"floor":36,"key":"ReplayTheSpireMod:Ring of Exchange"},{"floor":40,"key":"Replay:Mystery Machine"},{"floor":43,"key":"Ring of Hypnosis"},{"floor":43,"key":"hubris:SlimyHat"},{"floor":44,"key":"Incense Burner"},{"floor":46,"key":"MawBank"},{"floor":49,"key":"Mercury Hourglass"},{"floor":54,"key":"Nunchaku"}],"event_choices":[{"damage_healed":0,"gold_gain":75,"player_choice":"Gold","damage_taken":11,"max_hp_gain":0,"max_hp_loss":0,"event_name":"betterThird:BetterGoop","floor":5,"gold_loss":0},{"damage_healed":0,"gold_gain":0,"player_choice":"Ignored","damage_taken":0,"max_hp_gain":0,"max_hp_loss":0,"event_name":"Golden Wing","floor":14,"gold_loss":0},{"cards_removed":["Replay:Sluggish"],"damage_healed":0,"gold_gain":0,"player_choice":"Gave Gold","damage_taken":0,"max_hp_gain":0,"max_hp_loss":0,"event_name":"Beggar","floor":20,"gold_loss":75},{"damage_healed":0,"gold_gain":0,"player_choice":"Obtained Book","damage_taken":16,"max_hp_gain":0,"max_hp_loss":0,"event_name":"Cursed Tome","floor":32,"gold_loss":0},{"damage_healed":0,"gold_gain":0,"player_choice":"Bought 0 Potions","damage_taken":0,"max_hp_gain":0,"max_hp_loss":0,"event_name":"The Woman in Blue","floor":45,"gold_loss":0}],"is_beta":false,"boss_relics":[{"not_picked":["Replay:Bronze Core","SacredBark"],"picked":"construct:ClawGrip"},{"not_picked":["ReplayTheSpireMod:DimensionalGlitch","hubris:TerracottaHorce"],"picked":"hubris:BlackHole"}],"items_purged_floors":[19,37],"is_endless":false,"potions_floor_spawned":[1,2,11,16,21,23,30,33,35,40,44,46,47,54],"ascension_level":2}}