{"host":"vdpaduzlq0qlaikq","time":1614457016,"event":{"mods":["AchievementEnabler","BaseMod","Better Third Choice","BetterRewards","Colored Map","Downfall","Gold Saver","Hermit","Jorbs\u0027s Wanderer Trilogy","Minty Spire (QoL Compilation)","Relic Filter","Spicy Shops","StSLib","The Necromancer"],"gold_per_floor":[522,81,81,93,18,50,62,88,134,160,160,160,186,199,199,272,272,290,302,202,214,233,161,188,188,211,211,222,254,254,254,254,328,328,338,365,108,127,137,166,166,201,226,226,57,57,76,92,92,92,92,92],"floor_reached":51,"language":"ENG","playtime":2731,"items_purged":["Pride","Pain"],"score":1926,"play_id":"9d971479-c44d-46da-a4e0-cc582ee873c1","local_time":"20210227171656","is_ascension_mode":true,"campfire_choices":[{"floor":12,"key":"REST"},{"data":"Envenom","floor":15,"key":"SMITH"},{"floor":25,"key":"REST"},{"floor":27,"key":"REST"},{"floor":32,"key":"REST"},{"data":"Catalyst","floor":41,"key":"SMITH"},{"data":"Catalyst","floor":44,"key":"SMITH"},{"floor":49,"key":"RECALL"}],"circlet_count":0,"master_deck":["AscendersBane","Strike_G","Strike_G","Strike_G","Strike_G","Defend_G","Defend_G","Defend_G","Defend_G","Defend_G+1","Survivor+1","Neutralize","Noxious Fumes","Dagger Spray","Well Laid Plans","Catalyst+1","Poisoned Stab","Poisoned Stab","Backflip","Envenom+1","Backstab","Catalyst+1","Crippling Poison","Catalyst+1","Corpse Explosion","Burst","Blade Dance+1","Footwork","Prepared"],"relics":["Ring of the Snake","TungstenRod","HandDrill","Ancient Tea Set","Snake Skull","Tiny Chest","Blood Vial","War Paint","Juzu Bracelet","Lantern","Orichalcum","WarpedTongs","Potion Belt","expansioncontent:StudyCardRelic","Calipers","Shuriken","Guardian:PocketSentry","Anchor","Busted Crown","TwistedFunnel","Tough Bandages","Pen Nib","Strawberry","Toy Ornithopter"],"acts_visited":["Exordium","TheCity","TheBeyond"],"potions_floor_usage":[6,8,10,21,24,29,29,33,50,50,51],"damage_taken":[{"damage":0,"enemies":"Cultist","floor":1,"turns":4},{"damage":2,"enemies":"Small Slimes","floor":4,"turns":4},{"damage":23,"enemies":"3 Sentries","floor":6,"turns":6},{"damage":4,"enemies":"2 Louse","floor":7,"turns":3},{"damage":17,"enemies":"Lagavulin","floor":8,"turns":6},{"damage":10,"enemies":"3 Sentries","floor":10,"turns":5},{"damage":0,"enemies":"Red Slaver","floor":14,"turns":2},{"damage":24,"enemies":"The Guardian","floor":16,"turns":6},{"damage":6,"enemies":"3 Byrds","floor":18,"turns":3},{"damage":0,"enemies":"Chosen","floor":19,"turns":3},{"damage":37,"enemies":"Shelled Parasite and Fungi","floor":21,"turns":5},{"damage":12,"enemies":"Centurion and Healer","floor":22,"turns":4},{"damage":4,"enemies":"Slavers","floor":24,"turns":4},{"damage":2,"enemies":"Cultist and Chosen","floor":28,"turns":4},{"damage":6,"enemies":"Gremlin Leader","floor":29,"turns":4},{"damage":14,"enemies":"Automaton","floor":33,"turns":6},{"damage":0,"enemies":"Orb Walker","floor":35,"turns":2},{"damage":4,"enemies":"3 Darklings","floor":38,"turns":3},{"damage":3,"enemies":"Maw","floor":39,"turns":5},{"damage":25,"enemies":"Reptomancer","floor":40,"turns":3},{"damage":0,"enemies":"Giant Head","floor":42,"turns":4},{"damage":0,"enemies":"Sphere and 2 Shapes","floor":47,"turns":3},{"damage":0,"enemies":"Writhing Mass","floor":48,"turns":2},{"damage":40,"enemies":"Awakened One","floor":50,"turns":7},{"damage":30,"enemies":"Time Eater","floor":51,"turns":3}],"seed_played":"-2310296575288127352","potions_obtained":[{"floor":1,"key":"SneckoOil"},{"floor":6,"key":"FearPotion"},{"floor":8,"key":"Fire Potion"},{"floor":10,"key":"SpeedPotion"},{"floor":19,"key":"Energy Potion"},{"floor":22,"key":"AttackPotion"},{"floor":24,"key":"bronze:BurnAndBuffPotion"},{"floor":28,"key":"Ancient Potion"},{"floor":39,"key":"LiquidBronze"},{"floor":42,"key":"Weak Potion"},{"floor":47,"key":"BlessingOfTheForge"},{"floor":48,"key":"ColorlessPotion"}],"is_trial":false,"path_per_floor":["M","$","?","M","?","E","M","E","T","E","?","R","T","M","R","B",null,"M","M","$","M","M","?","E","R","T","R","M","E","?","?","R","B",null,"M","T","$","M","M","E","R","E","T","R","$","$","M","M","R","B","B"],"character_chosen":"THE_SILENT","items_purchased":["TungstenRod","HandDrill","Ancient Tea Set","Snake Skull","Noxious Fumes","Dagger Spray","Catalyst","Poisoned Stab","Tiny Chest","Blood Vial","TwistedFunnel","Footwork","Toy Ornithopter"],"campfire_rested":4,"item_purchase_floors":[0,0,0,0,0,0,2,2,2,2,37,37,45],"current_hp_per_floor":[59,59,59,59,59,38,36,21,21,13,13,32,32,34,34,12,53,49,51,51,16,6,6,4,23,23,42,42,38,38,33,52,40,60,62,62,62,60,59,36,36,38,45,45,45,45,47,49,49,21,0,0],"gold":92,"neow_bonus":"","is_daily":false,"chose_seed":false,"campfire_upgraded":3,"win_rate":0.0,"timestamp":1614457016,"path_taken":["M","$","?","M","?","E","M","E","T","E","?","R","?","M","R","BOSS","M","M","$","M","M","?","E","R","T","R","M","E","?","?","R","BOSS","M","?","$","M","M","E","R","E","T","R","?","$","M","M","R","BOSS","BOSS"],"items_purchased_type":["Relic","Relic","Relic","Relic","Card","Card","Card","Card","Relic","Relic","Relic","Card","Relic"],"build_version":"2020-12-22","purchased_purges":2,"victory":false,"max_hp_per_floor":[66,66,66,66,66,66,66,66,66,66,66,66,66,66,66,66,66,66,66,66,66,66,66,66,66,66,66,66,66,66,66,66,66,66,66,66,66,66,66,66,66,66,73,73,73,73,73,73,73,73,73,73],"card_choices":[{"not_picked":["Underhanded Strike","Dagger Throw"],"picked":"Well Laid Plans","floor":1},{"not_picked":["Backflip","Blade Dance"],"picked":"Poisoned Stab","floor":4},{"not_picked":["Poisoned Stab","Finisher"],"picked":"Backflip","floor":6},{"not_picked":["Cloak And Dagger","Acrobatics"],"picked":"Envenom","floor":7},{"not_picked":["Quick Slash","Deflect","Finisher"],"picked":"SKIP","floor":8},{"not_picked":["Dodge and Roll","Dagger Spray"],"picked":"Backstab","floor":10},{"not_picked":["Choke","Poisoned Stab"],"picked":"Catalyst","floor":14},{"not_picked":["Skewer","Eviscerate","Dash"],"picked":"SKIP","floor":18},{"not_picked":["Tactician","Backflip","Flying Knee"],"picked":"SKIP","floor":19},{"not_picked":["Noxious Fumes","Endless Agony","Heel Hook"],"picked":"SKIP","floor":21},{"not_picked":["Sucker Punch","Dagger Throw"],"picked":"Crippling Poison","floor":22},{"not_picked":["Backflip","Masterful Stab"],"picked":"Catalyst","floor":24},{"not_picked":["Escape Plan","Endless Agony","Outmaneuver"],"picked":"SKIP","floor":28},{"not_picked":["Infinite Blades","Acrobatics"],"picked":"Corpse Explosion","floor":29},{"not_picked":["Tools of the Trade","Grand Finale"],"picked":"Burst","floor":33},{"not_picked":[],"picked":"Blade Dance+1","floor":35},{"not_picked":["Poisoned Stab"],"picked":"SKIP","floor":38},{"not_picked":["Flying Knee"],"picked":"SKIP","floor":39},{"not_picked":[],"picked":"Prepared","floor":40},{"not_picked":["Blur"],"picked":"SKIP","floor":42},{"not_picked":["Slice"],"picked":"SKIP","floor":47},{"not_picked":["Dagger Throw"],"picked":"SKIP","floor":48}],"player_experience":788122,"relics_obtained":[{"floor":6,"key":"War Paint"},{"floor":8,"key":"Juzu Bracelet"},{"floor":9,"key":"Lantern"},{"floor":10,"key":"Orichalcum"},{"floor":13,"key":"Potion Belt"},{"floor":24,"key":"Shuriken"},{"floor":26,"key":"Guardian:PocketSentry"},{"floor":29,"key":"Anchor"},{"floor":40,"key":"Tough Bandages"},{"floor":42,"key":"Pen Nib"},{"floor":43,"key":"Strawberry"}],"event_choices":[{"damage_healed":0,"gold_gain":0,"player_choice":"Grow","damage_taken":0,"max_hp_gain":0,"max_hp_loss":0,"event_name":"Living Wall","floor":3,"gold_loss":0,"cards_upgraded":["Catalyst"]},{"cards_removed":["Strike_G"],"damage_healed":0,"gold_gain":0,"player_choice":"Card Removal","damage_taken":0,"max_hp_gain":0,"max_hp_loss":0,"event_name":"The Cleric","floor":5,"gold_loss":75},{"damage_healed":0,"gold_gain":0,"player_choice":"Rummage","damage_taken":0,"relics_obtained":["WarpedTongs"],"max_hp_gain":0,"max_hp_loss":0,"event_name":"Accursed Blacksmith","floor":11,"gold_loss":0,"cards_obtained":["Pain"]},{"damage_healed":0,"gold_gain":0,"player_choice":"Paid Gold","damage_taken":0,"relics_obtained":["Calipers"],"max_hp_gain":0,"max_hp_loss":0,"event_name":"WeMeetAgain","floor":23,"gold_loss":72},{"damage_healed":0,"gold_gain":0,"player_choice":"","damage_taken":6,"max_hp_gain":0,"max_hp_loss":0,"event_name":"Knowing Skull","floor":31,"potions_obtained":[],"gold_loss":0,"cards_obtained":[]}],"is_beta":false,"boss_relics":[{"not_picked":["SlaversCollar","Sozu"],"picked":"expansioncontent:StudyCardRelic"},{"not_picked":["Runic Pyramid","bronze:MakeshiftBattery"],"picked":"Busted Crown"}],"items_purged_floors":[2,20],"is_endless":false,"potions_floor_spawned":[1,6,8,10,19,22,24,28,39,42,47,48],"killed_by":"Time Eater","ascension_level":20}}