{"host":"8kweeulvvasqx820","time":1614404463,"event":{"mods":["Aspiration","BaseMod","Better Altar","Better Match","Better Note","Better Sensory Stone","Better Skull","Better Third Choice","BetterRewards","Colored Map","Conspire","Displayed Cursed Tome","Downfall","Hubris","Infinite Spire","Jorbs\u0027s Wanderer Trilogy","Minty Spire (QoL Compilation)","Relic Stats","Replay The Spire","Spicy Shops","StSLib","SuperFastMode","Swap Starting Deck Mod","The Construct","The Marked","The Servant 0.9.4","everything is the same but u backflip on backflip","slay the spire mod where everything is the same but ironclad has a cowboy hat"],"gold_per_floor":[167,167,186,186,202,202,233,233,257,269,285,310,310,323,323,421,421,437,447,447,460,26,26,45,45,45,45,62,87,121,121,234,234,265,265,298,298,346,346,55,73,73,94,127,150,180,224,224,224,224,224,224,265,265],"floor_reached":56,"language":"ENG","playtime":2955,"items_purged":["Strike_G"],"score":1737,"play_id":"3e3bca94-162f-44a5-a3bb-2927b1f5042f","local_time":"20210227004103","is_ascension_mode":true,"campfire_choices":[{"data":"ReplayTheSpireMod:Haul","floor":6.0,"key":"SMITH"},{"data":"Blade Dance","floor":15.0,"key":"SMITH"},{"data":"Accuracy","floor":23.0,"key":"SMITH"},{"data":"Leg Sweep","floor":27.0,"key":"SMITH"},{"floor":32.0,"key":"REST"},{"data":"Burst","floor":40.0,"key":"SMITH"},{"floor":49,"key":"RECALL"},{"data":"Malaise","floor":52,"key":"SMITH"}],"circlet_count":0,"master_deck":["Strike_G","Strike_G+1","Strike_G","Defend_G","Defend_G","Defend_G+1","Defend_G","Defend_G","Survivor","Neutralize","Draining Mist","Flechettes+1","Acrobatics","ReplayTheSpireMod:Haul+1","Blade Dance+1","Endless Agony","Accuracy+1","Finisher","Finisher","Phantasmal Killer","Blur","Leg Sweep+1","PiercingWail","Outmaneuver+1","Hidden Blade","Hidden Blade","Infinite Blades","PiercingWail+1","ReplayTheSpireMod:Speed Training","Burst+1","Backflip","Blade Dance+1","Malaise+1","True Grit+1","Crippling Poison+1","Outmaneuver+1","Demonic Infusion"],"relics":["Tiny House","Whetstone","Thread and Needle","Ginger","hubris:Icosahedron","hubris:Backtick","ReplayTheSpireMod:EnergyBall","Mango","aspiration:FetidBarrel","hubris:Teleporter","hubris:MedicalManual","hubris:GlazedTorus","infinitespire:EvilPickle","aspiration:IroncladSkillbook","Orichalcum","SlaversCollar","Centennial Puzzle","hubris:EmptyBottle","Replay:Baseball","aspiration:SneckoTail","Replay:Multitool","hubris:BottledRain","Replay:Ringing Soul"],"acts_visited":["Exordium","TheCity","TheBeyond","TheEnding"],"potions_floor_usage":[50],"damage_taken":[{"damage":2.0,"enemies":"Small Slimes","floor":1.0,"turns":6.0},{"damage":2.0,"enemies":"Jaw Worm","floor":3.0,"turns":3.0},{"damage":0.0,"enemies":"conspire:RoseBush","floor":5.0,"turns":2.0},{"damage":5.0,"enemies":"3 Sentries","floor":7.0,"turns":7.0},{"damage":0.0,"enemies":"2 Fungi Beasts","floor":10.0,"turns":2.0},{"damage":0.0,"enemies":"Exordium Wildlife","floor":11.0,"turns":4.0},{"damage":13.0,"enemies":"Replay:BlueRogue","floor":12.0,"turns":4.0},{"damage":6.0,"enemies":"Exordium Thugs","floor":14.0,"turns":3.0},{"damage":12.0,"enemies":"The Guardian","floor":16.0,"turns":14.0},{"damage":27.0,"enemies":"Shell Parasite","floor":18.0,"turns":7.0},{"damage":7.0,"enemies":"2 Thieves","floor":19.0,"turns":3.0},{"damage":3.0,"enemies":"Centurion and Healer","floor":21.0,"turns":5.0},{"damage":33.0,"enemies":"Shelled Parasite and Fungi","floor":24.0,"turns":6.0},{"damage":4.0,"enemies":"Snecko","floor":28.0,"turns":4.0},{"damage":0.0,"enemies":"Gremlin Leader","floor":29.0,"turns":6.0},{"damage":0.0,"enemies":"Book of Stabbing","floor":31.0,"turns":5.0},{"damage":31.0,"enemies":"Pondfish","floor":33.0,"turns":6.0},{"damage":2.0,"enemies":"Orb Walker","floor":35.0,"turns":4.0},{"damage":34.0,"enemies":"3 Darklings","floor":37.0,"turns":4.0},{"damage":9.0,"enemies":"4 Shapes","floor":42.0,"turns":5.0},{"damage":6.0,"enemies":"Transient","floor":44.0,"turns":5.0},{"damage":16.0,"enemies":"R_Hoarder","floor":45.0,"turns":6.0},{"damage":1.0,"enemies":"Jaw Worm Horde","floor":46.0,"turns":3.0},{"damage":20.0,"enemies":"Writhing Mass","floor":47.0,"turns":4.0},{"damage":0.0,"enemies":"Reptomancer","floor":48.0,"turns":5.0},{"damage":59,"enemies":"conspire:OrnateMirror","floor":50,"turns":8},{"damage":0,"enemies":"hubris:Merchant","floor":53,"turns":1},{"damage":0,"enemies":"Shield and Spear","floor":54,"turns":5},{"damage":83,"enemies":"The Heart","floor":55,"turns":10}],"seed_played":"7516790139386066981","potions_obtained":[{"floor":0.0,"key":"Regen Potion"},{"floor":1.0,"key":"Explosive Potion"},{"floor":5.0,"key":"Explosive Potion"},{"floor":7.0,"key":"Poison Potion"},{"floor":19.0,"key":"construct:ShiftPotion"},{"floor":21.0,"key":"PowerPotion"},{"floor":28.0,"key":"FairyPotion"},{"floor":42.0,"key":"Block Potion"},{"floor":45.0,"key":"sneckomod:MuddlingPotion"},{"floor":47.0,"key":"Fire Potion"}],"is_trial":false,"path_per_floor":["M","?","M","?","M","R","E","?","T","M","M","E","?","M","R","B",null,"M","M","?","M","$","R","M","T","T","R","M","E","E","R","B",null,"M","?","M","AVR","T","R","$","M","T","M","E","M","M","E","R","B",null,"R","$","E","B",null],"character_chosen":"THE_SILENT","items_purchased":["Hidden Blade","Infinite Blades","Mango","hubris:EmptyBottle","Replay:Baseball"],"campfire_rested":1,"item_purchase_floors":[22,22,22,41,41],"current_hp_per_floor":[73,73,71,54,54,54,49,49,49,49,49,36,36,30,30,18,75,48,50,50,47,61,61,28,28,28,28,24,24,24,50,19,89,89,89,59,59,59,59,59,54,54,52,40,43,27,31,31,11,89,89,89,92,13],"gold":265,"neow_bonus":"BOSS_RELIC","is_daily":false,"chose_seed":false,"campfire_upgraded":6,"win_rate":0.0,"timestamp":1614404463,"path_taken":["M","?","M","?","M","R","E","?","T","?","M","E","?","M","R","BOSS","M","M","?","M","$","R","M","?","T","R","M","E","E","R","BOSS","M","?","M","AVR","?","R","$","M","T","M","E","M","M","E","R","BOSS","R","$","E","BOSS"],"items_purchased_type":["Card","Card","Relic","Relic","Relic"],"build_version":"2020-12-22","purchased_purges":1,"victory":true,"max_hp_per_floor":[75,75,75,75,75,75,75,75,75,75,75,75,75,75,75,75,75,75,75,75,75,89,89,89,89,89,89,89,89,89,89,89,89,89,89,89,89,89,89,89,89,89,89,89,89,89,89,89,89,89,89,89,92,92],"relic_stats":{"Centennial Puzzle":[22],"counters":[55,257],"Whetstone":["Strike_G","Flechettes"],"Ginger":[13],"Orichalcum":[102],"obtain_stats":[{"ReplayFunnel":0,"aspiration:Lifesprig":31,"Tiny House":0,"aspiration:SneckoTail":43,"SacredBark":17,"Mango":22,"Incense Burner":0,"Bag of Preparation":12,"Replay:Multitool":45,"Whetstone":2,"Ginger":12,"Replay:Mystery Machine":25,"hubris:EmptyBottle":41,"Empty Cage":37,"Burning Blood":0,"ClockworkSouvenir":37,"ReplayTheSpireMod:EnergyBall":17,"Replay:Ringing Soul":54,"Centennial Puzzle":39,"hubris:Icosahedron":13,"hubris:Backtick":17,"Prayer Wheel":36,"Iron Hammer":26,"hubris:ChampionShield":6,"hubris:GlazedTorus":31,"hubris:Teleporter":26,"aspiration:FetidBarrel":25,"hubris:SphereOfDissonance":9,"Thread and Needle":32,"hubris:MedicalManual":29,"Orichalcum":38,"aspiration:HiddenCompartment":23,"White Beast Statue":14,"aspiration:IroncladSkillbook":34,"infinitespire:EvilPickle":33,"SlaversCollar":38,"Replay:Baseball":41,"Mark of Pain":34,"ReplayTheSpireMod:TigerMarble":8,"Bag of Marbles":20,"Membership Card":10,"hubris:BottledRain":48},{"ReplayFunnel":0,"aspiration:Lifesprig":20,"Tiny House":26,"aspiration:SneckoTail":46,"SacredBark":11,"Mango":38,"Incense Burner":0,"Bag of Preparation":8,"Replay:Multitool":48,"Whetstone":27,"Ginger":33,"Replay:Mystery Machine":16,"hubris:EmptyBottle":45,"Empty Cage":23,"Burning Blood":0,"ClockworkSouvenir":23,"ReplayTheSpireMod:EnergyBall":35,"Replay:Ringing Soul":54,"Centennial Puzzle":45,"hubris:Icosahedron":33,"hubris:Backtick":35,"Prayer Wheel":23,"Iron Hammer":16,"hubris:ChampionShield":5,"hubris:GlazedTorus":42,"hubris:Teleporter":39,"aspiration:FetidBarrel":39,"hubris:SphereOfDissonance":6,"Thread and Needle":20,"hubris:MedicalManual":41,"Orichalcum":45,"aspiration:HiddenCompartment":15,"White Beast Statue":10,"aspiration:IroncladSkillbook":43,"infinitespire:EvilPickle":43,"SlaversCollar":45,"Replay:Baseball":45,"Mark of Pain":21,"ReplayTheSpireMod:TigerMarble":6,"Bag of Marbles":13,"Membership Card":6,"hubris:BottledRain":51},{"ReplayFunnel":0,"aspiration:Lifesprig":90,"Tiny House":110,"aspiration:SneckoTail":210,"SacredBark":54,"Mango":170,"Incense Burner":0,"Bag of Preparation":37,"Replay:Multitool":221,"Whetstone":116,"Ginger":138,"Replay:Mystery Machine":81,"hubris:EmptyBottle":205,"Empty Cage":100,"Burning Blood":0,"ClockworkSouvenir":100,"ReplayTheSpireMod:EnergyBall":155,"Replay:Ringing Soul":247,"Centennial Puzzle":205,"hubris:Icosahedron":138,"hubris:Backtick":155,"Prayer Wheel":100,"Iron Hammer":81,"hubris:ChampionShield":26,"hubris:GlazedTorus":191,"hubris:Teleporter":176,"aspiration:FetidBarrel":176,"hubris:SphereOfDissonance":32,"Thread and Needle":90,"hubris:MedicalManual":186,"Orichalcum":205,"aspiration:HiddenCompartment":71,"White Beast Statue":46,"aspiration:IroncladSkillbook":197,"infinitespire:EvilPickle":197,"SlaversCollar":205,"Replay:Baseball":205,"Mark of Pain":94,"ReplayTheSpireMod:TigerMarble":32,"Bag of Marbles":61,"Membership Card":32,"hubris:BottledRain":233}]},"card_choices":[{"not_picked":["Distraction","Expertise"],"picked":"Draining Mist","floor":0.0},{"not_picked":["Draining Mist","Quick Slash"],"picked":"Flechettes","floor":1.0},{"not_picked":["hubris:SlightOfHand","Slice"],"picked":"Acrobatics","floor":3.0},{"not_picked":["infinitespire:FinalStrike","ReplayTheSpireMod:??????????????????????"],"picked":"ReplayTheSpireMod:Haul","floor":4.0},{"not_picked":["Noxious Fumes","Acrobatics"],"picked":"Blade Dance","floor":5.0},{"not_picked":["Dodge and Roll","Flechettes","hubris:SlightOfHand"],"picked":"SKIP","floor":7.0},{"not_picked":["Toxin Wave","Escape Plan"],"picked":"Endless Agony","floor":10.0},{"not_picked":["Noxious Fumes","hubris:Counter"],"picked":"Accuracy","floor":11.0},{"not_picked":["Choke","Skewer"],"picked":"Finisher","floor":12.0},{"not_picked":["Dagger Throw","Replay:Poison Smokescreen"],"picked":"Finisher","floor":14.0},{"not_picked":["Glass Knife","Tools of the Trade"],"picked":"Phantasmal Killer","floor":16.0},{"not_picked":["Prepared+1","Backflip"],"picked":"Blur","floor":18.0},{"not_picked":["Flying Knee+1","Masterful Stab"],"picked":"Leg Sweep","floor":19.0},{"not_picked":["Blade Dance","Deadly Poison"],"picked":"Outmaneuver+1","floor":21.0},{"not_picked":["Dodge and Roll","hubris:SlightOfHand+1"],"picked":"PiercingWail+1","floor":24.0},{"not_picked":["Hidden Blade+1","conspire:DoublingDagger","Slice"],"picked":"SKIP","floor":28.0},{"not_picked":["Wraith Form v2","Dagger Throw"],"picked":"ReplayTheSpireMod:Speed Training","floor":29.0},{"not_picked":["Bane+1","Outmaneuver","Flying Knee"],"picked":"SKIP","floor":31.0},{"not_picked":["ReplayTheSpireMod:From All Sides","Phantasmal Killer"],"picked":"Burst","floor":33.0},{"not_picked":["Entrench","Thunderclap+1","All Out Attack"],"picked":"Backflip","floor":35.0},{"not_picked":["Life Link","Deflect+1","Anger+1"],"picked":"Blade Dance+1","floor":37.0},{"not_picked":["Dagger Spray+1","Hidden Blade+1","Corruption","Run Through+1"],"picked":"SKIP","floor":42.0},{"not_picked":["Reckless Charge+1","ReplayTheSpireMod:Strike From Hell+1","conspire:Charge"],"picked":"Malaise","floor":44.0},{"not_picked":["Sentinel","Heavy Blade","Headbutt+1","Noxious Fumes+1"],"picked":"SKIP","floor":45.0},{"not_picked":["Acrobatics","ReplayTheSpireMod:Corrosion Curse+1","Dropkick+1"],"picked":"True Grit+1","floor":46.0},{"not_picked":["Twin Strike+1","Flying Knee+1","Perfected Strike+1"],"picked":"Crippling Poison+1","floor":47.0},{"not_picked":["ReplayTheSpireMod:LeadingStrike","Bane","hubris:SlightOfHand"],"picked":"Outmaneuver+1","floor":48.0},{"not_picked":["Rage+1","Poisoned Stab","Quick Slash+1"],"picked":"Demonic Infusion","floor":54}],"player_experience":180793,"relics_obtained":[{"floor":2.0,"key":"Whetstone"},{"floor":7.0,"key":"Thread and Needle"},{"floor":12.0,"key":"Ginger"},{"floor":25.0,"key":"aspiration:FetidBarrel"},{"floor":26.0,"key":"hubris:Teleporter"},{"floor":29.0,"key":"hubris:MedicalManual"},{"floor":31.0,"key":"hubris:GlazedTorus"},{"floor":39.0,"key":"Centennial Puzzle"},{"floor":43.0,"key":"aspiration:SneckoTail"},{"floor":45.0,"key":"Replay:Multitool"},{"floor":48.0,"key":"hubris:BottledRain"},{"floor":54,"key":"Replay:Ringing Soul"}],"event_choices":[{"cards_removed":["Strike_G"],"damage_healed":0.0,"max_hp_gain":0.0,"max_hp_loss":0.0,"gold_gain":0.0,"event_name":"Purifier","player_choice":"Purged","floor":8.0,"gold_loss":0.0,"damage_taken":0.0},{"damage_healed":0.0,"max_hp_gain":0.0,"max_hp_loss":0.0,"gold_gain":0.0,"event_name":"conspire:Investor","player_choice":"Leave","floor":36.0,"gold_loss":0.0,"damage_taken":0.0}],"is_beta":false,"boss_relics":[{"not_picked":["Sozu","Kintsugi"],"picked":"hubris:Backtick"},{"not_picked":["conspire:RunicOctahedron","ChewingGum"],"picked":"aspiration:IroncladSkillbook"}],"items_purged_floors":[38],"is_endless":false,"potions_floor_spawned":[1,5,7,12,19,21,28,42,45,47],"ascension_level":2}}