{"host":"ypphcgdomtfqpc2w","time":1614440263,"event":{"mods":["BaseMod","DeckTracker","MarisaÅiñ∂âJÅ@ñÇóùçπÅj","Minty Spire (QoL Compilation)","Relic Stats","StSLib"],"gold_per_floor":[218,234,234,252,252,252,265,265,265,301,271,310,310,324,324,417,417,431,431,148,181,202,242,242,266,266,266,305,323,358,377,377,471,471,490,511,532,532,545,586,586,619,619,652,675,714,497,516,516,516,516,516,516,116,159,159],"floor_reached":57,"language":"ENG","playtime":5556,"items_purged":["Strike_G","Strike_G","Strike_G"],"score":3184,"play_id":"bd94ed08-3b04-4468-9fc7-a7f880ee1bb9","local_time":"20210228003743","is_ascension_mode":true,"campfire_choices":[{"data":"Cloak And Dagger","floor":6.0,"key":"SMITH"},{"floor":8.0,"key":"REST"},{"floor":13.0,"key":"REST"},{"data":"Bouncing Flask","floor":15.0,"key":"SMITH"},{"data":"Acrobatics","floor":24.0,"key":"SMITH"},{"data":"Tactician","floor":27.0,"key":"SMITH"},{"data":"Malaise","floor":32.0,"key":"SMITH"},{"data":"Footwork","floor":41.0,"key":"SMITH"},{"floor":49,"key":"RECALL"},{"data":"Outmaneuver","floor":53,"key":"SMITH"}],"circlet_count":0,"master_deck":["AscendersBane","Strike_G","Defend_G","Defend_G","Defend_G","Defend_G","Defend_G","Survivor","Neutralize","Blade Dance","Bouncing Flask+1","Cloak And Dagger+1","Bane","Corpse Explosion","Blur","Escape Plan","Underhanded Strike","Necronomicurse","Acrobatics+1","Dash","Tactician+1","Bullet Time","Noxious Fumes","Backflip","Malaise+1","Malaise","Outmaneuver+1","Acrobatics","Footwork+1","Blur","Calculated Gamble","Parasite","Enlightenment","Predator","Tools of the Trade"],"relics":["Ring of the Serpent","Golden Idol","Calipers","Torii","Pantograph","Snecko Eye","Necronomicon","Lee\u0027s Waffle","Red Mask","Centennial Puzzle","Dead Branch","Strawberry","Smiling Mask","HornCleat","Happy Flower","Letter Opener","Frozen Eye","Blood Vial","Incense Burner"],"acts_visited":["Exordium","TheCity","TheBeyond","TheEnding"],"potions_floor_usage":[56],"damage_taken":[{"damage":26.0,"enemies":"Jaw Worm","floor":1.0,"turns":10.0},{"damage":0.0,"enemies":"2 Louse","floor":2.0,"turns":4.0},{"damage":8.0,"enemies":"Small Slimes","floor":4.0,"turns":3.0},{"damage":0.0,"enemies":"Looter","floor":7.0,"turns":3.0},{"damage":34.0,"enemies":"Gremlin Nob","floor":10.0,"turns":4.0},{"damage":1.0,"enemies":"3 Sentries","floor":12.0,"turns":3.0},{"damage":1.0,"enemies":"2 Fungi Beasts","floor":14.0,"turns":3.0},{"damage":30.0,"enemies":"The Guardian","floor":16.0,"turns":11.0},{"damage":11.0,"enemies":"Spheric Guardian","floor":18.0,"turns":3.0},{"damage":0.0,"enemies":"Masked Bandits","floor":21.0,"turns":1.0},{"damage":0.0,"enemies":"3 Byrds","floor":22.0,"turns":3.0},{"damage":43.0,"enemies":"Slavers","floor":23.0,"turns":4.0},{"damage":0.0,"enemies":"Snake Plant","floor":25.0,"turns":3.0},{"damage":0.0,"enemies":"Book of Stabbing","floor":28.0,"turns":3.0},{"damage":7.0,"enemies":"Centurion and Healer","floor":29.0,"turns":4.0},{"damage":0.0,"enemies":"Gremlin Leader","floor":30.0,"turns":4.0},{"damage":0.0,"enemies":"Shelled Parasite and Fungi","floor":31.0,"turns":4.0},{"damage":0.0,"enemies":"Automaton","floor":33.0,"turns":5.0},{"damage":0.0,"enemies":"3 Shapes","floor":35.0,"turns":2.0},{"damage":0.0,"enemies":"Orb Walker","floor":36.0,"turns":3.0},{"damage":0.0,"enemies":"Spire Growth","floor":37.0,"turns":4.0},{"damage":1.0,"enemies":"3 Darklings","floor":39.0,"turns":4.0},{"damage":10.0,"enemies":"Nemesis","floor":40.0,"turns":7.0},{"damage":11.0,"enemies":"Giant Head","floor":42.0,"turns":8.0},{"damage":24.0,"enemies":"Reptomancer","floor":44.0,"turns":7.0},{"damage":0,"enemies":"Transient","floor":45,"turns":6},{"damage":0,"enemies":"Nemesis","floor":46,"turns":5},{"damage":1,"enemies":"Writhing Mass","floor":48,"turns":6},{"damage":1,"enemies":"Awakened One","floor":50,"turns":16},{"damage":19,"enemies":"Time Eater","floor":51,"turns":16},{"damage":19,"enemies":"Shield and Spear","floor":55,"turns":6},{"damage":97,"enemies":"The Heart","floor":56,"turns":14}],"seed_played":"1416554652234796377","potions_obtained":[{"floor":1.0,"key":"GamblersBrew"},{"floor":4.0,"key":"ColorlessPotion"},{"floor":11.0,"key":"LiquidMemories"},{"floor":11.0,"key":"Block Potion"},{"floor":14.0,"key":"FairyPotion"},{"floor":16.0,"key":"Explosive Potion"},{"floor":21.0,"key":"ColorlessPotion"},{"floor":23.0,"key":"Dexterity Potion"},{"floor":28.0,"key":"SteroidPotion"},{"floor":35.0,"key":"EssenceOfSteel"},{"floor":36.0,"key":"Block Potion"},{"floor":44.0,"key":"PowerPotion"},{"floor":48,"key":"LiquidMemories"}],"is_trial":false,"path_per_floor":["M","M","?","M","?","R","M","R","T","E","?","E","R","M","R","B",null,"M","?","$","?","M","E","R","M","T","R","E","M","E","M","R","B",null,"M","M","M","?","M","E","R","E","T","E","M","E","$","M","R","B","B",null,"R","$","E","B",null],"character_chosen":"THE_SILENT","items_purchased":["Lee\u0027s Waffle","Acrobatics","Frozen Eye","Enlightenment","Predator","Blood Vial"],"campfire_rested":2,"item_purchase_floors":[20,20,47,54,54,54],"current_hp_per_floor":[33,33,26,18,18,18,18,36,36,2,2,1,19,18,18,13,48,37,16,67,67,67,24,24,24,24,24,24,17,24,24,24,49,68,68,68,68,68,67,57,57,46,46,22,22,22,22,21,21,45,51,68,68,68,51,19],"gold":159,"neow_bonus":"HUNDRED_GOLD","is_daily":false,"chose_seed":false,"campfire_upgraded":7,"win_rate":0.0,"timestamp":1614440263,"path_taken":["M","M","?","M","?","R","M","R","T","E","?","E","R","?","R","BOSS","M","?","$","?","M","E","R","M","T","R","E","M","E","M","R","BOSS","M","M","M","?","M","E","R","E","T","E","?","E","$","M","R","BOSS","BOSS","R","$","E","BOSS"],"items_purchased_type":["Relic","Card","Relic","Card","Card","Relic"],"build_version":"2020-12-22","purchased_purges":3,"victory":true,"max_hp_per_floor":[66,66,66,66,60,60,60,60,60,60,60,60,60,60,60,60,60,60,60,67,67,67,67,67,67,67,67,67,67,74,74,74,74,74,74,74,74,74,74,74,74,74,74,74,74,74,74,74,74,74,74,74,74,74,74,74],"relic_stats":{"Lee\u0027s Waffle":51,"Torii":67,"Happy Flower":[23],"counters":[32,179],"Golden Idol":231,"Dead Branch":[224],"Letter Opener":[332],"Smiling Mask":125,"Blood Vial":4,"Centennial Puzzle":[30],"Pantograph":121,"Snecko Eye":[302,283,320,301],"Necronomicon":[50],"obtain_stats":[{"Lee\u0027s Waffle":20,"Calipers":9,"Torii":10,"Happy Flower":44,"Golden Idol":5,"Dead Branch":26,"Incense Burner":55,"Letter Opener":46,"Smiling Mask":40,"Blood Vial":54,"Frozen Eye":47,"Centennial Puzzle":23,"HornCleat":42,"Pantograph":12,"Strawberry":30,"Snecko Eye":17,"Necronomicon":19,"Red Mask":21,"Ring of the Serpent":34,"Ring of the Snake":0},{"Lee\u0027s Waffle":9,"Calipers":4,"Torii":5,"Happy Flower":25,"Golden Idol":3,"Dead Branch":13,"Incense Burner":31,"Letter Opener":27,"Smiling Mask":23,"Blood Vial":30,"Frozen Eye":27,"Centennial Puzzle":12,"HornCleat":24,"Pantograph":6,"Strawberry":16,"Snecko Eye":8,"Necronomicon":9,"Red Mask":10,"Ring of the Serpent":18,"Ring of the Snake":0},{"Lee\u0027s Waffle":44,"Calipers":20,"Torii":24,"Happy Flower":110,"Golden Idol":17,"Dead Branch":55,"Incense Burner":165,"Letter Opener":121,"Smiling Mask":95,"Blood Vial":159,"Frozen Eye":121,"Centennial Puzzle":52,"HornCleat":103,"Pantograph":27,"Strawberry":66,"Snecko Eye":41,"Necronomicon":44,"Red Mask":45,"Ring of the Serpent":75,"Ring of the Snake":0}]},"card_choices":[{"not_picked":["Infinite Blades","Sucker Punch"],"picked":"Blade Dance","floor":1.0},{"not_picked":["Cloak And Dagger","Bane"],"picked":"Bouncing Flask","floor":2.0},{"not_picked":["Deadly Poison","Dodge and Roll"],"picked":"Cloak And Dagger","floor":4.0},{"not_picked":["Deadly Poison","Flying Knee"],"picked":"Bane","floor":7.0},{"not_picked":["Dagger Throw","Dodge and Roll"],"picked":"Corpse Explosion","floor":10.0},{"not_picked":["Riddle With Holes","Poisoned Stab"],"picked":"Blur","floor":12.0},{"not_picked":["Bane","Acrobatics"],"picked":"Escape Plan","floor":14.0},{"not_picked":["Skewer","Bouncing Flask"],"picked":"Underhanded Strike","floor":18.0},{"not_picked":["Acrobatics","Expertise"],"picked":"Dash","floor":21.0},{"not_picked":["Reflex","Slice+1"],"picked":"Tactician","floor":22.0},{"not_picked":["Poisoned Stab","Expertise"],"picked":"Bullet Time","floor":23.0},{"not_picked":["Poisoned Stab+1","Accuracy+1","Terror"],"picked":"SKIP","floor":25.0},{"not_picked":["Poisoned Stab+1","Accuracy+1","Terror"],"picked":"SKIP","floor":25.0},{"not_picked":["Dodge and Roll","Quick Slash"],"picked":"Noxious Fumes","floor":28.0},{"not_picked":["Caltrops","Quick Slash"],"picked":"Backflip","floor":29.0},{"not_picked":["Calculated Gamble","All Out Attack"],"picked":"Malaise","floor":30.0},{"not_picked":["Deadly Poison+1","Backstab","Setup"],"picked":"SKIP","floor":31.0},{"not_picked":["Corpse Explosion","Venomology"],"picked":"Malaise","floor":33.0},{"not_picked":["Slice","Dodge and Roll+1"],"picked":"Outmaneuver","floor":35.0},{"not_picked":["Cloak And Dagger","Skewer","Flying Knee"],"picked":"SKIP","floor":36.0},{"not_picked":["Dagger Spray","Poisoned Stab+1"],"picked":"Acrobatics","floor":37.0},{"not_picked":["Slice","Dagger Throw","Cloak And Dagger"],"picked":"SKIP","floor":39.0},{"not_picked":["Slice","Dagger Throw","Cloak And Dagger"],"picked":"SKIP","floor":39.0},{"not_picked":["Slice","Dagger Throw","Cloak And Dagger"],"picked":"SKIP","floor":39.0},{"not_picked":["Deadly Poison","Backflip"],"picked":"Footwork","floor":40.0},{"not_picked":["Heel Hook","Dodge and Roll+1","Cloak And Dagger+1"],"picked":"SKIP","floor":42.0},{"not_picked":["Expertise+1","Heel Hook","Masterful Stab+1"],"picked":"SKIP","floor":44.0},{"not_picked":["Expertise","All Out Attack"],"picked":"Blur","floor":45},{"not_picked":["All Out Attack","Unload"],"picked":"Calculated Gamble","floor":46},{"not_picked":["Blur","Acrobatics","Noxious Fumes"],"picked":"SKIP","floor":48},{"not_picked":["Blur","Acrobatics","Noxious Fumes"],"picked":"SKIP","floor":48},{"not_picked":["Underhanded Strike","Acrobatics"],"picked":"Tools of the Trade","floor":55}],"player_experience":3392152,"relics_obtained":[{"floor":9.0,"key":"Calipers"},{"floor":10.0,"key":"Torii"},{"floor":12.0,"key":"Pantograph"},{"floor":19.0,"key":"Necronomicon"},{"floor":21.0,"key":"Red Mask"},{"floor":23.0,"key":"Centennial Puzzle"},{"floor":26.0,"key":"Dead Branch"},{"floor":30.0,"key":"Strawberry"},{"floor":40.0,"key":"Smiling Mask"},{"floor":42.0,"key":"HornCleat"},{"floor":44.0,"key":"Happy Flower"},{"floor":46,"key":"Letter Opener"},{"floor":55,"key":"Incense Burner"}],"event_choices":[{"cards_removed":["Strike_G"],"damage_healed":0.0,"max_hp_gain":0.0,"max_hp_loss":0.0,"gold_gain":0.0,"event_name":"Golden Wing","player_choice":"Card Removal","floor":3.0,"gold_loss":0.0,"damage_taken":7.0},{"damage_healed":0.0,"max_hp_gain":0.0,"max_hp_loss":6.0,"gold_gain":0.0,"event_name":"Golden Idol","player_choice":"Lose Max HP","floor":5.0,"gold_loss":0.0,"damage_taken":0.0,"relics_obtained":["Golden Idol"]},{"damage_healed":0.0,"max_hp_gain":0.0,"max_hp_loss":0.0,"gold_gain":0.0,"event_name":"The Woman in Blue","player_choice":"Bought 2 Potions","floor":11.0,"gold_loss":0.0,"damage_taken":0.0},{"damage_healed":0.0,"max_hp_gain":0.0,"max_hp_loss":0.0,"gold_gain":0.0,"event_name":"Cursed Tome","player_choice":"Obtained Book","floor":19.0,"gold_loss":0.0,"damage_taken":21.0},{"damage_healed":0.0,"max_hp_gain":0.0,"max_hp_loss":0.0,"gold_gain":0.0,"event_name":"Masked Bandits","player_choice":"Fought Bandits","floor":21.0,"gold_loss":0.0,"damage_taken":0.0},{"damage_healed":0.0,"max_hp_gain":0.0,"max_hp_loss":0.0,"gold_gain":0.0,"event_name":"SecretPortal","player_choice":"Ignored","floor":38.0,"gold_loss":0.0,"damage_taken":0.0}],"is_beta":false,"boss_relics":[{"not_picked":["Busted Crown","Velvet Choker"],"picked":"Snecko Eye"},{"not_picked":["HoveringKite","Black Star"],"picked":"Ring of the Serpent"}],"items_purged_floors":[20,47,54],"is_endless":false,"potions_floor_spawned":[1,4,14,16,21,23,28,30,35,36,37,44,48],"ascension_level":20}}