{"host":"vlqej45p0v31lhdi","time":1614419148,"event":{"mods":["AchievementEnabler","BaseMod","Bestiary","Colored Powertips","Minty Spire (QoL Compilation)","Relic Stats"],"gold_per_floor":[112,37,50,67,242,242,263,263,316,316,341,20,31,48,48,153,153,165,185,195,195,141,141,167,167,167,167,198,198,218,317,317,412,412,423,423,434,446,466,466,187,187,187],"floor_reached":42,"language":"ENG","playtime":1964,"items_purged":["Normality","Doubt"],"score":679,"play_id":"b7a332c4-b079-42fe-b3ee-ff27549cf745","local_time":"20210227034548","is_ascension_mode":true,"campfire_choices":[{"data":"Bouncing Flask","floor":6,"key":"SMITH"},{"data":"Blade Dance","floor":8,"key":"SMITH"},{"floor":10,"key":"REST"},{"data":"Blade Dance","floor":15,"key":"SMITH"},{"floor":23,"key":"REST"},{"data":"A Thousand Cuts","floor":25,"key":"SMITH"},{"floor":32,"key":"REST"},{"data":"Calculated Gamble","floor":40,"key":"SMITH"}],"circlet_count":0,"master_deck":["Strike_G","Strike_G","Strike_G","Strike_G","Defend_G","Defend_G","Defend_G","Defend_G","Defend_G","Survivor","Neutralize","Flying Knee","Bouncing Flask+1","Backflip","Blade Dance+1","Concentrate","Blade Dance+1","Backflip","A Thousand Cuts+1","Footwork+1","Accuracy+1","Prepared","Blade Dance","Acrobatics+1","Calculated Gamble+1","Tactician+1","Night Terror","Blur+1","Blade Dance+1","Caltrops+1","PiercingWail+1","Accuracy","Panache","Eviscerate"],"relics":["Ring of the Snake","Gambling Chip","Odd Mushroom","Happy Flower","PreservedInsect","Bag of Marbles","Cursed Key","StoneCalendar","Oddly Smooth Stone","Empty Cage","MealTicket"],"acts_visited":["Exordium","TheCity","TheBeyond"],"potions_floor_usage":[7,14,16,19,28,30,30,33,42],"damage_taken":[{"damage":1,"enemies":"Small Slimes","floor":1,"turns":5},{"damage":1,"enemies":"Jaw Worm","floor":3,"turns":6},{"damage":1,"enemies":"Cultist","floor":4,"turns":3},{"damage":35,"enemies":"The Mushroom Lair","floor":7,"turns":5},{"damage":0,"enemies":"Exordium Wildlife","floor":13,"turns":3},{"damage":0,"enemies":"3 Louse","floor":14,"turns":1},{"damage":38,"enemies":"Slime Boss","floor":16,"turns":9},{"damage":6,"enemies":"Spheric Guardian","floor":18,"turns":3},{"damage":3,"enemies":"Chosen","floor":19,"turns":3},{"damage":0,"enemies":"3 Cultists","floor":20,"turns":2},{"damage":0,"enemies":"Gremlin Leader","floor":24,"turns":4},{"damage":18,"enemies":"Slavers","floor":28,"turns":3},{"damage":9,"enemies":"Centurion and Healer","floor":30,"turns":2},{"damage":39,"enemies":"Automaton","floor":33,"turns":5},{"damage":2,"enemies":"Orb Walker","floor":35,"turns":2},{"damage":0,"enemies":"3 Shapes","floor":37,"turns":4},{"damage":13,"enemies":"Spire Growth","floor":38,"turns":3},{"damage":0,"enemies":"Sphere and 2 Shapes","floor":39,"turns":3},{"damage":84,"enemies":"Nemesis","floor":42,"turns":3}],"seed_played":"3278238861061135995","potions_obtained":[{"floor":1,"key":"DistilledChaos"},{"floor":4,"key":"SkillPotion"},{"floor":13,"key":"Fire Potion"},{"floor":16,"key":"SkillPotion"},{"floor":19,"key":"GamblersBrew"},{"floor":20,"key":"PowerPotion"},{"floor":24,"key":"Fire Potion"},{"floor":30,"key":"DuplicationPotion"},{"floor":37,"key":"Weak Potion"}],"is_trial":false,"path_per_floor":["M","$","M","M","?","R","?","R","T","R","T","$","M","M","R","B",null,"M","M","M","?","$","R","E","R","T","?","E","?","M","?","R","B",null,"M","?","M","M","M","R","$","E"],"character_chosen":"THE_SILENT","items_purchased":["Bag of Marbles","Concentrate","Blade Dance","Accuracy","Panache","Eviscerate"],"campfire_rested":3,"item_purchase_floors":[12,12,22,41,41,41],"current_hp_per_floor":[62,62,61,60,60,60,25,25,25,46,46,46,46,46,46,8,55,49,46,46,33,33,55,55,55,55,55,37,37,28,28,50,11,59,57,57,57,44,44,44,59,0,0],"gold":187,"neow_bonus":"ONE_RARE_RELIC","is_daily":false,"chose_seed":false,"campfire_upgraded":5,"win_rate":0.0,"timestamp":1614419148,"path_taken":["M","$","M","M","?","R","?","R","T","R","?","$","M","?","R","BOSS","M","M","M","?","$","R","E","R","T","?","E","?","?","?","R","BOSS","M","?","?","?","M","R","$","E"],"items_purchased_type":["Relic","Card","Card","Card","Card","Card"],"build_version":"2020-12-22","purchased_purges":2,"victory":false,"max_hp_per_floor":[70,70,70,70,70,70,70,70,70,70,70,70,70,70,70,70,70,70,70,70,75,75,75,75,75,75,75,75,75,75,75,75,75,75,75,75,75,75,75,75,75,75,75],"relic_stats":{"Happy Flower":[16],"counters":[19,69],"Gambling Chip":[83],"StoneCalendar":[0],"MealTicket":15,"PreservedInsect":140,"Cursed Key":1,"obtain_stats":[{"Happy Flower":9,"Gambling Chip":0,"Oddly Smooth Stone":28,"StoneCalendar":24,"MealTicket":36,"PreservedInsect":11,"Bag of Marbles":12,"Odd Mushroom":7,"Cursed Key":17,"Empty Cage":34,"Ring of the Snake":0},{"Happy Flower":4,"Gambling Chip":0,"Oddly Smooth Stone":12,"StoneCalendar":11,"MealTicket":15,"PreservedInsect":4,"Bag of Marbles":4,"Odd Mushroom":4,"Cursed Key":7,"Empty Cage":14,"Ring of the Snake":0},{"Happy Flower":19,"Gambling Chip":0,"Oddly Smooth Stone":47,"StoneCalendar":44,"MealTicket":56,"PreservedInsect":19,"Bag of Marbles":19,"Odd Mushroom":19,"Cursed Key":32,"Empty Cage":54,"Ring of the Snake":0}],"Ring of the Snake":[38]},"card_choices":[{"not_picked":["Sucker Punch","Poisoned Stab"],"picked":"Flying Knee","floor":1},{"not_picked":["Bane","Caltrops"],"picked":"Bouncing Flask","floor":3},{"not_picked":["Deadly Poison","Acrobatics"],"picked":"Backflip","floor":4},{"not_picked":["Flechettes","PiercingWail"],"picked":"Blade Dance","floor":7},{"not_picked":["Bane","Cloak And Dagger"],"picked":"Blade Dance","floor":13},{"not_picked":["Eviscerate","Riddle With Holes"],"picked":"Backflip","floor":14},{"not_picked":["Die Die Die","Venomology"],"picked":"A Thousand Cuts","floor":16},{"not_picked":["Outmaneuver","Caltrops"],"picked":"Footwork+1","floor":18},{"not_picked":["Caltrops+1","Underhanded Strike"],"picked":"Accuracy+1","floor":19},{"not_picked":["Crippling Poison","Endless Agony"],"picked":"Prepared","floor":20},{"not_picked":["Heel Hook","PiercingWail"],"picked":"Acrobatics+1","floor":24},{"not_picked":["Caltrops","Backstab"],"picked":"Tactician+1","floor":28},{"not_picked":["Acrobatics","Infinite Blades+1"],"picked":"Deflect","floor":30},{"not_picked":["A Thousand Cuts","Grand Finale"],"picked":"Night Terror","floor":33},{"not_picked":["Acrobatics+1","Riddle With Holes+1"],"picked":"Blur+1","floor":35},{"not_picked":["Blur","Masterful Stab"],"picked":"Blade Dance+1","floor":37},{"not_picked":["Underhanded Strike","Skewer+1"],"picked":"Caltrops+1","floor":38},{"not_picked":["Dagger Spray","Poisoned Stab"],"picked":"PiercingWail+1","floor":39}],"player_experience":3126865,"relics_obtained":[{"floor":7,"key":"Odd Mushroom"},{"floor":9,"key":"Happy Flower"},{"floor":11,"key":"PreservedInsect"},{"floor":24,"key":"StoneCalendar"},{"floor":28,"key":"Oddly Smooth Stone"}],"event_choices":[{"damage_healed":0,"gold_gain":175,"player_choice":"AGREE","damage_taken":0,"max_hp_gain":0,"max_hp_loss":0,"event_name":"Liars Game","floor":5,"gold_loss":0,"cards_obtained":["Doubt"]},{"damage_healed":0,"gold_gain":0,"player_choice":"Fought Mushrooms","damage_taken":0,"max_hp_gain":0,"max_hp_loss":0,"event_name":"Mushrooms","floor":7,"gold_loss":0},{"damage_healed":0,"gold_gain":0,"player_choice":"Shed Blood","damage_taken":18,"max_hp_gain":5,"max_hp_loss":0,"event_name":"Forgotten Altar","floor":21,"gold_loss":0},{"damage_healed":0,"gold_gain":0,"player_choice":"Read","damage_taken":0,"max_hp_gain":0,"max_hp_loss":0,"event_name":"The Library","floor":27,"gold_loss":0,"cards_obtained":["Calculated Gamble"]},{"damage_healed":0,"gold_gain":0,"player_choice":"Ignored","damage_taken":0,"max_hp_gain":0,"max_hp_loss":0,"event_name":"Cursed Tome","floor":29,"gold_loss":0},{"damage_healed":0,"gold_gain":99,"player_choice":"Stole From Cult","damage_taken":0,"max_hp_gain":0,"max_hp_loss":0,"event_name":"Nest","floor":31,"gold_loss":0},{"cards_removed":["Deflect"],"damage_healed":0,"gold_gain":0,"player_choice":"Gave Card","damage_taken":0,"relics_obtained":["MealTicket"],"max_hp_gain":0,"max_hp_loss":0,"event_name":"WeMeetAgain","floor":36,"gold_loss":0}],"is_beta":false,"boss_relics":[{"not_picked":["Fusion Hammer","Sozu"],"picked":"Cursed Key"},{"not_picked":["SlaversCollar","Astrolabe"],"picked":"Empty Cage"}],"items_purged_floors":[2,12],"is_endless":false,"potions_floor_spawned":[1,4,13,16,19,20,24,30,37],"killed_by":"Nemesis","ascension_level":9}}