{"host":"au01ak9vd3889by4","time":1614451430,"event":{"mods":["AchievementEnabler","BaseMod","Colored Map","Colored Powertips","Hubris","Infinite Spire","Minty Spire (QoL Compilation)","Quick Restart","Replay The Spire","StSLib","The Cursed","The Marked"],"gold_per_floor":[112,129,186,29,29,29,48,67,67,81,108,108,108,121,121,226,226,243,243,263,263,263],"floor_reached":21,"language":"ENG","playtime":1174,"items_purged":[],"score":256,"play_id":"e20bd62c-8b6a-483e-9f8e-abcb57920f82","local_time":"20210227104350","is_ascension_mode":false,"campfire_choices":[{"floor":6.0,"key":"REST"},{"floor":13.0,"key":"REST"}],"circlet_count":0,"master_deck":["Strike_B","Strike_B+1","Strike_B","Strike_B","Defend_B","Defend_B","Defend_B+1","Defend_B","Zap","Dualcast","Barrage","Reinforced Body","Redo","hubris:Ukulele","Rebound","Redo","Machine Learning","Reprogram","Seek","Leap","Storm","Barrage+1"],"relics":["Cracked Core","infinitespire:SolderingIron","Gremlin Food","Bag of Preparation","Replay:Ringing Soul","Art of War","Replay:Bronze Core"],"acts_visited":["Exordium","TheCity"],"potions_floor_usage":[16,16,20],"damage_taken":[{"damage":5.0,"enemies":"Jaw Worm","floor":1.0,"turns":4.0},{"damage":0.0,"enemies":"Small Slimes","floor":2.0,"turns":3.0},{"damage":0.0,"enemies":"2 Louse","floor":7.0,"turns":3.0},{"damage":8.0,"enemies":"Red Slaver","floor":8.0,"turns":4.0},{"damage":0.0,"enemies":"Blue Slaver","floor":10.0,"turns":3.0},{"damage":22.0,"enemies":"3 Sentries","floor":11.0,"turns":7.0},{"damage":13.0,"enemies":"2 Fungi Beasts","floor":14.0,"turns":3.0},{"damage":0,"enemies":"Slime Boss","floor":16,"turns":3},{"damage":31,"enemies":"2 Thieves","floor":18,"turns":5},{"damage":2,"enemies":"Chosen","floor":20,"turns":6},{"damage":0,"enemies":"Centurion and Healer","floor":21,"turns":1}],"seed_played":"-3781362718068737123","potions_obtained":[{"floor":10.0,"key":"Elixir"},{"floor":12.0,"key":"Milkshake"},{"floor":12.0,"key":"LiquidMemories"},{"floor":14.0,"key":"AttackPotion"},{"floor":16,"key":"Dexterity Potion"},{"floor":18,"key":"Strength Potion"}],"is_trial":false,"path_per_floor":["M","M","?","$","?","R","M","M","T","M","E","?","R","M","R_BF","B",null,"M","?","M","M"],"character_chosen":"DEFECT","items_purchased":["Gremlin Food"],"campfire_rested":2,"item_purchase_floors":[4],"current_hp_per_floor":[70,70,52,52,52,74,74,66,66,69,50,50,74,61,64,67,87,59,62,63,63,63],"gold":263,"neow_bonus":"RANDOM_EVENT","is_daily":false,"chose_seed":false,"campfire_upgraded":0,"win_rate":0.0,"timestamp":1614451430,"path_taken":["M","M","?","$","?","R","M","M","T","M","E","?","R","?","R_BF","BOSS","M","?","M","M"],"items_purchased_type":["Relic"],"build_version":"2020-12-22","purchased_purges":0,"victory":false,"max_hp_per_floor":[75,75,75,75,75,75,75,75,75,78,81,81,81,81,84,87,87,90,93,96,96,96],"card_choices":[{"not_picked":["Doom and Gloom","Melter"],"picked":"Gash","floor":1.0},{"not_picked":["Beam Cell","Sweeping Beam"],"picked":"Reinforced Body","floor":2.0},{"not_picked":["Conserve Battery","Sunder"],"picked":"Redo","floor":3.0},{"not_picked":["Crystallizer","BasicCrystalCard"],"picked":"hubris:Ukulele","floor":7.0},{"not_picked":["Undo","ReplayTheSpireMod:Repulse"],"picked":"Rebound","floor":8.0},{"not_picked":["Sweeping Beam","Compile Driver"],"picked":"Redo","floor":10.0},{"not_picked":["ReplayTheSpireMod:GoodbyeWorld","Chaos"],"picked":"Machine Learning","floor":11.0},{"not_picked":["Barrage","Undo","Coolheaded"],"picked":"SKIP","floor":14.0},{"not_picked":["Core Surge","Multi-Cast"],"picked":"Seek","floor":16},{"not_picked":["ReplayTheSpireMod:Calculation Training","Turbo"],"picked":"Leap","floor":18},{"not_picked":["Rebound","Auto Shields"],"picked":"Barrage+1","floor":20}],"player_experience":154332,"relics_obtained":[{"floor":3.0,"key":"infinitespire:SolderingIron"},{"floor":5.0,"key":"Bag of Preparation"},{"floor":9.0,"key":"Replay:Ringing Soul"},{"floor":11.0,"key":"Art of War"}],"event_choices":[{"damage_healed":0.0,"max_hp_gain":0.0,"max_hp_loss":0.0,"gold_gain":0.0,"event_name":"Lab","player_choice":"Got Potions","floor":12.0,"gold_loss":0.0,"damage_taken":0.0},{"damage_healed":0,"gold_gain":0,"player_choice":"Read","damage_taken":0,"max_hp_gain":0,"max_hp_loss":0,"event_name":"The Library","floor":19,"gold_loss":0,"cards_obtained":["Storm"]}],"is_beta":false,"boss_relics":[{"not_picked":["Velvet Choker","Painkiller Herb"],"picked":"Replay:Bronze Core"}],"items_purged_floors":[],"is_endless":false,"potions_floor_spawned":[10,14,16,18],"killed_by":"Centurion and Healer","ascension_level":0}}