{"host":"33hygxkqsm5kb9ql","time":1614455142,"event":{"mods":["BaseMod","Block Reminder","Colored Map","Colored Powertips","DeckTracker","Highlight Path","Minty Spire (QoL Compilation)","Permanent Neow","Quick Restart","Random Character Button","Relic Sorter","Relic Stats"],"gold_per_floor":[116,116,128,140,39,39,74,74,74,86,102,180,180,249,249,249,249],"floor_reached":16,"language":"ENG","playtime":920,"items_purged":[],"score":110,"play_id":"4f9cc710-1bc9-4c8b-a65a-bfab0352edd1","local_time":"20210227134542","is_ascension_mode":true,"campfire_choices":[{"data":"Fire Breathing","floor":6,"key":"SMITH"},{"floor":8,"key":"REST"},{"floor":15,"key":"REST"}],"circlet_count":0,"master_deck":["Strike_R","Strike_R","Defend_R","Defend_R","Defend_R","Bash","Disarm+1","Havoc+1","Offering+1","True Grit","Cleave","Shrug It Off","Thunderclap","Fire Breathing+1","Warcry","Twin Strike","Searing Blow","Twin Strike","Wild Strike"],"relics":["Astrolabe","WingedGreaves","Paper Frog","Golden Idol","MealTicket"],"acts_visited":["Exordium"],"potions_floor_usage":[],"damage_taken":[{"damage":2,"enemies":"2 Louse","floor":1,"turns":3},{"damage":6,"enemies":"Cultist","floor":3,"turns":3},{"damage":10,"enemies":"Jaw Worm","floor":4,"turns":2},{"damage":60,"enemies":"Gremlin Nob","floor":7,"turns":5},{"damage":6,"enemies":"2 Fungi Beasts","floor":10,"turns":3},{"damage":0,"enemies":"Large Slime","floor":11,"turns":4},{"damage":17,"enemies":"3 Sentries","floor":14,"turns":5},{"damage":25,"enemies":"The Guardian","floor":16,"turns":6}],"seed_played":"7894568402547848139","potions_obtained":[{"floor":11,"key":"LiquidMemories"}],"is_trial":false,"path_per_floor":["M","?","M","M","$","R","E","R","T","M","M","?","?","?","R","B"],"character_chosen":"IRONCLAD","items_purchased":["Fire Breathing","Warcry"],"campfire_rested":2,"item_purchase_floors":[5,5],"current_hp_per_floor":[78,78,72,62,62,62,2,26,26,20,20,20,20,3,25,0,0],"gold":249,"neow_bonus":"BOSS_RELIC","is_daily":false,"chose_seed":false,"campfire_upgraded":1,"win_rate":0.0,"timestamp":1614455142,"path_taken":["M","?","?","M","$","R","E","R","T","M","M","?","?","?","R","BOSS"],"items_purchased_type":["Card","Card"],"build_version":"2020-12-22","purchased_purges":0,"victory":false,"max_hp_per_floor":[80,80,80,80,80,80,80,80,80,80,80,80,74,74,74,74,74],"relic_stats":{"counters":[8,31],"Golden Idol":20,"Astrolabe":["Disarm","Havoc","Offering"],"MealTicket":0,"obtain_stats":[{"Golden Idol":13,"Astrolabe":0,"MealTicket":14,"WingedGreaves":7,"Burning Blood":0,"Paper Frog":9},{"Golden Idol":6,"Astrolabe":0,"MealTicket":7,"WingedGreaves":4,"Burning Blood":0,"Paper Frog":4},{"Golden Idol":20,"Astrolabe":0,"MealTicket":25,"WingedGreaves":13,"Burning Blood":0,"Paper Frog":13}]},"card_choices":[{"not_picked":["Sword Boomerang","Flex"],"picked":"True Grit","floor":1},{"not_picked":["Reckless Charge","Cleave"],"picked":"Shrug It Off","floor":3},{"not_picked":["Warcry","Havoc"],"picked":"Thunderclap","floor":4},{"not_picked":["Second Wind","Uppercut"],"picked":"Twin Strike","floor":7},{"not_picked":["Blood for Blood","Clothesline"],"picked":"Searing Blow","floor":10},{"not_picked":["Power Through","Sword Boomerang"],"picked":"Twin Strike","floor":11},{"not_picked":["Bloodletting","Intimidate"],"picked":"Wild Strike","floor":14}],"player_experience":187394,"relics_obtained":[{"floor":7,"key":"WingedGreaves"},{"floor":9,"key":"Paper Frog"},{"floor":14,"key":"MealTicket"}],"event_choices":[{"damage_healed":0,"gold_gain":0,"cards_transformed":["Strike_R"],"player_choice":"Transformed","damage_taken":0,"max_hp_gain":0,"max_hp_loss":0,"event_name":"Transmorgrifier","floor":2,"gold_loss":0,"cards_obtained":["Cleave"]},{"damage_healed":0,"gold_gain":78,"player_choice":"Gained Gold","damage_taken":0,"max_hp_gain":0,"max_hp_loss":0,"event_name":"Golden Wing","floor":12,"gold_loss":0},{"damage_healed":0,"gold_gain":0,"player_choice":"Lose Max HP","damage_taken":0,"relics_obtained":["Golden Idol"],"max_hp_gain":0,"max_hp_loss":6,"event_name":"Golden Idol","floor":13,"gold_loss":0},{"damage_healed":0,"gold_gain":0,"player_choice":"Searched \u00271\u0027 times","damage_taken":0,"max_hp_gain":0,"max_hp_loss":0,"event_name":"Dead Adventurer","floor":14,"gold_loss":0}],"is_beta":false,"boss_relics":[],"items_purged_floors":[],"is_endless":false,"potions_floor_spawned":[11],"killed_by":"The Guardian","ascension_level":2}}