{"host":"8lno9xwgef3sjccz","time":1614395385,"event":{"mods":["AchievementEnabler","BaseMod","Minty Spire (QoL Compilation)","Relic Stats","StSLib"],"gold_per_floor":[119,130,144,17,28,28,57,69,69,83,33,33,65,84,84,181,181,191,208,133,147,165,165,198,198,198,1,1,12,12,29,29,129,129,147,0,14,14,24,55,55,55,55],"floor_reached":42,"language":"ENG","playtime":2268,"items_purged":["Defend_R","Defend_R"],"score":485,"play_id":"63bceae8-50ab-4cac-bcba-2ab78c271e95","local_time":"20210226220945","is_ascension_mode":true,"campfire_choices":[{"data":"Pommel Strike","floor":6,"key":"SMITH"},{"data":"Intimidate","floor":12,"key":"SMITH"},{"data":"Shrug It Off","floor":15,"key":"SMITH"},{"data":"Double Tap","floor":23,"key":"SMITH"},{"floor":30,"key":"REST"},{"data":"Warcry","floor":32,"key":"SMITH"},{"data":"Rampage","floor":41,"key":"SMITH"}],"circlet_count":0,"master_deck":["Bash","Spot Weakness","Pommel Strike+1","Twin Strike","Shrug It Off+1","Metallicize","Inflame","Intimidate+1","Sword Boomerang","Metallicize","Double Tap+1","Feel No Pain+1","Shockwave","Rage+1","Wild Strike+1","Heavy Blade","Iron Wave","Warcry+1","Fiend Fire","Warcry","Shrug It Off","Immolate","Shrug It Off+1","Body Slam+1","Inflame+1","Rampage+1"],"relics":["Burning Blood","Bronze Scales","HornCleat","Kunai","Black Star","Pantograph","Ancient Tea Set","Enchiridion","Pandora\u0027s Box","Red Mask","TungstenRod","Boot"],"acts_visited":["Exordium","TheCity","TheBeyond"],"potions_floor_usage":[18,21,22,24,29,39,40,42],"damage_taken":[{"damage":6,"enemies":"Cultist","floor":1,"turns":3},{"damage":6,"enemies":"Jaw Worm","floor":2,"turns":4},{"damage":2,"enemies":"Small Slimes","floor":3,"turns":4},{"damage":6,"enemies":"2 Fungi Beasts","floor":5,"turns":3},{"damage":28,"enemies":"Gremlin Nob","floor":7,"turns":4},{"damage":11,"enemies":"Blue Slaver","floor":8,"turns":3},{"damage":0,"enemies":"Large Slime","floor":10,"turns":4},{"damage":1,"enemies":"3 Sentries","floor":13,"turns":6},{"damage":10,"enemies":"Exordium Thugs","floor":14,"turns":4},{"damage":29,"enemies":"The Guardian","floor":16,"turns":10},{"damage":9,"enemies":"2 Thieves","floor":18,"turns":4},{"damage":2,"enemies":"Chosen","floor":19,"turns":4},{"damage":11,"enemies":"Snake Plant","floor":21,"turns":4},{"damage":9,"enemies":"3 Cultists","floor":22,"turns":6},{"damage":68,"enemies":"Gremlin Leader","floor":24,"turns":11},{"damage":11,"enemies":"Cultist and Chosen","floor":29,"turns":6},{"damage":6,"enemies":"Centurion and Healer","floor":31,"turns":4},{"damage":34,"enemies":"Collector","floor":33,"turns":9},{"damage":11,"enemies":"3 Shapes","floor":35,"turns":5},{"damage":6,"enemies":"3 Darklings","floor":37,"turns":3},{"damage":0,"enemies":"Sphere and 2 Shapes","floor":39,"turns":3},{"damage":55,"enemies":"Nemesis","floor":40,"turns":7},{"damage":42,"enemies":"Reptomancer","floor":42,"turns":3}],"seed_played":"-1206282037671324059","potions_obtained":[{"floor":1,"key":"AttackPotion"},{"floor":3,"key":"Fire Potion"},{"floor":7,"key":"FairyPotion"},{"floor":14,"key":"SteroidPotion"},{"floor":19,"key":"AttackPotion"},{"floor":21,"key":"BlessingOfTheForge"},{"floor":31,"key":"Swift Potion"},{"floor":35,"key":"FearPotion"},{"floor":37,"key":"Regen Potion"},{"floor":38,"key":"DistilledChaos"},{"floor":39,"key":"SteroidPotion"}],"is_trial":false,"path_per_floor":["M","M","M","$","M","R","E","M","T","M","?","R","E","M","R","B",null,"M","M","?","M","M","R","E","?","T","$","?","M","R","M","R","B",null,"M","?","M","?","M","E","R","E"],"character_chosen":"IRONCLAD","items_purchased":["Shrug It Off","Heavy Blade","SkillPotion"],"campfire_rested":1,"item_purchase_floors":[4,27,27],"current_hp_per_floor":[80,80,80,80,80,80,58,53,53,59,59,59,64,60,60,37,80,77,80,80,75,72,72,10,24,24,24,24,19,43,43,43,40,80,75,75,75,75,80,31,31,0,0],"gold":55,"neow_bonus":"REMOVE_CARD","is_daily":false,"chose_seed":false,"campfire_upgraded":6,"win_rate":0.0,"timestamp":1614395385,"path_taken":["M","M","M","?","M","R","E","M","T","M","?","R","E","M","R","BOSS","M","M","?","M","M","R","E","?","T","$","?","M","R","M","R","BOSS","M","?","M","?","M","E","R","E"],"items_purchased_type":["Card","Card","Potion"],"build_version":"2020-12-22","purchased_purges":2,"victory":false,"max_hp_per_floor":[80,80,80,80,80,80,80,80,80,80,80,80,80,80,80,80,80,80,80,80,80,80,80,80,80,80,80,80,80,80,80,80,80,80,80,80,80,80,80,80,80,80,80],"relic_stats":{"counters":[23,114],"Bronze Scales":[262],"Pantograph":25,"Pandora\u0027s Box":["Warcry","Shrug It Off","Immolate"],"Black Star":2,"Kunai":[13],"Boot":[3],"obtain_stats":[{"HornCleat":9,"Bronze Scales":7,"Pantograph":24,"Enchiridion":25,"Pandora\u0027s Box":34,"Black Star":17,"Red Mask":36,"Kunai":13,"Ancient Tea Set":24,"Boot":40,"Burning Blood":0,"TungstenRod":40},{"HornCleat":6,"Bronze Scales":5,"Pantograph":15,"Enchiridion":15,"Pandora\u0027s Box":18,"Black Star":10,"Red Mask":19,"Kunai":8,"Ancient Tea Set":15,"Boot":22,"Burning Blood":0,"TungstenRod":22},{"HornCleat":21,"Bronze Scales":18,"Pantograph":74,"Enchiridion":74,"Pandora\u0027s Box":93,"Black Star":45,"Red Mask":98,"Kunai":31,"Ancient Tea Set":74,"Boot":111,"Burning Blood":0,"TungstenRod":111}],"Burning Blood":126,"TungstenRod":3},"card_choices":[{"not_picked":["Havoc","Warcry"],"picked":"Spot Weakness","floor":1},{"not_picked":["Shrug It Off","True Grit"],"picked":"Pommel Strike","floor":2},{"not_picked":["Armaments","Sentinel"],"picked":"Twin Strike","floor":3},{"not_picked":["Fire Breathing","Whirlwind"],"picked":"Metallicize","floor":5},{"not_picked":["Sever Soul","Dark Embrace","Carnage"],"picked":"SKIP","floor":7},{"not_picked":["Wild Strike","Perfected Strike"],"picked":"Inflame","floor":8},{"not_picked":["Body Slam","Thunderclap"],"picked":"Intimidate","floor":10},{"not_picked":["Second Wind","Searing Blow"],"picked":"Sword Boomerang","floor":13},{"not_picked":["Warcry","Rupture"],"picked":"Metallicize","floor":14},{"not_picked":["Bludgeon","Juggernaut"],"picked":"Double Tap","floor":16},{"not_picked":["Perfected Strike","Dark Embrace+1"],"picked":"Feel No Pain+1","floor":18},{"not_picked":["Second Wind","Iron Wave"],"picked":"Shockwave","floor":19},{"not_picked":["Evolve","Thunderclap","Cleave"],"picked":"SKIP","floor":21},{"not_picked":["Clash","Battle Trance+1"],"picked":"Rage+1","floor":22},{"not_picked":["Twin Strike","Havoc"],"picked":"Wild Strike+1","floor":24},{"not_picked":["Hemokinesis+1","Headbutt"],"picked":"Iron Wave","floor":29},{"not_picked":["Hemokinesis","Sever Soul"],"picked":"Warcry","floor":31},{"not_picked":["Impervious","Berserk"],"picked":"Fiend Fire","floor":33},{"not_picked":["Wild Strike+1","Searing Blow+1"],"picked":"Shrug It Off+1","floor":35},{"not_picked":["Wild Strike+1","Ghostly Armor"],"picked":"Body Slam+1","floor":37},{"not_picked":["Pommel Strike","Sword Boomerang"],"picked":"Inflame+1","floor":39},{"not_picked":["Feel No Pain+1","Uppercut"],"picked":"Rampage","floor":40}],"player_experience":144677,"relics_obtained":[{"floor":7,"key":"Bronze Scales"},{"floor":9,"key":"HornCleat"},{"floor":13,"key":"Kunai"},{"floor":24,"key":"Pantograph"},{"floor":24,"key":"Ancient Tea Set"},{"floor":25,"key":"Enchiridion"},{"floor":40,"key":"TungstenRod"},{"floor":40,"key":"Boot"}],"event_choices":[{"cards_removed":["Strike_R"],"damage_healed":0,"gold_gain":0,"player_choice":"Card Removal","damage_taken":0,"max_hp_gain":0,"max_hp_loss":0,"event_name":"The Cleric","floor":11,"gold_loss":50},{"cards_removed":["Strike_R"],"damage_healed":0,"gold_gain":0,"player_choice":"Gave Gold","damage_taken":0,"max_hp_gain":0,"max_hp_loss":0,"event_name":"Beggar","floor":20,"gold_loss":75},{"damage_healed":0,"gold_gain":0,"player_choice":"Obtained Book","damage_taken":16,"max_hp_gain":0,"max_hp_loss":0,"event_name":"Cursed Tome","floor":25,"gold_loss":0},{"cards_removed":["Strike_R"],"damage_healed":0,"gold_gain":0,"player_choice":"Elegance","damage_taken":0,"max_hp_gain":0,"max_hp_loss":0,"event_name":"Back to Basics","floor":28,"gold_loss":0},{"damage_healed":0,"gold_gain":0,"player_choice":"Paid","damage_taken":0,"relics_obtained":["Red Mask"],"max_hp_gain":0,"max_hp_loss":0,"event_name":"Tomb of Lord Red Mask","floor":36,"gold_loss":147},{"damage_healed":0,"gold_gain":0,"player_choice":"Got Potions","damage_taken":0,"max_hp_gain":0,"max_hp_loss":0,"event_name":"Lab","floor":38,"gold_loss":0}],"is_beta":false,"boss_relics":[{"not_picked":["Busted Crown","Calling Bell"],"picked":"Black Star"},{"not_picked":["Sozu","Runic Dome"],"picked":"Pandora\u0027s Box"}],"items_purged_floors":[4,27],"is_endless":false,"potions_floor_spawned":[1,3,7,8,14,19,21,31,35,37,39],"killed_by":"Reptomancer","ascension_level":1}}