{"host":"9c9syrivwe4sfpe0","time":1614401853,"event":{"mods":["AchievementEnabler","BaseMod","Colored Powertips","DeckTracker","GifTheSpireLib","Highlight Path","Minty Spire (QoL Compilation)","Quick Restart","Random Character Button","StSLib","SuperFastMode"],"gold_per_floor":[112,112,128,128,17,17,42,3,3,14,24,43,53,70,70,173,173,186,186,186,198,198,198,198,13,13,63,63],"floor_reached":27,"language":"ENG","playtime":786,"items_purged":["Defend_P+1","Shame"],"score":377,"play_id":"e5a92572-6e2f-4a31-837a-af185096d4b4","local_time":"20210227155733","is_ascension_mode":true,"campfire_choices":[{"data":"Eruption","floor":6,"key":"SMITH"},{"floor":15,"key":"REST"},{"floor":23,"key":"REST"}],"circlet_count":0,"master_deck":["Strike_P","Strike_P","Strike_P","Strike_P","Defend_P","Defend_P","Eruption+1","Vigilance+1","FollowUp","ConjureBlade","Sanctity","Indignation","ThirdEye","CarveReality","ForeignInfluence","Swivel","EmptyFist","FlurryOfBlows","Pray","Devotion","FlyingSleeves","Halt","BattleHymn+1","EmptyBody"],"relics":["PureWater","NeowsBlessing","Yang","Question Card","Black Star","Oddly Smooth Stone","Frozen Egg 2","SsserpentHead","Damaru"],"acts_visited":["Exordium","TheCity"],"potions_floor_usage":[11,13,16,18,24],"damage_taken":[{"damage":0,"enemies":"Cultist","floor":1,"turns":1},{"damage":0,"enemies":"2 Louse","floor":3,"turns":1},{"damage":0,"enemies":"Gremlin Nob","floor":7,"turns":1},{"damage":7,"enemies":"Jaw Worm","floor":10,"turns":3},{"damage":0,"enemies":"Exordium Wildlife","floor":11,"turns":2},{"damage":0,"enemies":"Large Slime","floor":12,"turns":3},{"damage":0,"enemies":"3 Louse","floor":13,"turns":2},{"damage":8,"enemies":"Lots of Slimes","floor":14,"turns":2},{"damage":0,"enemies":"Slime Boss","floor":16,"turns":5},{"damage":14,"enemies":"3 Byrds","floor":18,"turns":3},{"damage":33,"enemies":"Shell Parasite","floor":21,"turns":6},{"damage":0,"enemies":"Shelled Parasite and Fungi","floor":24,"turns":1},{"damage":42,"enemies":"3 Cultists","floor":27,"turns":5}],"seed_played":"3771462029791818673","potions_obtained":[{"floor":3,"key":"StancePotion"},{"floor":10,"key":"AttackPotion"},{"floor":12,"key":"LiquidBronze"},{"floor":13,"key":"FearPotion"},{"floor":21,"key":"SmokeBomb"}],"is_trial":false,"path_per_floor":["M","?","M","?","$","R","E","$","T","M","M","M","M","M","R","B",null,"M","?","?","M","?","R","M","$","T","M"],"character_chosen":"WATCHER","items_purchased":["Indignation","CarveReality","BattleHymn+1","EmptyBody"],"campfire_rested":2,"item_purchase_floors":[5,8,25,25],"current_hp_per_floor":[65,51,51,51,51,51,51,51,51,44,44,44,44,36,57,57,68,54,54,54,21,21,42,42,42,42,0,0],"gold":63,"neow_bonus":"THREE_ENEMY_KILL","is_daily":false,"chose_seed":false,"campfire_upgraded":1,"win_rate":0.0,"timestamp":1614401853,"path_taken":["M","?","M","?","?","R","E","$","T","?","M","M","M","M","R","BOSS","M","?","?","M","?","R","M","$","T","?"],"items_purchased_type":["Card","Card","Card","Card"],"build_version":"2020-12-22","purchased_purges":2,"victory":false,"max_hp_per_floor":[72,72,72,72,72,72,72,72,72,72,72,72,72,72,72,72,72,72,72,72,72,72,72,72,72,72,72,72],"card_choices":[{"not_picked":["JustLucky","Protect"],"picked":"FollowUp","floor":1},{"not_picked":["Weave","Tantrum"],"picked":"ConjureBlade","floor":3},{"not_picked":["Crescendo","JustLucky"],"picked":"ThirdEye","floor":7},{"not_picked":["Collect","EmptyFist","Evaluate"],"picked":"ForeignInfluence","floor":10},{"not_picked":["Consecrate","EmptyBody","Evaluate"],"picked":"Swivel","floor":11},{"not_picked":["Protect","Nirvana","Wireheading"],"picked":"EmptyFist","floor":12},{"not_picked":["EmptyBody","Wireheading","SignatureMove"],"picked":"FlurryOfBlows","floor":13},{"not_picked":["Prostrate","FollowUp","DeceiveReality"],"picked":"Pray","floor":14},{"not_picked":["Alpha","Wish","Establishment"],"picked":"Devotion","floor":16},{"not_picked":["SashWhip","CutThroughFate+1","PathToVictory+1"],"picked":"FlyingSleeves","floor":18},{"not_picked":["WaveOfTheHand","ThirdEye","Prostrate"],"picked":"Halt","floor":21}],"player_experience":871116,"relics_obtained":[{"floor":7,"key":"Yang"},{"floor":9,"key":"Question Card"},{"floor":26,"key":"Damaru"}],"event_choices":[{"damage_healed":0,"gold_gain":0,"player_choice":"Entered Light","damage_taken":14,"max_hp_gain":0,"max_hp_loss":0,"event_name":"Shining Light","floor":2,"gold_loss":0,"cards_upgraded":["Defend_P","Vigilance"]},{"damage_healed":0,"gold_gain":0,"cards_transformed":["Defend_P"],"player_choice":"Change","damage_taken":0,"max_hp_gain":0,"max_hp_loss":0,"event_name":"Living Wall","floor":4,"gold_loss":0,"cards_obtained":["Sanctity"]},{"damage_healed":0,"gold_gain":0,"player_choice":"Stole Relic","damage_taken":0,"relics_obtained":["Oddly Smooth Stone"],"max_hp_gain":0,"max_hp_loss":0,"event_name":"Addict","floor":19,"gold_loss":0,"cards_obtained":["Shame"]},{"damage_healed":0,"gold_gain":0,"player_choice":"Opened","damage_taken":0,"relics_obtained":["Frozen Egg 2"],"max_hp_gain":0,"max_hp_loss":0,"event_name":"The Mausoleum","floor":20,"gold_loss":0},{"damage_healed":0,"gold_gain":0,"player_choice":"Trade","damage_taken":0,"relics_obtained":["SsserpentHead"],"max_hp_gain":0,"max_hp_loss":0,"event_name":"FaceTrader","floor":22,"gold_loss":0}],"is_beta":false,"boss_relics":[{"not_picked":["Philosopher\u0027s Stone","Astrolabe"],"picked":"Black Star"}],"items_purged_floors":[5,25],"is_endless":false,"potions_floor_spawned":[3,10,12,13,21],"killed_by":"3 Cultists","ascension_level":6}}