{"host":"ecvfachamqf62ewl","time":1614398277,"event":{"mods":["AchievementEnabler","BaseMod","Colored Map","Colored Powertips","Minty Spire (QoL Compilation)","Rare Cards Sparkle","Relic Stats","StSLib","SuperFastMode"],"gold_per_floor":[116,136,136,148,165,165,193,193,193,223,237,257,268,288,288,392,392,407,418,343,370,370,370],"floor_reached":22,"language":"ENG","playtime":1540,"items_purged":["Strike_B"],"score":200,"play_id":"cbe9abdd-016d-4577-9477-c08703fbd332","local_time":"20210226225757","is_ascension_mode":false,"campfire_choices":[{"data":"Conserve Battery","floor":6.0,"key":"SMITH"},{"data":"Hologram","floor":8.0,"key":"SMITH"},{"floor":15.0,"key":"REST"}],"circlet_count":0,"master_deck":["Strike_B","Strike_B","Defend_B","Defend_B","Defend_B","Defend_B","Zap","Dualcast","Conserve Battery+1","Defend_R","Hologram+1","Static Discharge","Cold Snap","Genetic Algorithm","Genetic Algorithm","Consume","Go for the Eyes","Creative AI","Glacier","Turbo","Compile Driver"],"relics":["Cracked Core","Red Mask"],"acts_visited":["Exordium","TheCity"],"potions_floor_usage":[21,22,22],"damage_taken":[{"damage":6.0,"enemies":"Jaw Worm","floor":1.0,"turns":3.0},{"damage":1.0,"enemies":"Cultist","floor":2.0,"turns":3.0},{"damage":1.0,"enemies":"2 Louse","floor":4.0,"turns":2.0},{"damage":2.0,"enemies":"2 Fungi Beasts","floor":5.0,"turns":4.0},{"damage":13.0,"enemies":"3 Sentries","floor":7.0,"turns":6.0},{"damage":26.0,"enemies":"Gremlin Nob","floor":10.0,"turns":5.0},{"damage":2.0,"enemies":"Red Slaver","floor":11.0,"turns":4.0},{"damage":4.0,"enemies":"Looter","floor":12.0,"turns":4.0},{"damage":9.0,"enemies":"Blue Slaver","floor":13.0,"turns":4.0},{"damage":0.0,"enemies":"2 Fungi Beasts","floor":14.0,"turns":6.0},{"damage":32.0,"enemies":"Hexaghost","floor":16.0,"turns":11.0},{"damage":33,"enemies":"Spheric Guardian","floor":18,"turns":8},{"damage":10,"enemies":"Shell Parasite","floor":19,"turns":60},{"damage":34,"enemies":"Masked Bandits","floor":21,"turns":7},{"damage":5,"enemies":"Sentry and Sphere","floor":22,"turns":7}],"seed_played":"4075134542390772005","potions_obtained":[{"floor":1.0,"key":"EssenceOfDarkness"},{"floor":4.0,"key":"PotionOfCapacity"},{"floor":5.0,"key":"LiquidBronze"},{"floor":11.0,"key":"Fire Potion"},{"floor":14.0,"key":"EssenceOfSteel"},{"floor":16.0,"key":"SpeedPotion"},{"floor":18,"key":"LiquidBronze"}],"is_trial":false,"path_per_floor":["M","M","?","M","M","R","E","R","T","E","M","M","M","M","R","B",null,"M","M","$","?","M"],"character_chosen":"DEFECT","items_purchased":[],"campfire_rested":1,"item_purchase_floors":[],"current_hp_per_floor":[76,75,75,74,72,72,59,59,59,33,31,27,18,18,42,10,82,49,39,39,5,0,0],"gold":370,"neow_bonus":"TEN_PERCENT_HP_BONUS","is_daily":false,"chose_seed":false,"campfire_upgraded":2,"win_rate":0.0,"timestamp":1614398277,"path_taken":["M","M","?","M","M","R","E","R","T","E","M","M","M","?","R","BOSS","M","M","$","?","M"],"items_purchased_type":[],"build_version":"2020-12-22","purchased_purges":1,"victory":false,"max_hp_per_floor":[82,82,82,82,82,82,82,82,82,82,82,82,82,82,82,82,82,82,82,82,82,82,82],"relic_stats":{"counters":[15,134],"obtain_stats":[{"Red Mask":21,"Cracked Core":0},{"Red Mask":14,"Cracked Core":0},{"Red Mask":127,"Cracked Core":0}]},"card_choices":[{"not_picked":["Beam Cell","Stack","Blizzard"],"picked":"SKIP","floor":1.0},{"not_picked":["Gash","Beam Cell"],"picked":"Conserve Battery","floor":2.0},{"not_picked":["Gash","Capacitor"],"picked":"Hologram","floor":4.0},{"not_picked":["Redo","Reinforced Body"],"picked":"Static Discharge","floor":5.0},{"not_picked":["Streamline","Gash"],"picked":"Cold Snap","floor":7.0},{"not_picked":["Hello World","Steam"],"picked":"Genetic Algorithm","floor":10.0},{"not_picked":["Streamline","Stack"],"picked":"Genetic Algorithm","floor":11.0},{"not_picked":["Auto Shields","Beam Cell","Chaos"],"picked":"SKIP","floor":12.0},{"not_picked":["Amplify","Self Repair"],"picked":"Consume","floor":13.0},{"not_picked":["Sweeping Beam","Turbo"],"picked":"Go for the Eyes","floor":14.0},{"not_picked":["Fission","Meteor Strike"],"picked":"Creative AI","floor":16.0},{"not_picked":["Compile Driver","Gash"],"picked":"Glacier","floor":18},{"not_picked":["Sweeping Beam","Cold Snap"],"picked":"Turbo","floor":19},{"not_picked":["Skim","Go for the Eyes+1"],"picked":"Compile Driver","floor":21}],"player_experience":458472,"relics_obtained":[{"floor":21,"key":"Red Mask"}],"event_choices":[{"cards_removed":["Strike_B"],"damage_healed":0.0,"max_hp_gain":0.0,"max_hp_loss":0.0,"gold_gain":0.0,"event_name":"NoteForYourself","player_choice":"Took Card","floor":3.0,"gold_loss":0.0,"damage_taken":0.0,"cards_obtained":["Defend_R"]},{"damage_healed":0,"gold_gain":0,"player_choice":"Fought Bandits","damage_taken":0,"max_hp_gain":0,"max_hp_loss":0,"event_name":"Masked Bandits","floor":21,"gold_loss":0}],"is_beta":false,"boss_relics":[{"not_picked":[]}],"items_purged_floors":[20],"is_endless":false,"potions_floor_spawned":[1,4,5,11,14,16,18],"killed_by":"Sentry and Sphere","ascension_level":0}}