{"host":"ujw6l3a2nhn97ib9","time":1614391740,"event":{"mods":["BaseMod","Hermit","Koishi","Lobotomy","Minty Spire (QoL Compilation)","Replay The Spire","StSLib","The Bug Knight","The Cursed","The Dragon Tamer","The Hierophant","The Jungle","The Poker Player","The Runesmith"],"gold_per_floor":[115,40,56,56,75,100,100,130,130,130,157,157,157,188,188,283,283,301,327,327,447,447,447,472,522,522,522,522,343,355,380,380,479,479,499,499,499,510,525,525,588,588,588,258,108,118,118,131,131,131],"floor_reached":51,"language":"KOR","playtime":2306,"items_purged":["hermit:Defend_Hermit","hermit:Defend_Hermit","hermit:DeadOrAlive+1","hermit:Strike_Hermit+1"],"score":862,"play_id":"75e1a562-50a8-4930-bd75-2dbb865784b5","local_time":"20210227110900","is_ascension_mode":false,"campfire_choices":[{"data":"hermit:Deadeye","floor":10.0,"key":"SMITH"},{"data":"hermit:Strike_Hermit","floor":12.0,"key":"SMITH"},{"data":"hermit:Ricochet","floor":15.0,"key":"SMITH"},{"data":"hermit:BigShot","floor":23.0,"key":"SMITH"},{"data":"hermit:Enervate","floor":32.0,"key":"SMITH"},{"data":"hermit:DeadOrAlive","floor":40.0,"key":"SMITH"},{"data":"hermit:Strike_Hermit","floor":42.0,"key":"SMITH"},{"floor":49,"key":"REST"}],"circlet_count":0,"master_deck":["hermit:Strike_Hermit+1","hermit:Strike_Hermit+1","hermit:Snapshot+1","hermit:Glare+1","hermit:Horror+1","hermit:BodyArmor+1","hermit:Deadeye+1","hermit:EyeOfTheStorm+1","hermit:Ricochet+1","hermit:Combo+1","hermit:BigShot+1","hermit:Enervate+1","hermit:EyeOfTheStorm+1"],"relics":["Astrolabe","Toxic Egg 2","Juzu Bracelet","Snack Pack","Bird Faced Urn","Mummified Hand","SlaversCollar","theJungle:BirthdayCake","theJungle:WildMango","Oddly Smooth Stone","ReplayTheSpireMod:Ninjato","Potion Belt","Replay:Wax Seal","Letter Opener","hermit:BartenderGlass","Bag of Marbles","Whetstone"],"acts_visited":["Exordium","Exordium","TheBeyond"],"potions_floor_usage":[50,50,50,50,50,50],"damage_taken":[{"damage":0.0,"enemies":"Jaw Worm","floor":1.0,"turns":2.0},{"damage":6.0,"enemies":"Cultist","floor":3.0,"turns":3.0},{"damage":0.0,"enemies":"Small Slimes","floor":5.0,"turns":2.0},{"damage":18.0,"enemies":"3 Sentries","floor":6.0,"turns":9.0},{"damage":15.0,"enemies":"Lagavulin","floor":8.0,"turns":4.0},{"damage":10.0,"enemies":"3 Sentries","floor":11.0,"turns":6.0},{"damage":8.0,"enemies":"Lagavulin","floor":14.0,"turns":4.0},{"damage":20.0,"enemies":"The Guardian","floor":16.0,"turns":6.0},{"damage":16.0,"enemies":"theJungle:GiantWrat","floor":18.0,"turns":3.0},{"damage":5.0,"enemies":"theJungle:Flameango_and_Byrd","floor":19.0,"turns":2.0},{"damage":0.0,"enemies":"theJungle:2_Phrogs","floor":24.0,"turns":1.0},{"damage":0.0,"enemies":"theJungle:2_Snecko_Cultists","floor":30.0,"turns":2.0},{"damage":14.0,"enemies":"theJungle:Cassacara","floor":31.0,"turns":3.0},{"damage":24.0,"enemies":"theJungle:TotemBoss","floor":33.0,"turns":3.0},{"damage":17.0,"enemies":"3 Darklings","floor":35.0,"turns":3.0},{"damage":2.0,"enemies":"3 Shapes","floor":38.0,"turns":2.0},{"damage":0.0,"enemies":"Maw","floor":39.0,"turns":4.0},{"damage":6.0,"enemies":"R_Hoarder","floor":41.0,"turns":4.0},{"damage":2.0,"enemies":"Transient","floor":46.0,"turns":5.0},{"damage":15,"enemies":"Writhing Mass","floor":48,"turns":3},{"damage":73,"enemies":"Time Eater","floor":50,"turns":6}],"seed_played":"7158140022576849989","potions_obtained":[{"floor":3.0,"key":"Explosive Potion"},{"floor":6.0,"key":"LiquidMemories"},{"floor":11.0,"key":"Weak Potion"},{"floor":18.0,"key":"hermit:Tonic"},{"floor":30.0,"key":"PowerPotion"},{"floor":33.0,"key":"Swift Potion"},{"floor":39.0,"key":"Block Potion"},{"floor":41.0,"key":"LiquidMemories"},{"floor":46.0,"key":"AttackPotion"}],"is_trial":false,"path_per_floor":["M","$","M","?","M","E","?","E","T","R","E","R","?","E","R","B",null,"M","M","?","?","?","R","E","?","T","?","T","$","M","E","R","B",null,"M","?","?","M","M","R","E","R","T","$","$","M","?","M","R","B",null],"character_chosen":"HERMIT","items_purchased":["Replay:Wax Seal","EntropicBrew","EntropicBrew"],"campfire_rested":1,"item_purchase_floors":[29,44,44],"current_hp_per_floor":[75,75,69,54,54,36,75,60,60,60,54,54,47,41,41,27,75,59,60,80,66,80,80,90,75,75,75,75,75,81,75,75,69,109,98,98,98,102,109,109,107,107,107,107,107,107,107,98,109,44],"gold":131,"neow_bonus":"BOSS_RELIC","is_daily":false,"chose_seed":false,"campfire_upgraded":7,"win_rate":0.0,"timestamp":1614391740,"path_taken":["M","$","M","?","M","E","?","E","T","R","E","R","?","E","R","BOSS","M","M","?","?","?","R","E","?","T","?","?","$","M","E","R","BOSS","M","?","?","M","M","R","E","R","T","?","$","M","?","M","R","BOSS"],"items_purchased_type":["Relic","Potion","Potion"],"build_version":"2020-12-22","purchased_purges":4,"victory":true,"max_hp_per_floor":[75,75,75,75,75,75,75,75,75,75,75,75,75,75,75,75,75,75,75,95,95,109,109,109,109,109,109,109,109,109,109,109,109,109,109,109,109,109,109,109,109,109,109,109,109,109,109,109,109,109],"card_choices":[{"not_picked":["hermit:TrackingShot","hermit:CalledShot","hermit:LuckOfTheDraw"],"picked":"SKIP","floor":1.0},{"not_picked":["hermit:FullyLoaded","hermit:Manifest","hermit:Feint"],"picked":"SKIP","floor":3.0},{"not_picked":["hermit:CursedWeapon","hermit:Glare","hermit:Quickdraw"],"picked":"SKIP","floor":5.0},{"not_picked":["hermit:Magnum","hermit:ItchyTrigger"],"picked":"hermit:BodyArmor+1","floor":6.0},{"not_picked":["hermit:Scavenge+1","hermit:Desperado"],"picked":"hermit:Deadeye","floor":8.0},{"not_picked":["hermit:Brawl","hermit:Malice"],"picked":"hermit:EyeOfTheStorm+1","floor":11.0},{"not_picked":["hermit:Cheat+1","hermit:BodyArmor+1"],"picked":"hermit:Ricochet","floor":14.0},{"not_picked":["hermit:Magnum","hermit:EternalForm"],"picked":"hermit:DeadOrAlive","floor":16.0},{"not_picked":["hermit:WideOpen","hermit:SprayPray"],"picked":"hermit:Combo+1","floor":18.0},{"not_picked":["hermit:Snipe+1","hermit:HighCaliber"],"picked":"hermit:BigShot","floor":19.0},{"not_picked":["hermit:Glare+1","hermit:Malice+1"],"picked":"hermit:Enervate","floor":24.0},{"not_picked":["hermit:Roulette","hermit:Brawl","hermit:Ricochet"],"picked":"SKIP","floor":30.0},{"not_picked":["hermit:Scavenge+1","hermit:LoneWolf+1","hermit:SprayPray+1"],"picked":"SKIP","floor":31.0},{"not_picked":["hermit:GhostlyPresence+1","hermit:Manifest+1","hermit:Scavenge+1"],"picked":"SKIP","floor":35.0},{"not_picked":["hermit:Ricochet+1","hermit:Grudge","hermit:Malice+1"],"picked":"SKIP","floor":38.0},{"not_picked":["hermit:TrackingShot+1","hermit:Midnight+1"],"picked":"hermit:EyeOfTheStorm+1","floor":39.0},{"not_picked":["hermit:BlackWind","hermit:Spite","hermit:HoleUp+1"],"picked":"SKIP","floor":41.0},{"not_picked":["hermit:TrackingShot+1","hermit:Determination","hermit:Misfire"],"picked":"SKIP","floor":46.0},{"not_picked":["hermit:Misfire","hermit:Feint+1","hermit:ItchyTrigger"],"picked":"SKIP","floor":48}],"player_experience":495422,"relics_obtained":[{"floor":6.0,"key":"Toxic Egg 2"},{"floor":8.0,"key":"Juzu Bracelet"},{"floor":9.0,"key":"Snack Pack"},{"floor":11.0,"key":"Bird Faced Urn"},{"floor":14.0,"key":"Mummified Hand"},{"floor":24.0,"key":"Oddly Smooth Stone"},{"floor":26.0,"key":"ReplayTheSpireMod:Ninjato"},{"floor":28.0,"key":"Potion Belt"},{"floor":31.0,"key":"Letter Opener"},{"floor":41.0,"key":"Bag of Marbles"},{"floor":43.0,"key":"Whetstone"}],"event_choices":[{"damage_healed":0.0,"max_hp_gain":0.0,"max_hp_loss":0.0,"gold_gain":0.0,"event_name":"Shining Light","player_choice":"Entered Light","floor":4.0,"gold_loss":0.0,"damage_taken":15.0,"cards_upgraded":["hermit:Snapshot","hermit:Strike_Hermit"]},{"cards_removed":["hermit:TakeCover"],"damage_healed":39.0,"max_hp_gain":0.0,"max_hp_loss":0.0,"gold_gain":0.0,"event_name":"Bonfire Elementals","player_choice":"Offered Uncommon","floor":7.0,"gold_loss":0.0,"damage_taken":0.0},{"cards_removed":["hermit:Strike_Hermit"],"damage_healed":0.0,"max_hp_gain":0.0,"max_hp_loss":0.0,"gold_gain":0.0,"event_name":"Golden Wing","player_choice":"Card Removal","floor":13.0,"gold_loss":0.0,"damage_taken":7.0},{"damage_healed":0.0,"max_hp_gain":0.0,"max_hp_loss":0.0,"gold_gain":0.0,"event_name":"NoteForYourself","player_choice":"Ignored","floor":36.0,"gold_loss":0.0,"damage_taken":0.0},{"damage_healed":0.0,"max_hp_gain":0.0,"max_hp_loss":0.0,"gold_gain":0.0,"event_name":"Match and Keep!","player_choice":"0 cards matched","floor":37.0,"gold_loss":0.0,"damage_taken":0.0,"cards_obtained":[]}],"is_beta":false,"boss_relics":[{"not_picked":["Pandora\u0027s Box","Tiny House"],"picked":"SlaversCollar"},{"not_picked":["Calling Bell","Sozu"],"picked":"hermit:BartenderGlass"}],"items_purged_floors":[2,29,44,45],"is_endless":false,"potions_floor_spawned":[3,6,11,14,18,24,30,33,39,41,46],"ascension_level":0}}