{"host":"7qoz5gmva6til3yp","time":1614435388,"event":{"mods":["2.2 Compatiblity","AchievementEnabler","BaseMod","Minty Spire (QoL Compilation)","StSLib","SuperFastMode"],"gold_per_floor":[111,121,121,142,142,142,181,106,182,82,97,97,116,116,116,240,240,260,281,296,311,170,210,210,241,241,254,104,145,164,185,185,315,315,340,364,364,46,61,61,85,307,307,342,361,361,17,77,77,77],"floor_reached":51,"language":"KOR","playtime":1368,"items_purged":["Strike_P","Defend_P","Strike_P","Strike_P","Defend_P","Defend_P"],"score":869,"play_id":"d2746888-cd74-4c3c-b227-d22c7f82fcac","local_time":"20210227231628","is_ascension_mode":false,"campfire_choices":[{"data":"Eruption","floor":6.0,"key":"SMITH"},{"data":"PathToVictory","floor":12.0,"key":"SMITH"},{"data":"CrushJoints","floor":15.0,"key":"SMITH"},{"floor":24.0,"key":"REST"},{"floor":32.0,"key":"REST"},{"data":"Vigilance","floor":40.0,"key":"SMITH"},{"floor":46,"key":"DIG"},{"floor":49,"key":"REST"}],"circlet_count":0,"master_deck":["Defend_P","Eruption+1","Vigilance+1","PathToVictory+1","CrushJoints+1","ClearTheMind+1","PathToVictory+1","SashWhip+1","Halt+1","PathToVictory+1","Evaluate+1","PathToVictory+1","Evaluate+1"],"relics":["PureWater","Golden Idol","Blood Vial","Toxic Egg 2","Sozu","Orrery","Shuriken","Red Mask","Pocketwatch","HornCleat","Omamori","Calling Bell","MealTicket","Matryoshka","Prayer Wheel","Frozen Eye","Boot","Singing Bowl","Shovel","Akabeko","OrangePellets","Lizard Tail"],"acts_visited":["Exordium","TheCity","TheBeyond"],"potions_floor_usage":[],"damage_taken":[{"damage":0.0,"enemies":"Small Slimes","floor":1.0,"turns":2.0},{"damage":6.0,"enemies":"2 Louse","floor":2.0,"turns":3.0},{"damage":3.0,"enemies":"Jaw Worm","floor":4.0,"turns":3.0},{"damage":15.0,"enemies":"Lagavulin","floor":7.0,"turns":5.0},{"damage":0.0,"enemies":"Exordium Thugs","floor":11.0,"turns":2.0},{"damage":0.0,"enemies":"Blue Slaver","floor":13.0,"turns":2.0},{"damage":90.0,"enemies":"Slime Boss","floor":16.0,"turns":11.0},{"damage":2.0,"enemies":"3 Byrds","floor":18.0,"turns":5.0},{"damage":0.0,"enemies":"Chosen","floor":19.0,"turns":2.0},{"damage":16.0,"enemies":"Sentry and Sphere","floor":20.0,"turns":4.0},{"damage":16.0,"enemies":"Snake Plant","floor":21.0,"turns":2.0},{"damage":20.0,"enemies":"Book of Stabbing","floor":23.0,"turns":3.0},{"damage":0.0,"enemies":"Masked Bandits","floor":25.0,"turns":1.0},{"damage":7.0,"enemies":"3 Cultists","floor":27.0,"turns":3.0},{"damage":21.0,"enemies":"Slavers","floor":29.0,"turns":4.0},{"damage":7.0,"enemies":"Centurion and Healer","floor":30.0,"turns":5.0},{"damage":0.0,"enemies":"Shelled Parasite and Fungi","floor":31.0,"turns":3.0},{"damage":16.0,"enemies":"Automaton","floor":33.0,"turns":4.0},{"damage":5.0,"enemies":"3 Shapes","floor":35.0,"turns":4.0},{"damage":0.0,"enemies":"Orb Walker","floor":36.0,"turns":2.0},{"damage":0.0,"enemies":"Spire Growth","floor":39.0,"turns":3.0},{"damage":0,"enemies":"3 Darklings","floor":41,"turns":3},{"damage":8,"enemies":"Giant Head","floor":44,"turns":5},{"damage":40,"enemies":"4 Shapes","floor":45,"turns":4},{"damage":8,"enemies":"2 Orb Walkers","floor":48,"turns":3},{"damage":64,"enemies":"Awakened One","floor":50,"turns":9}],"seed_played":"3261857760865699341","potions_obtained":[{"floor":1.0,"key":"DuplicationPotion"},{"floor":13.0,"key":"SneckoOil"},{"floor":16.0,"key":"AttackPotion"}],"is_trial":false,"path_per_floor":["M","M","?","M","?","R","E","$","T","$","M","R","M","?","R","B",null,"M","M","M","M","$","E","R","?","T","M","$","E","M","M","R","B",null,"M","M","?","$","M","R","M","?","T","E","M","R","$","?","R","B",null],"character_chosen":"WATCHER","items_purchased":["Orrery","Frozen Eye","OrangePellets"],"campfire_rested":3,"item_purchase_floors":[22,38,47],"current_hp_per_floor":[79,73,54,51,44,44,29,29,29,29,31,31,33,38,38,20,84,82,84,68,54,54,36,61,63,63,58,58,39,34,36,61,47,84,79,81,81,84,84,84,84,84,84,78,42,42,57,53,80,18],"gold":77,"neow_bonus":"TEN_PERCENT_HP_BONUS","is_daily":false,"chose_seed":false,"campfire_upgraded":4,"win_rate":0.0,"timestamp":1614435388,"path_taken":["M","M","?","M","?","R","E","$","T","?","M","R","?","?","R","BOSS","M","M","M","M","$","E","R","?","T","M","$","E","M","M","R","BOSS","M","M","?","$","M","R","M","?","T","E","M","R","$","?","R","BOSS"],"items_purchased_type":["Relic","Relic","Relic"],"build_version":"2020-12-22","purchased_purges":6,"victory":true,"max_hp_per_floor":[79,79,79,79,79,79,79,79,79,79,79,79,79,84,84,84,84,84,84,84,84,84,84,84,84,84,84,84,84,84,84,84,84,84,84,84,84,84,84,84,84,84,84,86,88,88,88,90,90,90],"card_choices":[{"not_picked":["SandsOfTime","Halt","JustLucky"],"picked":"SKIP","floor":1.0},{"not_picked":["FlyingSleeves","EmptyFist","Evaluate"],"picked":"SKIP","floor":2.0},{"not_picked":["Sanctity","EmptyMind"],"picked":"PathToVictory","floor":4.0},{"not_picked":["Consecrate","ClearTheMind"],"picked":"CrushJoints","floor":7.0},{"not_picked":["Wallop","WaveOfTheHand+1","Protect+1"],"picked":"SKIP","floor":11.0},{"not_picked":["Protect+1","SashWhip"],"picked":"ClearTheMind+1","floor":13.0},{"not_picked":["BowlingBash","WindmillStrike"],"picked":"WheelKick","floor":18.0},{"not_picked":["EmptyBody+1","SashWhip","LessonLearned"],"picked":"SKIP","floor":19.0},{"not_picked":["FlyingSleeves","BowlingBash","EmptyFist"],"picked":"SKIP","floor":20.0},{"not_picked":["Crescendo+1","Indignation+1"],"picked":"PathToVictory+1","floor":21.0},{"not_picked":["ThirdEye+1","WheelKick","LikeWater"],"picked":"SKIP","floor":23.0},{"not_picked":["ThirdEye+1","WheelKick","LikeWater"],"picked":"SKIP","floor":23.0},{"not_picked":["ThirdEye+1","WheelKick","LikeWater"],"picked":"SKIP","floor":23.0},{"not_picked":["Vengeance+1","TalkToTheHand"],"picked":"SashWhip+1","floor":25.0},{"not_picked":["Conclude","SandsOfTime","Tantrum+1"],"picked":"SKIP","floor":27.0},{"not_picked":["FollowUp","Consecrate"],"picked":"Halt+1","floor":29.0},{"not_picked":["Evaluate+1","WindmillStrike+1"],"picked":"PathToVictory+1","floor":30.0},{"not_picked":["FollowUp","Fasting2","JustLucky"],"picked":"SKIP","floor":31.0},{"not_picked":["Crescendo+1","PathToVictory+1"],"picked":"Evaluate+1","floor":35.0},{"not_picked":["BowlingBash","CutThroughFate+1","Indignation+1"],"picked":"SKIP","floor":35.0},{"not_picked":["LikeWater","Protect+1","DeceiveReality+1"],"picked":"SKIP","floor":36.0},{"not_picked":["Protect+1","ThirdEye+1","Crescendo+1"],"picked":"SKIP","floor":36.0},{"not_picked":["PathToVictory+1","EmptyFist+1","WreathOfFlame+1"],"picked":"SKIP","floor":39.0},{"not_picked":["EmptyFist","Tantrum","BowlingBash"],"picked":"SKIP","floor":39.0},{"not_picked":["JustLucky+1","MasterReality"],"picked":"PathToVictory+1","floor":41},{"not_picked":["WindmillStrike","FollowUp","FlurryOfBlows+1"],"picked":"SKIP","floor":41},{"not_picked":["ClearTheMind+1","Conclude","Crescendo+1"],"picked":"Singing Bowl","floor":44},{"not_picked":["FlurryOfBlows","ClearTheMind+1","Worship+1"],"picked":"Singing Bowl","floor":45},{"not_picked":["FearNoEvil+1","BowlingBash"],"picked":"Evaluate+1","floor":45},{"not_picked":["DeceiveReality+1","BowlingBash","FlurryOfBlows+1"],"picked":"Singing Bowl","floor":48}],"player_experience":506763,"relics_obtained":[{"floor":7.0,"key":"Blood Vial"},{"floor":9.0,"key":"Toxic Egg 2"},{"floor":23.0,"key":"Shuriken"},{"floor":25.0,"key":"Red Mask"},{"floor":26.0,"key":"Pocketwatch"},{"floor":29.0,"key":"HornCleat"},{"floor":34.0,"key":"MealTicket"},{"floor":34.0,"key":"Matryoshka"},{"floor":34.0,"key":"Prayer Wheel"},{"floor":43,"key":"Boot"},{"floor":43,"key":"Singing Bowl"},{"floor":44,"key":"Shovel"},{"floor":46,"key":"Akabeko"},{"floor":48,"key":"Lizard Tail"}],"event_choices":[{"damage_healed":0.0,"max_hp_gain":0.0,"max_hp_loss":0.0,"gold_gain":0.0,"event_name":"Golden Idol","player_choice":"Take Damage","floor":3.0,"gold_loss":0.0,"damage_taken":19.0,"relics_obtained":["Golden Idol"]},{"cards_removed":["Strike_P"],"damage_healed":0.0,"max_hp_gain":0.0,"max_hp_loss":0.0,"gold_gain":0.0,"event_name":"Golden Wing","player_choice":"Card Removal","floor":5.0,"gold_loss":0.0,"damage_taken":7.0},{"damage_healed":0.0,"max_hp_gain":5.0,"max_hp_loss":0.0,"gold_gain":0.0,"event_name":"Big Fish","player_choice":"Donut","floor":14.0,"gold_loss":0.0,"damage_taken":0.0},{"damage_healed":0.0,"max_hp_gain":0.0,"max_hp_loss":0.0,"gold_gain":0.0,"event_name":"Masked Bandits","player_choice":"Fought Bandits","floor":25.0,"gold_loss":0.0,"damage_taken":0.0},{"damage_healed":0.0,"max_hp_gain":0.0,"max_hp_loss":0.0,"gold_gain":0.0,"event_name":"The Moai Head","player_choice":"Ignored","floor":37.0,"gold_loss":0.0,"damage_taken":0.0},{"damage_healed":0,"gold_gain":222,"player_choice":"Wore Mask","damage_taken":0,"max_hp_gain":0,"max_hp_loss":0,"event_name":"Tomb of Lord Red Mask","floor":42,"gold_loss":0},{"damage_healed":0,"gold_gain":0,"player_choice":"Fight","damage_taken":0,"max_hp_gain":0,"max_hp_loss":0,"event_name":"Mysterious Sphere","floor":48,"gold_loss":0}],"is_beta":false,"boss_relics":[{"not_picked":["VioletLotus","Runic Pyramid"],"picked":"Sozu"},{"not_picked":["Runic Dome","Busted Crown"],"picked":"Calling Bell"}],"items_purged_floors":[8,10,22,28,38,47],"is_endless":false,"potions_floor_spawned":[1,13,16,18,19,21,31,33,35,41],"ascension_level":0}}