{"host":"i29s15dsg0c43zmx","time":1614434005,"event":{"mods":["AchievementEnabler","BaseMod","Colored Map","Colored Powertips","Highlight Path","Minty Spire (QoL Compilation)","StSLib"],"gold_per_floor":[115,115,126,46,46,73,73,101,101,113,113],"floor_reached":10,"language":"ENG","playtime":341,"items_purged":[],"score":78,"play_id":"abb32765-c7be-4f34-a580-a3fa849c0a8f","local_time":"20210227145325","is_ascension_mode":true,"campfire_choices":[{"data":"Chaos","floor":7,"key":"SMITH"}],"circlet_count":0,"master_deck":["Strike_B","Strike_B","Strike_B","Strike_B","Defend_B","Defend_B","Defend_B","Defend_B","Zap","Dualcast","Double Energy","Conserve Battery","Chaos+1","Regret","Defragment","Cold Snap"],"relics":["Cracked Core","White Beast Statue","Oddly Smooth Stone","Potion Belt","Boot","MawBank"],"acts_visited":["Exordium"],"potions_floor_usage":[],"damage_taken":[{"damage":3,"enemies":"Small Slimes","floor":1,"turns":3},{"damage":0,"enemies":"Cultist","floor":3,"turns":3},{"damage":33,"enemies":"Gremlin Nob","floor":6,"turns":5},{"damage":21,"enemies":"Lagavulin","floor":8,"turns":6},{"damage":20,"enemies":"3 Sentries","floor":10,"turns":7}],"seed_played":"6254755376559563820","potions_obtained":[{"floor":1,"key":"SkillPotion"},{"floor":3,"key":"FocusPotion"},{"floor":6,"key":"Block Potion"},{"floor":8,"key":"EssenceOfSteel"}],"is_trial":false,"path_per_floor":["M","?","M","$","?","E","R","E","T","E"],"character_chosen":"DEFECT","items_purchased":["Chaos"],"campfire_rested":0,"item_purchase_floors":[4],"current_hp_per_floor":[72,72,72,72,72,39,39,18,18,0,0],"gold":113,"neow_bonus":"ONE_RANDOM_RARE_CARD","is_daily":false,"chose_seed":false,"campfire_upgraded":1,"win_rate":0.0,"timestamp":1614434005,"path_taken":["M","?","M","?","?","E","R","E","T","E"],"items_purchased_type":["Card"],"build_version":"2020-12-22","purchased_purges":0,"victory":false,"max_hp_per_floor":[75,75,75,75,75,75,75,75,75,75,75],"card_choices":[{"not_picked":["Ball Lightning","Sunder"],"picked":"Double Energy","floor":1},{"not_picked":["Scrape","Sweeping Beam"],"picked":"Conserve Battery","floor":3},{"not_picked":["Steam","Beam Cell"],"picked":"Defragment","floor":6},{"not_picked":["Sweeping Beam","Biased Cognition"],"picked":"Cold Snap","floor":8}],"player_experience":151715,"relics_obtained":[{"floor":6,"key":"Potion Belt"},{"floor":8,"key":"Boot"},{"floor":9,"key":"MawBank"}],"event_choices":[{"cards_removed":["Biased Cognition"],"damage_healed":0,"gold_gain":0,"player_choice":"Gave Card","damage_taken":0,"relics_obtained":["White Beast Statue"],"max_hp_gain":0,"max_hp_loss":0,"event_name":"WeMeetAgain","floor":2,"gold_loss":0},{"damage_healed":0,"gold_gain":0,"player_choice":"Box","damage_taken":0,"relics_obtained":["Oddly Smooth Stone"],"max_hp_gain":0,"max_hp_loss":0,"event_name":"Big Fish","floor":5,"gold_loss":0,"cards_obtained":["Regret"]}],"is_beta":false,"boss_relics":[],"items_purged_floors":[],"is_endless":false,"potions_floor_spawned":[1,3,6,8],"killed_by":"3 Sentries","ascension_level":1}}