{"host":"99tfb11iqiu41jyj","time":1614422114,"event":{"mods":["2.2 Compatiblity","AchievementEnabler","BaseMod","Colored Powertips","Downfall","Infinite Spire","Minty Spire (QoL Compilation)","Morshu Shopkeeper - ENHANCED","Poor People Problems","Quick Restart","Reliquary","Replay The Spire","Spicy Shops","Spire Arcade","StSLib"],"gold_per_floor":[99,119,119,265,265,265,265,284,284,284,284,313,376,64,79,79,79,79],"floor_reached":16,"language":"ENG","playtime":1208,"items_purged":[],"score":101,"play_id":"3e9927fe-38dc-4972-8922-7967bdf22d72","local_time":"20210227103514","is_ascension_mode":true,"campfire_choices":[{"floor":9,"key":"REST"}],"circlet_count":0,"master_deck":["sneckomod:Strike","sneckomod:Strike+1","sneckomod:Strike","sneckomod:Defend","sneckomod:Defend+1","sneckomod:Defend+1","sneckomod:TailWhip","sneckomod:SnekBite","sneckomod:Unknown+1","sneckomod:Unknown","sneckomod:UnendingSupply+1","downfall:Malfunctioning","sneckomod:UnknownX","sneckomod:UnknownBoss","sneckomod:UnknownBoss","sneckomod:MasterEye","sneckomod:Rotation","sneckomod:DiceBoulder","sneckomod:WideSting","sneckomod:UnknownCommonSkill"],"relics":["sneckomod:SneckoSoul","Toy Ornithopter","Ginger","reliquary:TridentHead","Toolbox","Durian","Replay:Ringing Soul","Sundial","reliquary:Sideboard","Replay:PocketPolymizer","Replay:Towering Pillar of Hats"],"acts_visited":["Exordium"],"potions_floor_usage":[13,13,13],"damage_taken":[{"damage":9,"enemies":"Jaw Worm","floor":2,"turns":3},{"damage":2,"enemies":"downfall:FleeingMerchant","floor":4,"turns":4},{"damage":9,"enemies":"Cultist","floor":8,"turns":4},{"damage":45,"enemies":"3 Sentries","floor":12,"turns":10},{"damage":28,"enemies":"Gremlin Nob","floor":13,"turns":4},{"damage":15,"enemies":"downfall:FleeingMerchant","floor":14,"turns":4},{"damage":5,"enemies":"2 Louse","floor":15,"turns":2},{"damage":24,"enemies":"DF_ARCHETYPE_STREAMLINE","floor":16,"turns":3}],"seed_played":"728354222258214479","potions_obtained":[{"floor":2,"key":"Swift Potion"},{"floor":8,"key":"Reflective Coating"},{"floor":12,"key":"hexamod:SoulburnPotion"}],"is_trial":false,"path_per_floor":["R","M","?","$","?","?","T","M","R","?","?","E","?","$","M","B"],"character_chosen":"THE_SNECKO","items_purchased":["reliquary:TridentHead","Toolbox","Durian","sneckomod:UnknownBoss","sneckomod:MasterEye","Replay:Towering Pillar of Hats"],"campfire_rested":1,"item_purchase_floors":[4,4,4,4,4,14],"current_hp_per_floor":[78,69,69,72,72,72,72,66,95,95,95,53,40,28,23,0,0,0],"gold":79,"neow_bonus":"RANDOM_COMMON_RELIC","is_daily":false,"chose_seed":false,"campfire_upgraded":0,"win_rate":0.0,"timestamp":1614422114,"path_taken":["R","M","?","$","?","?","T","?","R","?","?","E","?","?","M","BOSS"],"items_purchased_type":["Relic","Relic","Relic","Card","Card","Relic"],"build_version":"2020-12-22","purchased_purges":0,"victory":false,"max_hp_per_floor":[90,90,90,95,95,95,95,98,98,98,98,101,101,104,104,104,104,104],"card_choices":[{"not_picked":["sneckomod:Unknown1Cost","sneckomod:Nope"],"picked":"sneckomod:UnendingSupply","floor":2},{"not_picked":["sneckomod:Memorize","sneckomod:UnknownUncommonAttack"],"picked":"sneckomod:UnknownX","floor":4},{"not_picked":["sneckomod:UnknownClassBLUE","sneckomod:DiceCrush"],"picked":"sneckomod:Rotation","floor":8},{"not_picked":["sneckomod:UnknownClassHEXA_GHOST_PURPLE","sneckomod:UnknownRarePower"],"picked":"sneckomod:DiceBoulder","floor":12},{"not_picked":["sneckomod:Nope","sneckomod:UnknownBlock"],"picked":"sneckomod:WideSting","floor":13},{"not_picked":["sneckomod:WideSting","sneckomod:UnknownClassINFINITE_BLACK"],"picked":"sneckomod:UnknownCommonSkill","floor":14},{"not_picked":["sneckomod:UnknownClassGREEN","sneckomod:UnknownClassHEXA_GHOST_PURPLE"],"picked":"sneckomod:SoulRoll","floor":15}],"player_experience":77016,"relics_obtained":[{"floor":5,"key":"Replay:Ringing Soul"},{"floor":7,"key":"Sundial"},{"floor":12,"key":"reliquary:Sideboard"},{"floor":13,"key":"Replay:PocketPolymizer"}],"event_choices":[{"damage_healed":0,"gold_gain":0,"player_choice":"Success","damage_taken":12,"relics_obtained":["Ginger"],"max_hp_gain":0,"max_hp_loss":0,"event_name":"Scrap Ooze","floor":1,"gold_loss":0},{"damage_healed":0,"gold_gain":0,"player_choice":"Grow","damage_taken":0,"max_hp_gain":0,"max_hp_loss":0,"event_name":"Living Wall","floor":11,"gold_loss":0,"cards_upgraded":["sneckomod:UnendingSupply"]}],"is_beta":false,"boss_relics":[],"items_purged_floors":[],"is_endless":false,"potions_floor_spawned":[2,8,12],"killed_by":"DF_ARCHETYPE_STREAMLINE","ascension_level":1}}