{"host":"s41rn2jhghpwfrvz","time":1614434037,"event":{"mods":["BaseMod","Minty Spire (QoL Compilation)","Quick Restart","Relic Stats","SuperFastMode"],"gold_per_floor":[115,115,390,405,420,420,447,460,460,493,505,533,553,565,565,637,637,657,582,582,582,606,641,641,674,674,706,308,323,352,627,627,706,706,716,444,444,461,163,192,192,219,273,273,298,323,355,34,34,34,34,34,34,34,69,69],"floor_reached":57,"language":"ENG","playtime":1926,"items_purged":["Cloak And Dagger","BootSequence","Regret","Dagger Throw"],"score":3574,"play_id":"c24d8b86-b87a-4c64-a132-b805bcf2b16e","local_time":"20210227155357","daily_mods":["SealedDeck","Diverse","Elite Swarm"],"is_ascension_mode":true,"campfire_choices":[{"data":"Blade Dance","floor":6,"key":"SMITH"},{"data":"TalkToTheHand","floor":15,"key":"SMITH"},{"data":"Scrawl","floor":24,"key":"SMITH"},{"data":"Exhume","floor":32,"key":"SMITH"},{"data":"Pommel Strike","floor":41,"key":"SMITH"},{"floor":44,"key":"RECALL"},{"data":"White Noise","floor":49,"key":"SMITH"},{"data":"DeusExMachina","floor":53,"key":"SMITH"}],"circlet_count":0,"master_deck":["AscendersBane","Reflex","Shrug It Off","Sweeping Beam","White Noise+1","Pommel Strike+1","Blade Dance+1","TalkToTheHand+1","Second Wind","After Image","Scrawl+1","DeusExMachina+1","Exhume+1","Doubt","Limit Break","Doubt","Limit Break","Decay"],"relics":["Burning Blood","Pocketwatch","Self Forming Clay","Ornamental Fan","Du-Vu Doll","Peace Pipe","Cursed Key","Enchiridion","Art of War","Incense Burner","Oddly Smooth Stone","Bottled Lightning","Paper Frog","TungstenRod","HornCleat","Busted Crown","TheAbacus","Medical Kit","Anchor","Molten Egg 2","Darkstone Periapt","Thread and Needle","Pear","OrangePellets","Mango"],"acts_visited":["Exordium","TheCity","TheBeyond","TheEnding"],"potions_floor_usage":[7,51,51,51,51,56],"damage_taken":[{"damage":0,"enemies":"Jaw Worm","floor":1,"turns":2},{"damage":0,"enemies":"Cultist","floor":4,"turns":3},{"damage":1,"enemies":"Small Slimes","floor":5,"turns":3},{"damage":22,"enemies":"Gremlin Nob","floor":7,"turns":4},{"damage":8,"enemies":"3 Louse","floor":8,"turns":4},{"damage":0,"enemies":"Lagavulin","floor":10,"turns":7},{"damage":10,"enemies":"Large Slime","floor":11,"turns":5},{"damage":14,"enemies":"3 Sentries","floor":12,"turns":7},{"damage":0,"enemies":"Looter","floor":13,"turns":3},{"damage":0,"enemies":"2 Fungi Beasts","floor":14,"turns":3},{"damage":14,"enemies":"The Guardian","floor":16,"turns":9},{"damage":21,"enemies":"Chosen","floor":18,"turns":5},{"damage":4,"enemies":"Slavers","floor":23,"turns":3},{"damage":0,"enemies":"Book of Stabbing","floor":25,"turns":2},{"damage":3,"enemies":"Gremlin Leader","floor":27,"turns":4},{"damage":0,"enemies":"2 Thieves","floor":29,"turns":3},{"damage":0,"enemies":"Book of Stabbing","floor":30,"turns":4},{"damage":0,"enemies":"Collector","floor":33,"turns":3},{"damage":0,"enemies":"3 Darklings","floor":35,"turns":3},{"damage":0,"enemies":"3 Shapes","floor":38,"turns":2},{"damage":0,"enemies":"Reptomancer","floor":40,"turns":4},{"damage":0,"enemies":"Nemesis","floor":42,"turns":5},{"damage":0,"enemies":"Giant Head","floor":45,"turns":3},{"damage":0,"enemies":"Mind Bloom Boss Battle","floor":46,"turns":2},{"damage":0,"enemies":"Reptomancer","floor":47,"turns":4},{"damage":4,"enemies":"Awakened One","floor":50,"turns":7},{"damage":52,"enemies":"Time Eater","floor":51,"turns":14},{"damage":0,"enemies":"Shield and Spear","floor":55,"turns":3},{"damage":11,"enemies":"The Heart","floor":56,"turns":6}],"seed_played":"-6431170666909179868","potions_obtained":[{"floor":1,"key":"SteroidPotion"},{"floor":4,"key":"Strength Potion"},{"floor":8,"key":"LiquidBronze"},{"floor":45,"key":"EntropicBrew"},{"floor":55,"key":"SkillPotion"}],"is_trial":true,"path_per_floor":["M","?","?","M","M","R","E","M","T","E","M","E","M","M","R","B",null,"M","?","?","?","T","E","R","E","T","E","$","M","E","?","R","B",null,"M","$","?","M","$","E","R","E","T","R","E","?","E","$","R","B","B",null,"R","$","E","B",null],"character_chosen":"IRONCLAD","items_purchased":["TungstenRod","TheAbacus","Medical Kit","OrangePellets"],"campfire_rested":0,"item_purchase_floors":[28,36,39,48],"current_hp_per_floor":[74,69,69,75,75,75,59,57,57,63,59,51,57,63,63,55,70,55,55,34,13,13,15,15,21,21,24,24,30,36,36,36,42,71,77,77,77,80,80,80,80,80,80,80,80,80,90,90,90,90,80,88,88,88,104,99],"gold":69,"neow_bonus":"","is_daily":false,"chose_seed":false,"campfire_upgraded":7,"win_rate":0.0,"timestamp":1614434037,"path_taken":["M","?","?","M","?","R","E","M","T","E","M","E","M","M","R","BOSS","M","?","?","?","?","E","R","E","T","E","$","M","E","?","R","BOSS","M","?","?","M","$","E","R","E","T","R","E","?","E","?","R","BOSS","BOSS","R","$","E","BOSS"],"items_purchased_type":["Relic","Relic","Relic","Relic"],"build_version":"2020-12-22","purchased_purges":4,"victory":true,"max_hp_per_floor":[75,75,75,75,75,75,75,75,75,75,75,75,75,75,75,75,75,75,75,75,80,80,80,80,80,80,80,80,80,80,80,80,80,80,80,80,80,80,80,80,80,80,80,80,80,80,90,90,90,90,90,90,90,90,104,104],"relic_stats":{"Darkstone Periapt":0,"counters":[29,127],"Self Forming Clay":[75],"Cursed Key":3,"Medical Kit":[5],"Burning Blood":130,"Peace Pipe":0,"OrangePellets":[3],"Busted Crown":16,"TheAbacus":[462],"Ornamental Fan":[500],"Art of War":[3],"obtain_stats":[{"Darkstone Periapt":45,"Enchiridion":20,"Mango":55,"Incense Burner":23,"Cursed Key":17,"Burning Blood":0,"HornCleat":30,"TheAbacus":36,"Paper Frog":27,"Pear":47,"Self Forming Clay":7,"Oddly Smooth Stone":25,"Thread and Needle":46,"Medical Kit":39,"Du-Vu Doll":10,"Peace Pipe":12,"OrangePellets":48,"Anchor":40,"Busted Crown":34,"Ornamental Fan":9,"Molten Egg 2":42,"Art of War":22,"Bottled Lightning":26,"TungstenRod":28,"Pocketwatch":2},{"Darkstone Periapt":23,"Enchiridion":12,"Mango":28,"Incense Burner":13,"Cursed Key":11,"Burning Blood":0,"HornCleat":17,"TheAbacus":19,"Paper Frog":15,"Pear":25,"Self Forming Clay":4,"Oddly Smooth Stone":14,"Thread and Needle":24,"Medical Kit":20,"Du-Vu Doll":6,"Peace Pipe":8,"OrangePellets":25,"Anchor":21,"Busted Crown":18,"Ornamental Fan":5,"Molten Egg 2":22,"Art of War":12,"Bottled Lightning":14,"TungstenRod":15,"Pocketwatch":1},{"Darkstone Periapt":91,"Enchiridion":55,"Mango":121,"Incense Burner":58,"Cursed Key":50,"Burning Blood":0,"HornCleat":71,"TheAbacus":77,"Paper Frog":64,"Pear":97,"Self Forming Clay":12,"Oddly Smooth Stone":60,"Thread and Needle":93,"Medical Kit":79,"Du-Vu Doll":23,"Peace Pipe":35,"OrangePellets":97,"Anchor":83,"Busted Crown":74,"Ornamental Fan":16,"Molten Egg 2":88,"Art of War":55,"Bottled Lightning":60,"TungstenRod":64,"Pocketwatch":2}],"TungstenRod":15,"Pocketwatch":[46]},"card_choices":[{"not_picked":["Halt","Headbutt"],"picked":"Second Wind","floor":1},{"not_picked":["Prostrate","Masterful Stab","Leg Sweep"],"picked":"SKIP","floor":4},{"not_picked":["Chaos","Glacier","Consume"],"picked":"SKIP","floor":5},{"not_picked":["Omniscience","Tools of the Trade"],"picked":"After Image","floor":7},{"not_picked":["Tantrum","Beam Cell","Steam"],"picked":"SKIP","floor":8},{"not_picked":["Omniscience","Core Surge"],"picked":"Scrawl","floor":10},{"not_picked":["Streamline","Anger","Twin Strike"],"picked":"SKIP","floor":11},{"not_picked":["Fiend Fire","Thunder Strike"],"picked":"DeusExMachina","floor":12},{"not_picked":["WheelKick","Cloak And Dagger","FearNoEvil"],"picked":"SKIP","floor":13},{"not_picked":["Wild Strike","Fasting2","Sever Soul"],"picked":"SKIP","floor":14},{"not_picked":["Doppelganger","Judgement"],"picked":"Exhume","floor":16},{"not_picked":["Pummel","Steam Power","Heel Hook"],"picked":"SKIP","floor":18},{"not_picked":["Fiend Fire","Wraith Form v2"],"picked":"Limit Break","floor":23},{"not_picked":["Doppelganger","Wraith Form v2","Echo Form"],"picked":"SKIP","floor":25},{"not_picked":["Omniscience","A Thousand Cuts","Corpse Explosion"],"picked":"SKIP","floor":27},{"not_picked":["CarveReality","Storm","JustLucky"],"picked":"SKIP","floor":29},{"not_picked":["Biased Cognition","Creative AI"],"picked":"Limit Break","floor":30},{"not_picked":["Steam"],"picked":"SKIP","floor":35},{"not_picked":["Prostrate"],"picked":"SKIP","floor":38},{"not_picked":["Meteor Strike"],"picked":"SKIP","floor":40},{"not_picked":["Brilliance+1"],"picked":"SKIP","floor":42},{"not_picked":["Bullet Time"],"picked":"SKIP","floor":45},{"not_picked":["Demon Form"],"picked":"SKIP","floor":47},{"not_picked":["All For One+1"],"picked":"SKIP","floor":55}],"player_experience":2050862,"relics_obtained":[{"floor":7,"key":"Self Forming Clay"},{"floor":9,"key":"Ornamental Fan"},{"floor":10,"key":"Du-Vu Doll"},{"floor":12,"key":"Peace Pipe"},{"floor":20,"key":"Enchiridion"},{"floor":22,"key":"Art of War"},{"floor":23,"key":"Incense Burner"},{"floor":25,"key":"Oddly Smooth Stone"},{"floor":26,"key":"Bottled Lightning"},{"floor":27,"key":"Paper Frog"},{"floor":30,"key":"HornCleat"},{"floor":40,"key":"Anchor"},{"floor":42,"key":"Molten Egg 2"},{"floor":45,"key":"Darkstone Periapt"},{"floor":46,"key":"Thread and Needle"},{"floor":47,"key":"Pear"},{"floor":55,"key":"Mango"}],"event_choices":[{"damage_healed":0,"gold_gain":0,"player_choice":"Success","damage_taken":5,"relics_obtained":["Pocketwatch"],"max_hp_gain":0,"max_hp_loss":0,"event_name":"Scrap Ooze","floor":2,"gold_loss":0},{"damage_healed":0,"gold_gain":275,"player_choice":"Desecrate","damage_taken":0,"max_hp_gain":0,"max_hp_loss":0,"event_name":"Golden Shrine","floor":3,"gold_loss":0,"cards_obtained":["Regret"]},{"cards_removed":["Regret"],"damage_healed":0,"gold_gain":0,"player_choice":"Gave Gold","damage_taken":0,"max_hp_gain":0,"max_hp_loss":0,"event_name":"Beggar","floor":19,"gold_loss":75},{"damage_healed":0,"gold_gain":0,"player_choice":"Obtained Book","damage_taken":21,"max_hp_gain":0,"max_hp_loss":0,"event_name":"Cursed Tome","floor":20,"gold_loss":0},{"damage_healed":0,"gold_gain":0,"player_choice":"Shed Blood","damage_taken":26,"max_hp_gain":5,"max_hp_loss":0,"event_name":"Forgotten Altar","floor":21,"gold_loss":0},{"damage_healed":0,"gold_gain":275,"player_choice":"Desecrate","damage_taken":0,"max_hp_gain":0,"max_hp_loss":0,"event_name":"Golden Shrine","floor":31,"gold_loss":0,"cards_obtained":["Regret"]},{"damage_healed":0,"gold_gain":0,"player_choice":"Ignored","damage_taken":0,"max_hp_gain":0,"max_hp_loss":0,"event_name":"Tomb of Lord Red Mask","floor":37,"gold_loss":0},{"damage_healed":0,"gold_gain":0,"player_choice":"Fight","damage_taken":0,"max_hp_gain":0,"max_hp_loss":0,"event_name":"MindBloom","floor":46,"gold_loss":0}],"is_beta":false,"boss_relics":[{"not_picked":["Tiny House","SacredBark"],"picked":"Cursed Key"},{"not_picked":["Velvet Choker","Runic Dome"],"picked":"Busted Crown"}],"items_purged_floors":[28,36,39,48],"is_endless":false,"potions_floor_spawned":[1,4,8,10,18,23,27,29,38,45,46,47,55],"ascension_level":20}}