{"host":"2rbn7ywmirq5y689","time":1614445265,"event":{"mods":["BaseMod","Bestiary","Colored Map","Colored Powertips","Highlight Path","Minty Spire (QoL Compilation)","Rare Cards Sparkle","Relic Stats","StSLib"],"gold_per_floor":[111,36,47,47,61,61,78,103,103,53,106,125,138,150,150,245,245,265,365,80,99,25,25,25],"floor_reached":23,"language":"ENG","playtime":1225,"items_purged":["Strike_R"],"score":262,"play_id":"d8ce2eff-da0f-4979-a23b-42078dfab3fc","local_time":"20210228010105","is_ascension_mode":true,"campfire_choices":[{"data":"Hemokinesis","floor":6,"key":"SMITH"},{"data":"Rupture","floor":15,"key":"SMITH"}],"circlet_count":0,"master_deck":["Strike_R","Strike_R","Strike_R","Defend_R","Defend_R","Defend_R","Defend_R","Bash","Twin Strike","Feel No Pain","Power Through","Hemokinesis+1","Reckless Charge","Reaper","Sentinel","Rupture+1","Corruption","Wild Strike","Inflame","Limit Break","Rupture"],"relics":["Burning Blood","NeowsBlessing","Mercury Hourglass","Darkstone Periapt","InkBottle","Nunchaku","Sozu"],"acts_visited":["Exordium","TheCity"],"potions_floor_usage":[16,16,21],"damage_taken":[{"damage":0,"enemies":"Small Slimes","floor":1,"turns":1},{"damage":0,"enemies":"Jaw Worm","floor":3,"turns":1},{"damage":0,"enemies":"2 Louse","floor":5,"turns":1},{"damage":6,"enemies":"Lots of Slimes","floor":7,"turns":3},{"damage":2,"enemies":"Gremlin Nob","floor":8,"turns":2},{"damage":2,"enemies":"2 Fungi Beasts","floor":12,"turns":2},{"damage":1,"enemies":"Looter","floor":13,"turns":3},{"damage":8,"enemies":"Blue Slaver","floor":14,"turns":3},{"damage":36,"enemies":"Slime Boss","floor":16,"turns":9},{"damage":21,"enemies":"2 Thieves","floor":18,"turns":4},{"damage":12,"enemies":"3 Byrds","floor":21,"turns":4},{"damage":71,"enemies":"Slavers","floor":23,"turns":3}],"seed_played":"3237624547563323780","potions_obtained":[{"floor":5,"key":"Swift Potion"},{"floor":7,"key":"Block Potion"},{"floor":12,"key":"Explosive Potion"}],"is_trial":false,"path_per_floor":["M","$","M","?","M","R","M","E","T","?","T","M","M","M","R","B",null,"M","?","$","M","$","E"],"character_chosen":"IRONCLAD","items_purchased":["Feel No Pain","Inflame","Limit Break","Rupture"],"campfire_rested":0,"item_purchase_floors":[2,20,20,22],"current_hp_per_floor":[80,80,80,77,80,80,80,80,80,80,80,80,80,78,78,48,80,65,65,65,59,59,0,0],"gold":25,"neow_bonus":"THREE_ENEMY_KILL","is_daily":false,"chose_seed":false,"campfire_upgraded":2,"win_rate":0.0,"timestamp":1614445265,"path_taken":["M","$","M","?","M","R","M","E","T","?","?","?","M","M","R","BOSS","M","?","$","?","$","E"],"items_purchased_type":["Card","Card","Card","Card"],"build_version":"2020-12-22","purchased_purges":1,"victory":false,"max_hp_per_floor":[80,80,80,80,80,80,80,80,80,80,80,80,80,80,80,80,80,80,80,80,80,80,80,80],"relic_stats":{"Darkstone Periapt":0,"Sozu":1,"Nunchaku":[5],"counters":[12,36],"obtain_stats":[{"Darkstone Periapt":8,"Sozu":17,"Nunchaku":11,"NeowsBlessing":0,"Burning Blood":0,"InkBottle":9,"Mercury Hourglass":4},{"Darkstone Periapt":5,"Sozu":9,"Nunchaku":5,"NeowsBlessing":0,"Burning Blood":0,"InkBottle":5,"Mercury Hourglass":2},{"Darkstone Periapt":8,"Sozu":25,"Nunchaku":8,"NeowsBlessing":0,"Burning Blood":0,"InkBottle":8,"Mercury Hourglass":2}],"Burning Blood":36,"InkBottle":[9],"Mercury Hourglass":[185]},"card_choices":[{"not_picked":["Cleave","Clash"],"picked":"Twin Strike","floor":1},{"not_picked":["Flex","Blood for Blood"],"picked":"Power Through","floor":3},{"not_picked":["Battle Trance","Armaments"],"picked":"Hemokinesis","floor":5},{"not_picked":["Burning Pact","Thunderclap"],"picked":"Reckless Charge","floor":7},{"not_picked":["Heavy Blade","Sever Soul"],"picked":"Reaper","floor":8},{"not_picked":["Body Slam","Clash"],"picked":"Sentinel","floor":12},{"not_picked":["Inflame","Metallicize"],"picked":"Rupture","floor":13},{"not_picked":["Clothesline","Carnage","Pommel Strike"],"picked":"SKIP","floor":14},{"not_picked":["Reaper","Double Tap"],"picked":"Corruption","floor":16},{"not_picked":["Headbutt","Ghostly Armor"],"picked":"Wild Strike","floor":18},{"not_picked":["Anger","Warcry","Clash"],"picked":"SKIP","floor":21}],"player_experience":238028,"relics_obtained":[{"floor":8,"key":"Darkstone Periapt"},{"floor":9,"key":"InkBottle"},{"floor":11,"key":"Nunchaku"}],"event_choices":[{"damage_healed":0,"gold_gain":0,"player_choice":"Success","damage_taken":3,"relics_obtained":["Mercury Hourglass"],"max_hp_gain":0,"max_hp_loss":0,"event_name":"Scrap Ooze","floor":4,"gold_loss":0},{"cards_removed":["Strike_R"],"damage_healed":0,"gold_gain":0,"player_choice":"Card Removal","damage_taken":0,"max_hp_gain":0,"max_hp_loss":0,"event_name":"The Cleric","floor":10,"gold_loss":50},{"damage_healed":0,"gold_gain":100,"player_choice":"Pray","damage_taken":0,"max_hp_gain":0,"max_hp_loss":0,"event_name":"Golden Shrine","floor":19,"gold_loss":0}],"is_beta":false,"boss_relics":[{"not_picked":["SacredBark","Ectoplasm"],"picked":"Sozu"}],"items_purged_floors":[20],"is_endless":false,"potions_floor_spawned":[5,7,12,18],"killed_by":"Slavers","ascension_level":4}}