{"host":"toh0bbw446wnuexf","time":1614395886,"event":{"mods":["BaseMod","Downfall","Hermit","Minty Spire (QoL Compilation)","Random Character Button","Robot Space Explorer","StSLib"],"gold_per_floor":[199,209,222,239,259,259,311,311,311,221,221,221,321,335,350,350,350,350],"floor_reached":16,"language":"ENG","playtime":1054,"items_purged":["bronze:Goto"],"score":101,"play_id":"c5752882-1ed6-41fc-b085-11c5369cd548","local_time":"20210227161806","is_ascension_mode":true,"campfire_choices":[{"data":"bronze:Replicate","floor":1,"key":"SMITH"},{"data":"bronze:Flail","floor":6,"key":"SMITH"},{"data":"bronze:DelayedGuard","floor":9,"key":"SMITH"},{"data":"bronze:ClassDefault","floor":12,"key":"SMITH"}],"circlet_count":0,"master_deck":["bronze:Strike","bronze:Strike","bronze:Strike","bronze:Strike","bronze:Defend","bronze:Defend","bronze:Defend","bronze:Defend","bronze:Replicate+1","bronze:DelayedGuard+1","bronze:Shield","bronze:Flail+1","bronze:ClassDefault+1","bronze:Branch"],"relics":["bronze:BronzeCore","Ancient Tea Set","Blood Vial"],"acts_visited":["Exordium"],"potions_floor_usage":[16],"damage_taken":[{"damage":2,"enemies":"Jaw Worm","floor":2,"turns":3},{"damage":7,"enemies":"2 Louse","floor":3,"turns":3},{"damage":0,"enemies":"Cultist","floor":4,"turns":4},{"damage":13,"enemies":"Large Slime","floor":5,"turns":4},{"damage":0,"enemies":"downfall:FleeingMerchant","floor":10,"turns":4},{"damage":13,"enemies":"Gremlin Gang","floor":14,"turns":7},{"damage":8,"enemies":"Blue Slaver","floor":15,"turns":4},{"damage":30,"enemies":"WA_ARCHETYPE_RETAIN","floor":16,"turns":7}],"seed_played":"-6047065247307824891","potions_obtained":[{"floor":5,"key":"champ:CounterPotion"},{"floor":14,"key":"Dexterity Potion"},{"floor":15,"key":"DistilledChaos"}],"is_trial":false,"path_per_floor":["R","M","M","M","M","R","T","?","R","$","?","R","?","M","M","B"],"character_chosen":"THE_AUTOMATON","items_purchased":[],"campfire_rested":0,"item_purchase_floors":[],"current_hp_per_floor":[70,68,61,61,48,48,48,48,48,48,45,45,45,34,28,0,0,0],"gold":350,"neow_bonus":"HUNDRED_GOLD","is_daily":false,"chose_seed":false,"campfire_upgraded":4,"win_rate":0.0,"timestamp":1614395886,"path_taken":["R","M","M","M","M","R","T","?","R","$","?","R","?","?","M","BOSS"],"items_purchased_type":[],"build_version":"2020-12-22","purchased_purges":1,"victory":false,"max_hp_per_floor":[70,70,70,70,70,70,70,70,70,70,70,70,70,70,70,70,70,70],"card_choices":[{"not_picked":["bronze:FineTuning","bronze:WildBeam"],"picked":"bronze:DelayedGuard","floor":2},{"not_picked":["bronze:Library","bronze:Branch"],"picked":"bronze:Shield","floor":3},{"not_picked":["bronze:Invalidate","bronze:BugBarrage"],"picked":"bronze:Flail","floor":4},{"not_picked":["bronze:BronzeArmor","bronze:BitShift"],"picked":"bronze:ClassDefault","floor":5},{"not_picked":["bronze:BronzeOrb","bronze:FineTuning","bronze:Constructor"],"picked":"SKIP","floor":10},{"not_picked":["bronze:Refactor","bronze:Shield"],"picked":"bronze:Branch","floor":14},{"not_picked":["bronze:GetLatest","bronze:WildBeam","bronze:Overload"],"picked":"SKIP","floor":15}],"player_experience":741555,"relics_obtained":[{"floor":7,"key":"Ancient Tea Set"}],"event_choices":[{"damage_healed":0,"gold_gain":0,"player_choice":"Success","damage_taken":3,"relics_obtained":["Blood Vial"],"max_hp_gain":0,"max_hp_loss":0,"event_name":"Scrap Ooze","floor":11,"gold_loss":0}],"is_beta":false,"boss_relics":[],"items_purged_floors":[10],"is_endless":false,"potions_floor_spawned":[5,14,15],"killed_by":"WA_ARCHETYPE_RETAIN","ascension_level":2}}