{"host":"rmsq46plbpwfbxcc","time":1614387816,"event":{"mods":["AchievementEnabler","BaseMod","Colored Map","Colored Powertips","DeckTracker","KOR Keyword Fix","Minty Spire (QoL Compilation)","Permanent Neow","Quick Restart","SuperFastMode"],"gold_per_floor":[110,123,141,160,160,193,193,207,207,207,224,224,257,257,257,333,333,345,122,122,122,142,142,162,162,209,209,239,249,249,279,279,358,358,368,378,403,403,419,419,449,464,464,464,464,476,366,27,27,27],"floor_reached":51,"language":"KOR","playtime":1298,"items_purged":["Defend_G","Defend_G"],"score":1275,"play_id":"3d02f21e-01e2-45fa-9dbd-151eace85f13","local_time":"20210227100336","is_ascension_mode":true,"campfire_choices":[{"data":"Blade Dance","floor":7,"key":"SMITH"},{"data":"Neutralize","floor":10,"key":"SMITH"},{"data":"Accuracy","floor":12,"key":"SMITH"},{"data":"Terror","floor":15,"key":"SMITH"},{"data":"Cloak And Dagger","floor":23,"key":"SMITH"},{"data":"Phantasmal Killer","floor":25,"key":"SMITH"},{"data":"Choke","floor":30,"key":"SMITH"},{"data":"Acrobatics","floor":32,"key":"SMITH"},{"data":"Well Laid Plans","floor":40,"key":"SMITH"},{"data":"Wraith Form v2","floor":45,"key":"SMITH"},{"data":"Blur","floor":49,"key":"SMITH"}],"circlet_count":0,"master_deck":["AscendersBane","Strike_G","Strike_G","Defend_G+1","Defend_G","Survivor","Neutralize+1","Blade Dance+1","Accuracy+1","Escape Plan","Escape Plan","Terror+1","Phantasmal Killer+1","CurseOfTheBell","Cloak And Dagger+1","Acrobatics+1","Choke+1","Wraith Form v2+1","Well Laid Plans+1","Blur+1","Dramatic Entrance+1","Flash of Steel+1"],"relics":["WristBlade","Calipers","Pen Nib","Centennial Puzzle","Calling Bell","Snake Skull","Kunai","Pocketwatch","Bag of Preparation","MealTicket","Toy Ornithopter","Paper Crane","CaptainsWheel","Empty Cage","FossilizedHelix","Molten Egg 2","The Courier","Shuriken"],"acts_visited":["Exordium","TheCity","TheBeyond"],"potions_floor_usage":[13,16,16,28,33,36,50,50],"damage_taken":[{"damage":1,"enemies":"2 Louse","floor":1,"turns":3},{"damage":0,"enemies":"Jaw Worm","floor":2,"turns":5},{"damage":0,"enemies":"Cultist","floor":3,"turns":3},{"damage":11,"enemies":"Exordium Wildlife","floor":4,"turns":3},{"damage":27,"enemies":"Gremlin Nob","floor":6,"turns":4},{"damage":0,"enemies":"Looter","floor":8,"turns":1},{"damage":8,"enemies":"Blue Slaver","floor":11,"turns":3},{"damage":5,"enemies":"3 Sentries","floor":13,"turns":5},{"damage":26,"enemies":"Slime Boss","floor":16,"turns":13},{"damage":7,"enemies":"2 Thieves","floor":18,"turns":4},{"damage":0,"enemies":"Shell Parasite","floor":22,"turns":3},{"damage":0,"enemies":"3 Cultists","floor":24,"turns":2},{"damage":15,"enemies":"Book of Stabbing","floor":28,"turns":3},{"damage":0,"enemies":"Chosen and Byrds","floor":29,"turns":3},{"damage":0,"enemies":"Gremlin Leader","floor":31,"turns":4},{"damage":24,"enemies":"Collector","floor":33,"turns":6},{"damage":1,"enemies":"Orb Walker","floor":35,"turns":2},{"damage":0,"enemies":"3 Darklings","floor":36,"turns":4},{"damage":0,"enemies":"Mind Bloom Boss Battle","floor":37,"turns":3},{"damage":0,"enemies":"Spire Growth","floor":39,"turns":2},{"damage":44,"enemies":"Nemesis","floor":41,"turns":7},{"damage":0,"enemies":"Maw","floor":42,"turns":5},{"damage":0,"enemies":"Transient","floor":46,"turns":5},{"damage":24,"enemies":"Donu and Deca","floor":50,"turns":6}],"seed_played":"1242139289453680961","potions_obtained":[{"floor":6,"key":"GamblersBrew"},{"floor":11,"key":"SteroidPotion"},{"floor":13,"key":"Regen Potion"},{"floor":16,"key":"FearPotion"},{"floor":18,"key":"Poison Potion"},{"floor":29,"key":"Weak Potion"},{"floor":33,"key":"FearPotion"},{"floor":35,"key":"GhostInAJar"},{"floor":41,"key":"Strength Potion"},{"floor":42,"key":"Dexterity Potion"}],"is_trial":false,"path_per_floor":["M","M","M","M","?","E","R","M","T","R","M","R","E","?","R","B",null,"M","$","?","T","M","R","M","R","T","?","E","M","R","E","R","B",null,"M","M","?","?","M","R","E","M","T","?","R","M","?","$","R","B",null],"character_chosen":"THE_SILENT","items_purchased":["Bag of Preparation","Shuriken","Flash of Steel+1"],"campfire_rested":0,"item_purchase_floors":[19,48,48],"current_hp_per_floor":[58,58,58,47,47,20,20,20,20,20,12,12,7,12,12,1,54,47,47,47,47,47,47,47,47,47,47,37,37,37,37,37,18,58,57,62,62,62,62,62,18,18,18,18,18,18,18,33,33,19],"gold":27,"neow_bonus":"BOSS_RELIC","is_daily":false,"chose_seed":false,"campfire_upgraded":11,"win_rate":0.0,"timestamp":1614387816,"path_taken":["M","M","M","M","?","E","R","M","T","R","M","R","E","?","R","BOSS","M","$","?","?","?","R","M","R","T","?","E","M","R","E","R","BOSS","M","M","?","?","M","R","E","M","T","?","R","M","?","$","R","BOSS"],"items_purchased_type":["Relic","Relic","Card"],"build_version":"2020-12-22","purchased_purges":2,"victory":true,"max_hp_per_floor":[66,66,66,66,66,66,66,66,66,66,66,66,66,71,71,71,71,71,71,71,71,71,71,71,71,71,71,71,71,71,71,71,71,71,71,71,71,71,71,71,71,71,71,71,71,71,71,71,71,71],"card_choices":[{"not_picked":["Underhanded Strike","Dodge and Roll","Flechettes"],"picked":"SKIP","floor":1},{"not_picked":["Slice","Footwork"],"picked":"Blade Dance","floor":2},{"not_picked":["Dash","Skewer"],"picked":"Accuracy","floor":3},{"not_picked":["Deadly Poison","Sucker Punch","Dash"],"picked":"SKIP","floor":4},{"not_picked":["Infinite Blades","Prepared"],"picked":"Escape Plan","floor":6},{"not_picked":["Blade Dance","Dodge and Roll"],"picked":"Escape Plan","floor":8},{"not_picked":["Masterful Stab","Prepared","Expertise"],"picked":"SKIP","floor":11},{"not_picked":["Calculated Gamble","Acrobatics"],"picked":"Terror","floor":13},{"not_picked":["Corpse Explosion","Die Die Die"],"picked":"Phantasmal Killer","floor":16},{"not_picked":["Poisoned Stab","Flying Knee"],"picked":"Cloak And Dagger","floor":18},{"not_picked":["Accuracy","Riddle With Holes","Crippling Poison"],"picked":"SKIP","floor":22},{"not_picked":["Poisoned Stab","Expertise"],"picked":"Acrobatics","floor":24},{"not_picked":["Masterful Stab","Skewer","Setup"],"picked":"SKIP","floor":28},{"not_picked":["Masterful Stab","Cloak And Dagger+1"],"picked":"Choke","floor":29},{"not_picked":["All Out Attack","Crippling Poison","Deflect"],"picked":"SKIP","floor":31},{"not_picked":["Glass Knife","Venomology"],"picked":"Wraith Form v2","floor":33},{"not_picked":["Backstab","Poisoned Stab"],"picked":"Well Laid Plans","floor":35},{"not_picked":["Concentrate","Prepared","Quick Slash"],"picked":"SKIP","floor":36},{"not_picked":["Noxious Fumes","Prepared","Poisoned Stab+1"],"picked":"SKIP","floor":39},{"not_picked":["Outmaneuver","Dagger Throw+1","Dagger Spray+1"],"picked":"SKIP","floor":41},{"not_picked":["Flechettes+1","Distraction"],"picked":"Blur","floor":42},{"not_picked":["Impatience","Enlightenment"],"picked":"Dramatic Entrance+1","floor":44},{"not_picked":["Caltrops","Leg Sweep","Masterful Stab+1"],"picked":"SKIP","floor":46}],"player_experience":667884,"relics_obtained":[{"floor":6,"key":"Calipers"},{"floor":9,"key":"Pen Nib"},{"floor":13,"key":"Centennial Puzzle"},{"floor":17,"key":"Snake Skull"},{"floor":17,"key":"Kunai"},{"floor":17,"key":"Pocketwatch"},{"floor":21,"key":"MealTicket"},{"floor":26,"key":"Toy Ornithopter"},{"floor":28,"key":"Paper Crane"},{"floor":31,"key":"CaptainsWheel"},{"floor":37,"key":"FossilizedHelix"},{"floor":41,"key":"Molten Egg 2"},{"floor":43,"key":"The Courier"}],"event_choices":[{"cards_removed":["Strike_G"],"damage_healed":0,"gold_gain":0,"player_choice":"Forget","damage_taken":0,"max_hp_gain":0,"max_hp_loss":0,"event_name":"Living Wall","floor":5,"gold_loss":0},{"damage_healed":0,"gold_gain":0,"player_choice":"Donut","damage_taken":0,"max_hp_gain":5,"max_hp_loss":0,"event_name":"Big Fish","floor":14,"gold_loss":0},{"damage_healed":0,"gold_gain":0,"player_choice":"Ignored","damage_taken":0,"max_hp_gain":0,"max_hp_loss":0,"event_name":"The Mausoleum","floor":20,"gold_loss":0},{"damage_healed":0,"gold_gain":0,"player_choice":"Ignored","damage_taken":0,"max_hp_gain":0,"max_hp_loss":0,"event_name":"Ghosts","floor":27,"gold_loss":0},{"damage_healed":0,"gold_gain":0,"player_choice":"Fight","damage_taken":0,"max_hp_gain":0,"max_hp_loss":0,"event_name":"MindBloom","floor":37,"gold_loss":0},{"damage_healed":0,"gold_gain":0,"player_choice":"Ignored","damage_taken":0,"max_hp_gain":0,"max_hp_loss":0,"event_name":"Tomb of Lord Red Mask","floor":38,"gold_loss":0},{"damage_healed":0,"gold_gain":0,"player_choice":"Memory 1","damage_taken":0,"max_hp_gain":0,"max_hp_loss":0,"event_name":"SensoryStone","floor":44,"gold_loss":0},{"cards_removed":["Strike_G"],"damage_healed":0,"gold_gain":0,"player_choice":"Upgrade and Remove","damage_taken":0,"max_hp_gain":0,"max_hp_loss":0,"event_name":"Designer","floor":47,"gold_loss":110,"cards_upgraded":["Defend_G"]}],"is_beta":false,"boss_relics":[{"not_picked":["Runic Dome","Sozu"],"picked":"Calling Bell"},{"not_picked":["Pandora\u0027s Box","Philosopher\u0027s Stone"],"picked":"Empty Cage"}],"items_purged_floors":[19,48],"is_endless":false,"potions_floor_spawned":[6,11,13,16,18,22,29,33,35,41,42],"ascension_level":15}}