{"host":"zs3l0h23z1eclq2n","time":1614436866,"event":{"mods":["Act Like it!","BaseMod","Downfall","Minty Spire (QoL Compilation)","MostiFishMod","RumiaBox-露米娅的神秘盒子","StSLib","Yuri Mod","【功能Mod】混沌之环修复补丁"],"gold_per_floor":[118,131,131,131,151,151,164,181,207,229,229,249,267,285,285,389,389,403,420,49,67,67,67,95,111,160,160,172,172,191,201,201,300,300,315,364,383,395,158,158,158],"floor_reached":40,"language":"ZHS","playtime":3470,"items_purged":["yuri:yuriStrike","yuri:DebugCard"],"score":406,"play_id":"abeeaec5-c5bc-4d4f-b578-d80e07a430a0","local_time":"20210227224106","is_ascension_mode":false,"campfire_choices":[{"data":"yuri:HeavierStrike","floor":11,"key":"SMITH"},{"data":"yuri:yuriStab","floor":15,"key":"SMITH"},{"floor":23,"key":"REST"},{"data":"yuri:GrowingInsanity","floor":27,"key":"SMITH"},{"data":"yuri:DistillInsanity","floor":29,"key":"SMITH"},{"floor":32,"key":"REST"}],"circlet_count":0,"master_deck":["yuri:yuriStrike","yuri:yuriStrike","yuri:yuriStrike","yuri:yuriDefend+1","yuri:yuriDefend","yuri:yuriDefend","yuri:Oolong+1","yuri:yuriStab+1","yuri:UntestedCode","yuri:HeavierStrike+1","yuri:BookPurple","yuri:WickedSlash","yuri:DistillInsanity+1","yuri:DejaVu","yuri:MPose+1","yuri:GrowingInsanity+1","yuri:HeavierStrike","yuri:GlitchedStrike+1","yuri:GhostForm","yuri:JumpScare+1","yuri:RepairCode+1","yuri:BookRed+1","yuri:SturdyUniform+1","yuri:UntestedCode+1","yuri:SelfHarm+1","yuri:SeeingDouble"],"relics":["yuri:BloodyKnife","DaveBox","SynthV:TestCard","War Paint","Orichalcum","Odd Mushroom","SlaversCollar","yuri:GlitchPowder","Toy Ornithopter","Smiling Mask","Astrolabe","BionicSphere"],"acts_visited":["Exordium","TheCity","TheBeyond"],"potions_floor_usage":[16,19,21,25,35,36],"damage_taken":[{"damage":3,"enemies":"Jaw Worm","floor":1,"turns":4},{"damage":2,"enemies":"Small Slimes","floor":2,"turns":3},{"damage":1,"enemies":"2 Louse","floor":5,"turns":3},{"damage":14,"enemies":"Large Slime","floor":7,"turns":7},{"damage":6,"enemies":"Exordium Thugs","floor":8,"turns":4},{"damage":8,"enemies":"The Mushroom Lair","floor":10,"turns":4},{"damage":0,"enemies":"2 Fungi Beasts","floor":12,"turns":3},{"damage":3,"enemies":"Gremlin Gang","floor":13,"turns":3},{"damage":2,"enemies":"3 Louse","floor":14,"turns":2},{"damage":34,"enemies":"Slime Boss","floor":16,"turns":7},{"damage":8,"enemies":"Spheric Guardian","floor":18,"turns":5},{"damage":16,"enemies":"3 Byrds","floor":19,"turns":6},{"damage":12,"enemies":"Shelled Parasite and Fungi","floor":21,"turns":4},{"damage":27,"enemies":"Book of Stabbing","floor":24,"turns":6},{"damage":13,"enemies":"Cultist and Chosen","floor":25,"turns":5},{"damage":8,"enemies":"Snake Plant","floor":28,"turns":4},{"damage":11,"enemies":"Centurion and Healer","floor":30,"turns":6},{"damage":33,"enemies":"Shelled Parasite and Fungi","floor":31,"turns":7},{"damage":44,"enemies":"Champ","floor":33,"turns":9},{"damage":9,"enemies":"Orb Walker","floor":35,"turns":6},{"damage":35,"enemies":"2 Orb Walkers","floor":36,"turns":5},{"damage":38,"enemies":"3 Shapes","floor":37,"turns":7},{"damage":9,"enemies":"3 Darklings","floor":38,"turns":7},{"damage":1059,"enemies":"4 Shapes","floor":40,"turns":1}],"seed_played":"-4530391460210769261","potions_obtained":[{"floor":8,"key":"Energy Potion"},{"floor":10,"key":"Explosive Potion"},{"floor":12,"key":"BlessingOfTheForge"},{"floor":16,"key":"Fire Potion"},{"floor":25,"key":"Explosive Potion"},{"floor":28,"key":"Ancient Potion"},{"floor":31,"key":"AttackPotion"},{"floor":35,"key":"FairyPotion"}],"is_trial":false,"path_per_floor":["M","M","?","?","M","?","M","M","T","?","R","M","M","M","R","B",null,"M","M","$","M","$","R","E","M","T","R","M","R","M","M","R","B",null,"M","?","M","M","$","M"],"character_chosen":"YURI","items_purchased":["yuri:GlitchPowder","yuri:Suicide","Energy Potion","yuri:SeeingDouble"],"campfire_rested":2,"item_purchase_floors":[20,39,39,39],"current_hp_per_floor":[78,78,78,66,72,77,70,71,71,70,70,77,81,85,85,58,85,77,68,68,63,63,85,59,58,58,58,57,57,53,27,52,15,85,85,57,29,27,27,0,0],"gold":158,"neow_bonus":"REMOVE_CARD","is_daily":false,"chose_seed":false,"campfire_upgraded":4,"win_rate":0.0,"timestamp":1614436866,"path_taken":["M","M","?","?","M","?","M","M","T","?","R","M","M","M","R","BOSS","M","M","$","M","$","R","E","M","T","R","M","R","M","M","R","BOSS","M","?","M","M","$","M"],"items_purchased_type":["Relic","Card","Potion","Card"],"build_version":"2020-12-22","purchased_purges":2,"victory":false,"max_hp_per_floor":[80,80,80,80,80,85,85,85,85,85,85,85,85,85,85,85,85,85,85,85,85,85,85,85,85,85,85,85,85,85,85,85,85,85,85,83,83,81,81,81,81],"card_choices":[{"not_picked":["yuri:Spin","yuri:WickedSlash","yuri:GreenTea"],"picked":"SKIP","floor":1},{"not_picked":["yuri:yuriQuickStrike","yuri:ArmBrace","yuri:WickedSlash","yuri:ReloadGame"],"picked":"yuri:UntestedCode","floor":2},{"not_picked":["yuri:WickedSlash","yuri:ThrowBook","yuri:MPose","yuri:Skip","yuri:RecklessStrike"],"picked":"SKIP","floor":5},{"not_picked":["yuri:WickedSlash","yuri:UnstableStrike","yuri:yuriQuickStrike","yuri:MultiDip"],"picked":"yuri:HeavierStrike","floor":7},{"not_picked":["yuri:JumpScare","yuri:DejaVu","yuri:HeavierStrike","yuri:Stare"],"picked":"yuri:BookPurple","floor":8},{"not_picked":["yuri:RecklessStrike","yuri:Spin","yuri:ThrowBook","yuri:TeaSet"],"picked":"yuri:WickedSlash","floor":12},{"not_picked":["yuri:RemoveSafetyChecks","yuri:CalmingAura","yuri:ThornRemove","yuri:yuriHeavyStrike"],"picked":"yuri:DebugCard","floor":13},{"not_picked":["yuri:TPose","yuri:CalmingAura","yuri:GreenTea","yuri:ArmBrace","yuri:HeavierStrike"],"picked":"SKIP","floor":14},{"not_picked":["yuri:MagneticKnives","yuri:DisableStrike","yuri:Virus","yuri:BlackTea"],"picked":"yuri:DistillInsanity","floor":16},{"not_picked":["yuri:TPose","yuri:ThrowingKnives","yuri:Stalk","yuri:yuriHeavyStrike+1"],"picked":"yuri:DejaVu","floor":18},{"not_picked":["yuri:Spin+1","yuri:ThrowBook","yuri:TPose","yuri:CorruptHitbox"],"picked":"yuri:WickedSlash","floor":19},{"not_picked":["yuri:ThrowingKnives+1","yuri:ThrowBook","yuri:yuriQuickStrike","yuri:DejaVu","yuri:Skip+1"],"picked":"SKIP","floor":21},{"not_picked":["yuri:MultiDip","yuri:Parry","yuri:RepairCode","yuri:ThrowingKnives"],"picked":"yuri:MPose+1","floor":24},{"not_picked":["yuri:RepairCode","yuri:ArmBrace","yuri:Stare","yuri:RelentlessStrikes"],"picked":"yuri:GrowingInsanity","floor":25},{"not_picked":["yuri:RecklessStrike+1","yuri:Spin+1","yuri:NerfBat","yuri:DebugCard"],"picked":"yuri:HeavierStrike","floor":28},{"not_picked":["yuri:yuriQuickStrike","yuri:Stalk+1","yuri:HeavierStrike+1","yuri:CalmingAura","yuri:DebugCard"],"picked":"SKIP","floor":30},{"not_picked":["yuri:InsanityDefense","yuri:HoldBack","yuri:SturdyUniform+1","yuri:DebugCard"],"picked":"yuri:GlitchedStrike+1","floor":31},{"not_picked":["yuri:ExploitStrike","yuri:JumpScare","yuri:Suicide","yuri:ConsumeGlitch"],"picked":"yuri:GhostForm","floor":33},{"not_picked":["yuri:Spin","yuri:MPose","yuri:ThrowBook+1","yuri:TPose"],"picked":"yuri:SturdyUniform+1","floor":35},{"not_picked":["yuri:Stalk","yuri:MPose+1","yuri:Spin","yuri:Skip+1"],"picked":"yuri:UntestedCode+1","floor":36},{"not_picked":["yuri:ThrowingKnives","yuri:UnstableStrike+1","yuri:StealPen","yuri:MPose","yuri:Parry"],"picked":"SKIP","floor":37},{"not_picked":["yuri:Stalk","yuri:Stare","yuri:GrowingInsanity","yuri:BookRed"],"picked":"yuri:SelfHarm+1","floor":38}],"player_experience":237506,"relics_obtained":[{"floor":1,"key":"SynthV:TestCard"},{"floor":9,"key":"Orichalcum"},{"floor":10,"key":"Odd Mushroom"},{"floor":24,"key":"Toy Ornithopter"},{"floor":26,"key":"Smiling Mask"},{"floor":36,"key":"BionicSphere"}],"event_choices":[{"damage_healed":0,"gold_gain":0,"player_choice":"Ignored","damage_taken":0,"max_hp_gain":0,"max_hp_loss":0,"event_name":"Liars Game","floor":3,"gold_loss":0},{"damage_healed":0,"gold_gain":0,"player_choice":"Success","damage_taken":12,"relics_obtained":["War Paint"],"max_hp_gain":0,"max_hp_loss":0,"event_name":"Scrap Ooze","floor":4,"gold_loss":0},{"damage_healed":0,"gold_gain":0,"player_choice":"Donut","damage_taken":0,"max_hp_gain":5,"max_hp_loss":0,"event_name":"Big Fish","floor":6,"gold_loss":0},{"damage_healed":0,"gold_gain":0,"player_choice":"Fought Mushrooms","damage_taken":0,"max_hp_gain":0,"max_hp_loss":0,"event_name":"Mushrooms","floor":10,"gold_loss":0},{"damage_healed":0,"gold_gain":0,"player_choice":"Fight","damage_taken":0,"max_hp_gain":0,"max_hp_loss":0,"event_name":"Mysterious Sphere","floor":36,"gold_loss":0}],"is_beta":false,"boss_relics":[{"not_picked":["Velvet Choker","SacredBark"],"picked":"SlaversCollar"},{"not_picked":["PatriotShield","bronze:MakeshiftBattery"],"picked":"Astrolabe"}],"items_purged_floors":[20,39],"is_endless":false,"potions_floor_spawned":[8,10,12,16,25,28,31,33,35],"killed_by":"4 Shapes","ascension_level":0}}