{"host":"n605f8gctjc87d7h","time":1614384914,"event":{"mods":["Aspiration","Bard","BaseMod","Bestiary","Better Match","Better Note","Better Skull","Better Third Choice","Conspire","Downfall","Halation","Hermit","Infinite Spire","JesterMod","Minty Spire (QoL Compilation)","Reliquary","Replay The Spire","Retaliation","Shade Mod","Spicy Shops","StS++","StSLib","The Blue Laboratory","The IronCluck","The Jungle","The Runesmith","TheSurvivalist"],"gold_per_floor":[113,45,45,10,25,25,59,76,100,112,124,136,181,209,221,250,262,374,386,414,446,458,486,498,510,556,568,628,640,672,694,706,728,740,851,863,948,960,1052,1064,1162,1282,1389,1507,1519,669,732,797,797,797,797,946,946,1004,1084,1129,1054,1130,1130,1206,1286,1358,881,904,756,756,820,820,956,956,1018,1018,1073,1073,1128,1128,1128,1128,1128,1197,1268,1294,1294,1377,1377,1522,1522,1615,1704,1704,1731,1808,1808,1908,1908,1908,1272,1272,882,935,968,968,1087,1137,1137,671,719,810],"floor_reached":109,"language":"ENG","playtime":7212,"items_purged":["Pain","Pain","survmod:Defend"],"score":3678,"play_id":"a9eee6bf-18ea-4a91-90de-edf8e6cd54a1","local_time":"20210226161514","is_ascension_mode":false,"campfire_choices":[{"data":"survmod:Sprint","floor":6,"key":"SMITH"},{"data":"survmod:FlashbangShot","floor":12,"key":"SMITH"},{"data":"survmod:Strike","floor":17,"key":"PURGE"},{"data":"survmod:Strike","floor":25,"key":"PURGE"},{"floor":27,"key":"REST"},{"data":"survmod:MarkedShot","floor":32,"key":"SMITH"},{"floor":34,"key":"REST"},{"floor":49,"key":"REST"},{"floor":51,"key":"REST"},{"data":"ReplayTheSpireMod:Splinters","floor":59,"key":"PURGE"},{"data":"survmod:GoForFace","floor":68,"key":"SMITH"},{"data":"Shame","floor":76,"key":"PURGE"},{"data":"survmod:FlashbangTrap","floor":83,"key":"SMITH"},{"floor":85,"key":"DIG"},{"data":"survmod:VersatileOffense","floor":93,"key":"SMITH"},{"data":"survmod:AcidArrow","floor":95,"key":"SMITH"},{"data":"survmod:FlashbangShot","floor":102,"key":"SMITH"},{"data":"survmod:MarkedForDeath","floor":105,"key":"SMITH"}],"circlet_count":0,"master_deck":["survmod:Strike+1","survmod:Defend","survmod:Defend+1","survmod:Defend","survmod:VersatileOffense+1","survmod:Sprint+1","survmod:MarkedShot+1","survmod:FlashbangShot+1","survmod:AcidArrow+1","survmod:SkillfulManeuver","survmod:FlashbangTrap+1","survmod:GoForFace+1","survmod:MarkedShot+1","survmod:MarkedFromAfar+1","survmod:MarkedForDeath+1","survmod:MarkTrap+1","infinitespire:Gouge+1","survmod:Marksmanship+1","Fusion+1","Chill+1","survmod:MarkedShot+1","survmod:Adaptability+1","survmod:MarkTrap+1","Crystallizer","White Noise+1","Skim+1","ReplayRNGCard+1","survmod:FlashbangShot+1","survmod:NockAnArrow+1","survmod:FlareQuiver","Deep Breath+1","Stack+1"],"relics":["survmod:InnateMutation","NeowsBlessing","halation:LettersToHer","MawBank","Peace Pipe","aspiration:Lifesprig","aspiration:DefectSkillbook","Whetstone","Tiny Chest","StSpp:BrokenTotem","infinitespire:EvilPickle","reliquary:Sideboard","halation:TrafficLight","reliquary:BoilingFlask","aspiration:ChemicalBlood","Pen Nib","reliquary:Aerogel","reliquary:PrincelyHelmet","Toxic Egg 2","Vajra","infinitespire:FocusingShard","reliquary:TatteredRug","Membership Card","Replay:Bottled Snecko","aspiration:StickyExplosives_weak","PreservedInsect","Blue Doll","reliquary:Stiletto","infinitespire:EvilPickle","MealTicket","Bottled Tornado","Pantograph","infinitespire:Beetle Shell","Ginger","Chemical X","StSpp:XCola","Onion Ring","WarpedTongs","reliquary:HotPoker","Pet Ghost","ReplayTheSpireMod:TigerMarble","Tiny House","Replay:WaspNest","Centennial Puzzle","Replay:Rubber Ducky","reliquary:FingerTrap","halation:KoshaPiece"],"acts_visited":["Exordium","TheCity","TheBeyond","Exordium","TheCity","TheBeyond","TheEnding"],"potions_floor_usage":[13,30,42,43],"damage_taken":[{"damage":0,"enemies":"Jaw Worm","floor":1,"turns":1},{"damage":0,"enemies":"Cultist","floor":5,"turns":1},{"damage":0,"enemies":"Gremlin Nob","floor":7,"turns":1},{"damage":0,"enemies":"Small Slimes","floor":8,"turns":3},{"damage":1,"enemies":"3 Sentries","floor":13,"turns":6},{"damage":0,"enemies":"Exordium Wildlife","floor":14,"turns":4},{"damage":3,"enemies":"conspire:2 RoseBushes","floor":16,"turns":3},{"damage":11,"enemies":"Fading Forest","floor":18,"turns":11},{"damage":0,"enemies":"Spheric Guardian","floor":20,"turns":3},{"damage":2,"enemies":"Shell Parasite","floor":21,"turns":4},{"damage":1,"enemies":"Shelled Parasite and Fungi","floor":23,"turns":3},{"damage":22,"enemies":"Slavers","floor":26,"turns":4},{"damage":0,"enemies":"Centurion and Healer","floor":30,"turns":5},{"damage":0,"enemies":"Snecko","floor":31,"turns":2},{"damage":3,"enemies":"Snake Plant","floor":33,"turns":3},{"damage":1,"enemies":"Pondfish","floor":35,"turns":7},{"damage":40,"enemies":"3 Shapes","floor":37,"turns":3},{"damage":2,"enemies":"Orb Walker","floor":39,"turns":3},{"damage":0,"enemies":"Maw","floor":41,"turns":5},{"damage":23,"enemies":"Nightmare","floor":42,"turns":7},{"damage":0,"enemies":"Jaw Worm Horde","floor":43,"turns":3},{"damage":9,"enemies":"Spire Growth","floor":44,"turns":4},{"damage":0,"enemies":"3 Darklings","floor":47,"turns":4},{"damage":1,"enemies":"Jaw Worm Horde","floor":48,"turns":3},{"damage":14,"enemies":"Donu and Deca","floor":52,"turns":8},{"damage":0,"enemies":"Small Slimes","floor":54,"turns":2},{"damage":0,"enemies":"Jaw Worm","floor":55,"turns":1},{"damage":0,"enemies":"Cultist","floor":58,"turns":2},{"damage":0,"enemies":"Lots of Slimes","floor":60,"turns":3},{"damage":0,"enemies":"Large Slime","floor":61,"turns":2},{"damage":0,"enemies":"3 Louse","floor":67,"turns":1},{"damage":0,"enemies":"Slime Boss","floor":69,"turns":2},{"damage":0,"enemies":"3 Byrds","floor":71,"turns":3},{"damage":0,"enemies":"Chosen","floor":73,"turns":3},{"damage":0,"enemies":"Snake Plant","floor":75,"turns":4},{"damage":0,"enemies":"Shelled Parasite and Fungi","floor":80,"turns":4},{"damage":0,"enemies":"Chosen and Byrds","floor":81,"turns":3},{"damage":0,"enemies":"Gremlin Leader","floor":84,"turns":4},{"damage":0,"enemies":"Pondfish","floor":86,"turns":4},{"damage":0,"enemies":"3 Shapes","floor":88,"turns":2},{"damage":0,"enemies":"Orb Walker","floor":89,"turns":4},{"damage":0,"enemies":"Jaw Worm Horde","floor":94,"turns":4},{"damage":0,"enemies":"3 Darklings","floor":100,"turns":1},{"damage":0,"enemies":"Maw","floor":101,"turns":3},{"damage":0,"enemies":"conspire:OrnateMirror","floor":103,"turns":3},{"damage":7,"enemies":"Shield and Spear","floor":107,"turns":2},{"damage":0,"enemies":"The Heart","floor":108,"turns":5}],"seed_played":"6778918821051545320","potions_obtained":[{"floor":1,"key":"Languid Potion"},{"floor":7,"key":"blueLaboratory:BubblePotion"},{"floor":13,"key":"FearPotion"},{"floor":18,"key":"Elixir"},{"floor":20,"key":"blueLaboratory:EnragingPotion"},{"floor":31,"key":"FairyPotion"},{"floor":35,"key":"blueLaboratory:BottledHope"},{"floor":39,"key":"Fire Potion"},{"floor":43,"key":"DDmod:CleansePotion"},{"floor":47,"key":"FairyPotion"},{"floor":104,"key":"blueLaboratory:ImpenetrablePotion"},{"floor":108,"key":"DuplicationPotion"}],"is_trial":false,"path_per_floor":["M","$","?","$","M","R","E","M","T","PTL","PTL","R","E","M","?","M","R","B",null,"M","M","?","M","$","R","E","R","T","?","M","M","R","M","R","B",null,"M","T","M","?","M","NM","M","M","T","$","M","M","R","T","R","B",null,"M","M","?","?","M","R","M","M","T","$","T","$","?","M","R","B",null,"M","?","M","T","M","R","?","?","T","M","M","T","R","E","R","B",null,"M","M","?","T","T","R","M","R","T","$","?","$","M","M","R","B",null,"R","$","E","B",null],"character_chosen":"THE_SURVIVOR","items_purchased":["survmod:FlashbangShot","survmod:AcidArrow","halation:TrafficLight","EntropicBrew","reliquary:BoilingFlask","aspiration:ChemicalBlood","Pen Nib","survmod:MarkTrap+1","Vajra","infinitespire:FocusingShard","Crystallizer","Membership Card","infinitespire:Beetle Shell","Ginger","Chemical X","StSpp:XCola","Onion Ring","ReplayRNGCard+1","reliquary:HotPoker","Pet Ghost","ReplayTheSpireMod:TigerMarble","survmod:FlashbangShot","survmod:FlareQuiver","Replay:WaspNest","Centennial Puzzle","Replay:Rubber Ducky","reliquary:FingerTrap","blueLaboratory:EmptyBottle","blueLaboratory:BubblePotion","Deep Breath+1"],"campfire_rested":4,"item_purchase_floors":[2,4,46,46,46,46,46,63,63,63,63,65,97,97,97,97,97,97,99,99,99,99,106,106,106,106,106,106,106,106],"current_hp_per_floor":[50,50,50,50,50,50,50,50,50,50,50,50,49,49,46,43,43,32,50,50,48,48,47,47,47,25,40,40,40,40,40,40,37,50,49,50,10,10,8,60,60,37,37,28,28,28,28,27,45,45,60,46,60,60,60,60,60,60,60,60,60,60,60,60,60,60,60,60,60,60,60,60,60,60,60,60,60,60,60,60,60,60,60,60,60,60,60,60,60,60,60,60,60,60,60,60,60,60,60,60,60,60,60,65,65,65,58,65],"gold":810,"neow_bonus":"THREE_ENEMY_KILL","is_daily":false,"chose_seed":false,"campfire_upgraded":9,"win_rate":0.0,"timestamp":1614384914,"path_taken":["M","$","?","?","M","R","E","?","T","PTL","PTL","R","E","M","?","M","R","BOSS","M","M","?","M","?","R","E","R","T","?","?","?","R","M","R","BOSS","M","?","?","?","?","NM","M","M","T","$","M","M","R","?","R","BOSS","M","M","?","?","M","R","M","?","T","$","?","$","?","?","R","BOSS","M","?","M","?","?","R","?","?","T","M","M","?","R","E","R","BOSS","M","?","?","?","?","R","M","R","T","?","?","$","M","?","R","BOSS","R","$","E","BOSS"],"items_purchased_type":["Card","Card","Relic","Potion","Relic","Relic","Relic","Card","Relic","Relic","Card","Relic","Relic","Relic","Relic","Relic","Relic","Card","Relic","Relic","Relic","Card","Card","Relic","Relic","Relic","Relic","Potion","Potion","Card"],"build_version":"2020-12-22","purchased_purges":3,"victory":true,"max_hp_per_floor":[50,50,50,50,50,50,50,50,50,50,50,50,50,50,50,50,50,50,50,50,50,50,50,50,50,50,50,50,50,50,50,50,50,50,50,50,50,50,50,60,60,60,60,60,60,60,60,60,60,60,60,60,60,60,60,60,60,60,60,60,60,60,60,60,60,60,60,60,60,60,60,60,60,60,60,60,60,60,60,60,60,60,60,60,60,60,60,60,60,60,60,60,60,60,60,60,60,60,60,60,60,60,60,65,65,65,65,65],"card_choices":[{"not_picked":["survmod:TakeAim","survmod:FlareBarrage"],"picked":"survmod:MarkedShot","floor":1},{"not_picked":["survmod:OverwhelmingAssault","survmod:KnowThyEnemy"],"picked":"survmod:SkillfulManeuver","floor":5},{"not_picked":["survmod:TacticalManeuver","survmod:PiercingShot"],"picked":"survmod:FlashbangTrap","floor":7},{"not_picked":["survmod:RejectWeakness","survmod:HiddenTactic","survmod:HailOfArrows"],"picked":"SKIP","floor":8},{"not_picked":["survmod:FindCover","survmod:SurpriseTrap"],"picked":"survmod:GoForFace","floor":13},{"not_picked":["survmod:FocusedFire","survmod:ComplexMutation"],"picked":"survmod:MarkedShot","floor":14},{"not_picked":["survmod:ShrapnelTraps","survmod:Decoy"],"picked":"survmod:MarkedFromAfar","floor":16},{"not_picked":["survmod:UnleashTheTraps","survmod:VersatilePower"],"picked":"survmod:MarkedForDeath","floor":18},{"not_picked":["Compile Driver","Aggregate","Stack","Gash"],"picked":"SKIP","floor":20},{"not_picked":["survmod:NockAnArrow+1","survmod:AcidTrap+1","Hello World"],"picked":"survmod:MarkTrap+1","floor":21},{"not_picked":["Rebound","Heatsinks","survmod:MarkTrap+1","Creative AI"],"picked":"SKIP","floor":23},{"not_picked":["Sweeping Beam","survmod:HailOfArrows","survmod:FlashbangTrap","ReplayRNGCard"],"picked":"SKIP","floor":26},{"not_picked":["Compile Driver","survmod:SwiftKick+1","Static Discharge","survmod:QuickDash"],"picked":"SKIP","floor":30},{"not_picked":["StSpp:Pointer","conspire:SharedLibrary","Self Repair","Leap"],"picked":"SKIP","floor":31},{"not_picked":["survmod:UnfortunateEscape+1","survmod:FocusedFire","Tempest"],"picked":"survmod:Marksmanship+1","floor":33},{"not_picked":["survmod:LeapingShot","survmod:DeadlyAim","ReplayRNGCard"],"picked":"survmod:Detonation","floor":35},{"not_picked":["survmod:VersatileDefense","survmod:PoisonTrap+1","survmod:BendAndBow+1","survmod:FindCover"],"picked":"SKIP","floor":37},{"not_picked":["survmod:UnfortunateEscape+1","survmod:MarkTrap","survmod:AcidTrap+1","Rebound+1"],"picked":"SKIP","floor":39},{"not_picked":["survmod:QuickThinking+1","survmod:TwinShot+1","survmod:ExpertSniper","survmod:MarkedFromAfar+1"],"picked":"SKIP","floor":41},{"not_picked":["Time Bomb+1","Ball Lightning+1","survmod:BearTrap"],"picked":"Chill+1","floor":42},{"not_picked":["survmod:AcidTrap+1","ReplayTheSpireMod:Dual Polarity","Recycle"],"picked":"survmod:Adaptability+1","floor":43},{"not_picked":["Rebound","survmod:Hawkeye+1","StSpp:Fierceness","Redo"],"picked":"SKIP","floor":44},{"not_picked":["Scrape","Rebound","StSpp:Channeliser+1"],"picked":"survmod:MarkedShot+1","floor":47},{"not_picked":["survmod:EmptyQuiver","Barrage","Time Bomb"],"picked":"Fusion+1","floor":48},{"not_picked":["survmod:QuickDash","survmod:Hawkeye","survmod:FindCover","BasicCrystalCard"],"picked":"SKIP","floor":54},{"not_picked":["Time Bomb","Streamline","Leap","conspire:SharedLibrary"],"picked":"SKIP","floor":55},{"not_picked":["survmod:FindCover","Rip and Tear","survmod:ExplosiveTrap","ReplayTheSpireMod:Omega Cannon"],"picked":"SKIP","floor":58},{"not_picked":["survmod:WalledOffTraps","Barrage","Reinforced Body","survmod:SimpleMutation"],"picked":"SKIP","floor":60},{"not_picked":["survmod:FindCover","Chaos","Fission","ReplayTheSpireMod:Repulse"],"picked":"SKIP","floor":61},{"not_picked":["survmod:FindCover","Fission","ReplayTheSpireMod:Repulse"],"picked":"Chaos","floor":61},{"not_picked":["survmod:UnfortunateEscape+1","Rebound","survmod:PersonalMark+1","survmod:SurpriseTrap+1"],"picked":"SKIP","floor":67},{"not_picked":["survmod:NeedleShot","StSpp:MemoryLeak","Multi-Cast+1"],"picked":"Hyperbeam","floor":69},{"not_picked":["survmod:ComplexMutation","Leap+1","Sweeping Beam+1"],"picked":"Cold Snap+1","floor":71},{"not_picked":["survmod:MarkTrap+1","Crystallizer","Redo+1"],"picked":"survmod:MarkedShot+1","floor":73},{"not_picked":["survmod:MarkedShot","Barrage","Tempest+1"],"picked":"Stack+1","floor":75},{"not_picked":["survmod:GoForFace","Recycle+1","survmod:HailOfArrows"],"picked":"Fusion+1","floor":80},{"not_picked":["Sweeping Beam","survmod:FindCover+1","Conserve Battery+1"],"picked":"White Noise+1","floor":81},{"not_picked":["ReplayTheSpireMod:Dual Polarity+1","survmod:PenetratingShot","survmod:ShrapnelTraps"],"picked":"Time Bomb+1","floor":84},{"not_picked":["infinitespire:TheBestDefense","ReplayTheSpireMod:Black Plague"],"picked":"infinitespire:UltimateForm","floor":86},{"not_picked":["survmod:ShrapnelTraps+1","Compile Driver+1","Barrage+1"],"picked":"Skim+1","floor":88},{"not_picked":["survmod:PenetratingShot","survmod:LongShot","Gash"],"picked":"Streamline+1","floor":89},{"not_picked":["StSpp:Channeliser+1","survmod:SwiftKick+1","survmod:MarkedFromAfar"],"picked":"Stack+1","floor":94},{"not_picked":["survmod:LongShot","Time Bomb+1","FIFO Queue+1"],"picked":"survmod:NockAnArrow+1","floor":100},{"not_picked":["Fusion+1","survmod:QuickDash+1","survmod:FindCover+1"],"picked":"survmod:GoForFace+1","floor":101},{"not_picked":["Seek+1","Fission+1","survmod:MutantForm"],"picked":"ReplayTheSpireMod:Fabricate Wheel+1","floor":103},{"not_picked":["survmod:BearTrap+1","Rip and Tear+1","Conserve Battery+1"],"picked":"survmod:FenceTrap+1","floor":104},{"not_picked":["BasicCrystalCard+1","Beam Cell+1","survmod:FenceTrap+1"],"picked":"survmod:Marksmanship","floor":107},{"not_picked":["Machine Learning","survmod:RobFromTheRich","survmod:Exploit"],"picked":"survmod:MarkedForDeath+1","floor":108}],"player_experience":919134,"relics_obtained":[{"floor":7,"key":"halation:LettersToHer"},{"floor":9,"key":"halation:LettersToHer"},{"floor":9,"key":"MawBank"},{"floor":13,"key":"Peace Pipe"},{"floor":26,"key":"Whetstone"},{"floor":28,"key":"halation:LettersToHer"},{"floor":28,"key":"Tiny Chest"},{"floor":38,"key":"halation:LettersToHer"},{"floor":42,"key":"reliquary:Sideboard"},{"floor":45,"key":"halation:LettersToHer"},{"floor":50,"key":"halation:LettersToHer"},{"floor":50,"key":"reliquary:Aerogel"},{"floor":56,"key":"reliquary:PrincelyHelmet"},{"floor":62,"key":"halation:LettersToHer"},{"floor":62,"key":"Toxic Egg 2"},{"floor":64,"key":"halation:LettersToHer"},{"floor":64,"key":"reliquary:TatteredRug"},{"floor":74,"key":"halation:LettersToHer"},{"floor":74,"key":"Replay:Bottled Snecko"},{"floor":79,"key":"halation:LettersToHer"},{"floor":79,"key":"aspiration:StickyExplosives_weak"},{"floor":82,"key":"halation:LettersToHer"},{"floor":82,"key":"PreservedInsect"},{"floor":84,"key":"Blue Doll"},{"floor":85,"key":"reliquary:Stiletto"},{"floor":91,"key":"halation:LettersToHer"},{"floor":91,"key":"MealTicket"},{"floor":92,"key":"halation:LettersToHer"},{"floor":92,"key":"Bottled Tornado"},{"floor":96,"key":"halation:LettersToHer"},{"floor":96,"key":"Pantograph"},{"floor":107,"key":"halation:KoshaPiece"}],"event_choices":[{"cards_removed":["survmod:Strike"],"damage_healed":0,"gold_gain":0,"player_choice":"Forget","damage_taken":0,"max_hp_gain":0,"max_hp_loss":0,"event_name":"Living Wall","floor":3,"gold_loss":0},{"damage_healed":0,"gold_gain":0,"player_choice":"Relic ","damage_taken":3,"max_hp_gain":0,"max_hp_loss":0,"event_name":"betterThird:BetterScrap","floor":15,"gold_loss":0,"cards_obtained":["Envenom"]},{"cards_removed":["survmod:GoForFace"],"damage_healed":0,"gold_gain":0,"player_choice":"Take \u0026 Give","damage_taken":0,"max_hp_gain":0,"max_hp_loss":0,"event_name":"betterNote:BetterNote","floor":22,"gold_loss":0,"cards_obtained":["infinitespire:Gouge"]},{"damage_healed":0,"gold_gain":0,"player_choice":"Opened","damage_taken":0,"relics_obtained":["StSpp:BrokenTotem"],"max_hp_gain":0,"max_hp_loss":0,"event_name":"The Mausoleum","floor":29,"gold_loss":0},{"cards_removed":["survmod:Detonation"],"damage_healed":42,"gold_gain":0,"player_choice":"Offered Rare","damage_taken":0,"max_hp_gain":10,"max_hp_loss":0,"event_name":"Bonfire Elementals","floor":40,"gold_loss":0},{"damage_healed":0,"gold_gain":0,"player_choice":"3","damage_taken":0,"max_hp_gain":0,"max_hp_loss":0,"event_name":"betterMatch:BetterMatch","floor":57,"gold_loss":0,"cards_obtained":[]},{"damage_healed":0,"gold_gain":0,"player_choice":"Upgraded","damage_taken":0,"max_hp_gain":0,"max_hp_loss":0,"event_name":"Upgrade Shrine","floor":66,"gold_loss":0,"cards_upgraded":["survmod:MarkedFromAfar"]},{"damage_healed":0,"gold_gain":0,"player_choice":"Leave","damage_taken":0,"max_hp_gain":0,"max_hp_loss":0,"event_name":"conspire:Investor","floor":90,"gold_loss":0},{"damage_healed":0,"gold_gain":0,"player_choice":"Rummage","damage_taken":0,"relics_obtained":["WarpedTongs"],"max_hp_gain":0,"max_hp_loss":0,"event_name":"Accursed Blacksmith","floor":98,"gold_loss":0,"cards_obtained":["Pain"]}],"is_beta":false,"boss_relics":[{"not_picked":["ChewingGum","Fusion Hammer"],"picked":"aspiration:DefectSkillbook"},{"not_picked":["reliquary:KinkedSpring","Honey Jar","StSpp:FireArrow"]},{"not_picked":["StSpp:PileOfSugar","halation:ForbiddenBikini","halation:CatFaceCupcake"]},{"not_picked":["Replay:Drink Me","ChewingGum","bronze:MakeshiftBattery"]},{"not_picked":["halation:Yufonium","reliquary:RedCape","Runic Pyramid"]},{"not_picked":["Painkiller Herb","Kintsugi"],"picked":"Tiny House"}],"items_purged_floors":[99,99,106],"is_endless":true,"potions_floor_spawned":[1,7,13,18,20,31,35,39,43,47,52,54,61,69,84,88,94,100,101,108],"ascension_level":0}}