{"host":"x665ekuy0qorxtwt","time":1614418953,"event":{"mods":["AchievementEnabler","BaseMod","Bestiary","Colored Map","Colored Powertips","Minty Spire (QoL Compilation)"],"gold_per_floor":[20,20,31,44,60,86,86,145,169,169,199,199,213,227,227,325,325,345,371,14,27,44,44,62,62,62],"floor_reached":25,"language":"ENG","playtime":1243,"items_purged":["Zap"],"score":240,"play_id":"fa8b666f-2c5a-4086-b2cb-8e1a8ff1b710","local_time":"20210227014233","is_ascension_mode":false,"campfire_choices":[{"data":"Beam Cell","floor":7,"key":"SMITH"},{"data":"Streamline","floor":10,"key":"SMITH"},{"data":"Self Repair","floor":12,"key":"SMITH"},{"data":"Dualcast","floor":15,"key":"SMITH"},{"data":"Genetic Algorithm","floor":23,"key":"SMITH"}],"circlet_count":0,"master_deck":["Strike_B","Strike_B","Strike_B","Defend_B","Defend_B","Defend_B","Dualcast+1","Conserve Battery","Amplify","Ball Lightning+1","Streamline+1","Self Repair+1","Beam Cell+1","Reprogram","Rip and Tear+1","Streamline+1","Ball Lightning+1","Ball Lightning+1","FTL+1","Genetic Algorithm+1","Ball Lightning+1","Defragment","Cold Snap+1"],"relics":["Cracked Core","Akabeko","Vajra","Smiling Mask","Molten Egg 2","Black Star","Red Mask","Happy Flower","Orrery"],"acts_visited":["Exordium","TheCity"],"potions_floor_usage":[24,24,24,24,25],"damage_taken":[{"damage":0,"enemies":"Small Slimes","floor":1,"turns":3},{"damage":0,"enemies":"2 Louse","floor":3,"turns":2},{"damage":0,"enemies":"Jaw Worm","floor":4,"turns":3},{"damage":10,"enemies":"Lots of Slimes","floor":5,"turns":4},{"damage":8,"enemies":"Gremlin Nob","floor":6,"turns":3},{"damage":27,"enemies":"3 Sentries","floor":8,"turns":5},{"damage":19,"enemies":"3 Sentries","floor":11,"turns":6},{"damage":5,"enemies":"Blue Slaver","floor":13,"turns":2},{"damage":2,"enemies":"Exordium Wildlife","floor":14,"turns":3},{"damage":11,"enemies":"Slime Boss","floor":16,"turns":7},{"damage":5,"enemies":"Chosen","floor":18,"turns":3},{"damage":37,"enemies":"Masked Bandits","floor":19,"turns":4},{"damage":28,"enemies":"3 Byrds","floor":21,"turns":4},{"damage":15,"enemies":"Snecko","floor":22,"turns":3},{"damage":20,"enemies":"Shelled Parasite and Fungi","floor":24,"turns":3},{"damage":6,"enemies":"Cultist and Chosen","floor":25,"turns":1}],"seed_played":"4061468436303534003","potions_obtained":[{"floor":1,"key":"BlessingOfTheForge"},{"floor":3,"key":"EntropicBrew"},{"floor":6,"key":"SkillPotion"},{"floor":13,"key":"BlessingOfTheForge"},{"floor":14,"key":"Energy Potion"},{"floor":18,"key":"PotionOfCapacity"},{"floor":24,"key":"FearPotion"}],"is_trial":false,"path_per_floor":["M","?","M","M","M","E","R","?","T","R","E","R","M","M","R","B",null,"M","?","$","M","M","R","M","M"],"character_chosen":"DEFECT","items_purchased":["Happy Flower","Orrery"],"campfire_rested":0,"item_purchase_floors":[20,20],"current_hp_per_floor":[75,75,75,75,72,71,71,51,51,51,39,39,44,52,52,51,75,75,48,48,30,25,25,5,0,0],"gold":62,"neow_bonus":"TRANSFORM_TWO_CARDS","is_daily":false,"chose_seed":false,"campfire_upgraded":5,"win_rate":0.0,"timestamp":1614418953,"path_taken":["M","?","M","M","M","E","R","?","T","R","E","R","M","M","R","BOSS","M","?","$","M","M","R","M","M"],"items_purchased_type":["Relic","Relic"],"build_version":"2020-12-22","purchased_purges":1,"victory":false,"max_hp_per_floor":[75,75,75,75,75,75,75,75,75,75,75,75,75,75,75,75,75,75,75,75,75,75,75,75,75,75],"card_choices":[{"not_picked":["Chaos","Turbo"],"picked":"Ball Lightning","floor":1},{"not_picked":["Capacitor","Heatsinks"],"picked":"Streamline","floor":3},{"not_picked":["Turbo","Doom and Gloom"],"picked":"Self Repair","floor":4},{"not_picked":["Turbo","Streamline"],"picked":"Beam Cell","floor":5},{"not_picked":["Barrage","Conserve Battery","Steam"],"picked":"SKIP","floor":6},{"not_picked":["Leap","Conserve Battery"],"picked":"Reprogram","floor":8},{"not_picked":["Beam Cell+1","Turbo"],"picked":"Rip and Tear+1","floor":11},{"not_picked":["Meteor Strike+1","Leap"],"picked":"Streamline+1","floor":13},{"not_picked":["Steam","Rebound+1","Go for the Eyes+1"],"picked":"SKIP","floor":14},{"not_picked":["Reprogram+1","Stack"],"picked":"Ball Lightning+1","floor":18},{"not_picked":["Rebound+1","Scrape+1"],"picked":"Ball Lightning+1","floor":20},{"not_picked":["Redo","Beam Cell+1"],"picked":"FTL+1","floor":20},{"not_picked":["Sunder+1","Aggregate"],"picked":"Genetic Algorithm","floor":20},{"not_picked":["Reprogram","Streamline+1"],"picked":"Ball Lightning+1","floor":20},{"not_picked":["Steam+1","Rebound+1"],"picked":"Defragment","floor":21},{"not_picked":["Leap","Conserve Battery"],"picked":"Cold Snap+1","floor":22},{"not_picked":["Streamline+1","Redo","Turbo"],"picked":"SKIP","floor":24}],"player_experience":232949,"relics_obtained":[{"floor":6,"key":"Akabeko"},{"floor":9,"key":"Smiling Mask"},{"floor":11,"key":"Molten Egg 2"},{"floor":19,"key":"Red Mask"}],"event_choices":[{"damage_healed":0,"gold_gain":0,"player_choice":"Grow","damage_taken":0,"max_hp_gain":0,"max_hp_loss":0,"event_name":"Living Wall","floor":2,"gold_loss":0,"cards_upgraded":["Ball Lightning"]},{"damage_healed":0,"gold_gain":30,"player_choice":"Searched \u00273\u0027 times","damage_taken":0,"relics_obtained":["Vajra"],"max_hp_gain":0,"max_hp_loss":0,"event_name":"Dead Adventurer","floor":8,"gold_loss":0},{"damage_healed":0,"gold_gain":0,"player_choice":"Fought Bandits","damage_taken":0,"max_hp_gain":0,"max_hp_loss":0,"event_name":"Masked Bandits","floor":19,"gold_loss":0}],"is_beta":false,"boss_relics":[{"not_picked":["Busted Crown","Snecko Eye"],"picked":"Black Star"}],"items_purged_floors":[20],"is_endless":false,"potions_floor_spawned":[1,3,6,13,14,18,24],"killed_by":"Cultist and Chosen","ascension_level":0}}