{"host":"h4s2ow0cl6kdwaz8","time":1614440063,"event":{"mods":["AchievementEnabler","BaseMod","Bestiary","Colored Map","Minty Spire (QoL Compilation)","Permanent Neow","Relic Stats"],"gold_per_floor":[111,123,139,154,173,200,216,216,216,227,243,243,269,283,283,380,380,392,592,611,629,233,263,263,263,263],"floor_reached":25,"language":"ENG","playtime":1745,"items_purged":["Strike_P"],"score":332,"play_id":"75bb41c2-fd28-4808-aab6-cb09ce56840b","local_time":"20210227153423","is_ascension_mode":true,"campfire_choices":[{"data":"Eruption","floor":8,"key":"SMITH"},{"floor":12,"key":"REST"},{"floor":15,"key":"REST"}],"circlet_count":0,"master_deck":["Strike_P","Strike_P","Strike_P","Defend_P","Defend_P","Defend_P","Defend_P","Eruption+1","Vigilance","JustLucky","Wireheading","FollowUp","MentalFortress","Consecrate","Halt","Consecrate","EmptyFist","BowlingBash","Conclude","FollowUp","DevaForm","ThirdEye+1","Consecrate","Tantrum","Nirvana","TalkToTheHand","Decay"],"relics":["Runic Pyramid","Calipers","Tiny Chest","SacredBark","Toxic Egg 2","WingedGreaves"],"acts_visited":["Exordium","TheCity"],"potions_floor_usage":[6,14,14,16,21,23,23,23,25],"damage_taken":[{"damage":7,"enemies":"Small Slimes","floor":1,"turns":3},{"damage":0,"enemies":"Cultist","floor":2,"turns":2},{"damage":0,"enemies":"2 Louse","floor":3,"turns":3},{"damage":6,"enemies":"Looter","floor":4,"turns":3},{"damage":17,"enemies":"Exordium Thugs","floor":5,"turns":4},{"damage":0,"enemies":"Lagavulin","floor":6,"turns":3},{"damage":0,"enemies":"Exordium Wildlife","floor":7,"turns":3},{"damage":0,"enemies":"Blue Slaver","floor":10,"turns":3},{"damage":6,"enemies":"Large Slime","floor":11,"turns":3},{"damage":0,"enemies":"3 Sentries","floor":13,"turns":3},{"damage":19,"enemies":"Exordium Thugs","floor":14,"turns":2},{"damage":17,"enemies":"Hexaghost","floor":16,"turns":9},{"damage":4,"enemies":"Chosen","floor":18,"turns":5},{"damage":13,"enemies":"2 Thieves","floor":20,"turns":2},{"damage":32,"enemies":"Shelled Parasite and Fungi","floor":21,"turns":4},{"damage":36,"enemies":"Book of Stabbing","floor":23,"turns":4},{"damage":0,"enemies":"Slavers","floor":25,"turns":1}],"seed_played":"-3819401016151732692","potions_obtained":[{"floor":2,"key":"SteroidPotion"},{"floor":5,"key":"EntropicBrew"},{"floor":6,"key":"DuplicationPotion"},{"floor":13,"key":"DistilledChaos"},{"floor":14,"key":"SkillPotion"},{"floor":16,"key":"Regen Potion"},{"floor":18,"key":"FearPotion"},{"floor":21,"key":"Explosive Potion"}],"is_trial":false,"path_per_floor":["M","M","M","M","M","E","M","R","T","M","M","R","E","M","R","B",null,"M","?","M","M","$","E","?","E"],"character_chosen":"WATCHER","items_purchased":["Toxic Egg 2","Nirvana"],"campfire_rested":2,"item_purchase_floors":[22,22],"current_hp_per_floor":[65,65,65,59,42,42,42,42,42,42,36,57,57,38,59,42,72,68,68,55,23,23,14,14,14,14],"gold":263,"neow_bonus":"BOSS_RELIC","is_daily":false,"chose_seed":false,"campfire_upgraded":1,"win_rate":0.0,"timestamp":1614440063,"path_taken":["M","M","M","M","M","E","M","R","T","M","M","R","E","M","R","BOSS","M","?","M","?","$","E","?","E"],"items_purchased_type":["Relic","Card"],"build_version":"2020-12-22","purchased_purges":1,"victory":false,"max_hp_per_floor":[72,72,72,72,72,72,72,72,72,72,72,72,72,72,72,72,72,72,72,72,72,72,72,72,72,72],"relic_stats":{"counters":[17,57],"Tiny Chest":0,"obtain_stats":[{"Calipers":6,"SacredBark":17,"Tiny Chest":13,"WingedGreaves":23,"PureWater":0,"Toxic Egg 2":22,"Runic Pyramid":0},{"Calipers":6,"SacredBark":12,"Tiny Chest":10,"WingedGreaves":16,"PureWater":0,"Toxic Egg 2":15,"Runic Pyramid":0},{"Calipers":18,"SacredBark":41,"Tiny Chest":30,"WingedGreaves":56,"PureWater":0,"Toxic Egg 2":52,"Runic Pyramid":0}]},"card_choices":[{"not_picked":["EmptyBody","LikeWater"],"picked":"JustLucky","floor":1},{"not_picked":["ThirdEye","Indignation"],"picked":"Wireheading","floor":2},{"not_picked":["Sanctity","EmptyBody"],"picked":"FollowUp","floor":3},{"not_picked":["FlyingSleeves","CutThroughFate"],"picked":"MentalFortress","floor":4},{"not_picked":["Study","WaveOfTheHand"],"picked":"Consecrate","floor":5},{"not_picked":["CrushJoints","WreathOfFlame"],"picked":"Halt","floor":6},{"not_picked":["Wish","DeceiveReality"],"picked":"Consecrate","floor":7},{"not_picked":["EmptyBody","ThirdEye"],"picked":"EmptyFist","floor":10},{"not_picked":["SandsOfTime","FlyingSleeves"],"picked":"BowlingBash","floor":11},{"not_picked":["Protect","Crescendo"],"picked":"Conclude","floor":13},{"not_picked":["DeceiveReality","CutThroughFate"],"picked":"FollowUp","floor":14},{"not_picked":["Judgement","Devotion"],"picked":"DevaForm","floor":16},{"not_picked":["SignatureMove","ReachHeaven"],"picked":"ThirdEye+1","floor":18},{"not_picked":["CrushJoints","Crescendo"],"picked":"Consecrate","floor":20},{"not_picked":["Worship+1","JustLucky"],"picked":"Tantrum","floor":21},{"not_picked":["ReachHeaven","EmptyFist"],"picked":"TalkToTheHand","floor":23}],"player_experience":259549,"relics_obtained":[{"floor":6,"key":"Calipers"},{"floor":13,"key":"Tiny Chest"},{"floor":23,"key":"WingedGreaves"}],"event_choices":[{"damage_healed":0,"gold_gain":250,"player_choice":"Bet on Owner","damage_taken":0,"max_hp_gain":0,"max_hp_loss":0,"event_name":"The Joust","floor":19,"gold_loss":50},{"damage_healed":0,"gold_gain":0,"player_choice":"Smashed Altar","damage_taken":0,"max_hp_gain":0,"max_hp_loss":0,"event_name":"Forgotten Altar","floor":24,"gold_loss":0,"cards_obtained":["Decay"]}],"is_beta":false,"boss_relics":[{"not_picked":["Velvet Choker","Coffee Dripper"],"picked":"SacredBark"}],"items_purged_floors":[22],"is_endless":false,"potions_floor_spawned":[2,5,6,13,14,16,18,21],"killed_by":"Slavers","ascension_level":3}}