{"host":"7wwmf5ihvdzput8s","time":1614439753,"event":{"mods":["BaseMod","Minty Spire (QoL Compilation)","Quick Restart","Replay The Spire","StSLib","UnlockEverythingMod"],"gold_per_floor":[119,119,133,133,175,207,239,273,298,326,1,33,67,67,67,144,144,155,80,80,5,16,45,71,71,71,106,134,168,168,68,68,147,147,166,166,166,218,52,52,85,118,118,118,134,134,167,197,197,197,197],"floor_reached":52,"language":"ZHS","playtime":680,"items_purged":["CarveReality","Dagger Spray"],"score":3329,"play_id":"a312af49-2e88-4a78-812b-4bed38de62c1","local_time":"20210227232913","daily_mods":["SealedDeck","Vintage","Green Cards","Purple Cards","Heirloom","Time Dilation","Flight","DeadlyEvents","Elite Swarm","Lethality","Night Terrors"],"is_ascension_mode":true,"campfire_choices":[{"data":"Limit Break","floor":15.0,"key":"SMITH"},{"data":"Adrenaline","floor":25.0,"key":"SMITH"},{"data":"Ragnarok","floor":30.0,"key":"SMITH"},{"data":"Ragnarok","floor":32.0,"key":"SMITH"},{"data":"Scrawl","floor":40.0,"key":"SMITH"},{"data":"CutThroughFate","floor":40.0,"key":"SMITH"},{"data":"Adrenaline","floor":49,"key":"SMITH"},{"data":"Limit Break","floor":49,"key":"SMITH"}],"circlet_count":1,"master_deck":["AscendersBane","CutThroughFate+1","Dagger Spray","Sword Boomerang+1","Backstab+1","Dagger Throw","Slice","Clash","Limit Break+1","Ragnarok+1","Adrenaline+1","Ragnarok+1","Scrawl+1","Adrenaline+1","Limit Break+1","Adrenaline+1"],"relics":["Unceasing Top","TungstenRod","Blue Doll","NeowsBlessing","Blood Vial","Orichalcum","Mirror","Replay:WaspNest","InkBottle","Whetstone","Bottled Lightning","Replay:Baseball","Strawberry","Circlet","Runic Dome","Regal Pillow","Pocketwatch","Gambling Chip","Mango","Ginger","Replay:Ringing Soul","Vajra","Art of War","Replay:Arrowhead","Replay:Mystery Machine","DollysMirror","Paper Frog","Boot","Mummified Hand","Self Forming Clay","MealTicket","Akabeko"],"acts_visited":["Exordium","TheCity","TheBeyond"],"potions_floor_usage":[50,51],"damage_taken":[{"damage":0.0,"enemies":"Jaw Worm","floor":1.0,"turns":1.0},{"damage":0.0,"enemies":"Small Slimes","floor":3.0,"turns":1.0},{"damage":0.0,"enemies":"Lagavulin","floor":6.0,"turns":2.0},{"damage":0.0,"enemies":"Gremlin Nob","floor":7.0,"turns":2.0},{"damage":0.0,"enemies":"3 Sentries","floor":8.0,"turns":2.0},{"damage":0.0,"enemies":"Gremlin Nob","floor":10.0,"turns":1.0},{"damage":0.0,"enemies":"3 Sentries","floor":12.0,"turns":2.0},{"damage":0.0,"enemies":"Lagavulin","floor":13.0,"turns":1.0},{"damage":0.0,"enemies":"Fading Forest","floor":16.0,"turns":1.0},{"damage":0.0,"enemies":"Shell Parasite","floor":18.0,"turns":1.0},{"damage":0.0,"enemies":"2 Thieves","floor":22.0,"turns":1.0},{"damage":0.0,"enemies":"Gremlin Leader","floor":23.0,"turns":1.0},{"damage":4.0,"enemies":"Slavers","floor":24.0,"turns":2.0},{"damage":0.0,"enemies":"Gremlin Leader","floor":27.0,"turns":1.0},{"damage":0.0,"enemies":"Slavers","floor":28.0,"turns":1.0},{"damage":0.0,"enemies":"Book of Stabbing","floor":29.0,"turns":1.0},{"damage":0.0,"enemies":"Automaton","floor":33.0,"turns":2.0},{"damage":0.0,"enemies":"3 Darklings","floor":35.0,"turns":1.0},{"damage":0.0,"enemies":"Giant Head","floor":41.0,"turns":1.0},{"damage":0.0,"enemies":"R_Hoarder","floor":42.0,"turns":1.0},{"damage":0,"enemies":"Orb Walker","floor":45,"turns":1},{"damage":0,"enemies":"Nemesis","floor":47,"turns":1},{"damage":0,"enemies":"R_Hoarder","floor":48,"turns":1},{"damage":0,"enemies":"Time Eater","floor":50,"turns":1},{"damage":0,"enemies":"Donu and Deca","floor":51,"turns":1}],"seed_played":"8201537354605740548","potions_obtained":[{"floor":1.0,"key":"SneckoOil"},{"floor":5.0,"key":"PowerPotion"},{"floor":6.0,"key":"Block Potion"},{"floor":10.0,"key":"FearPotion"},{"floor":16.0,"key":"Fire Potion"},{"floor":23.0,"key":"Weak Potion"},{"floor":29.0,"key":"Elixir"},{"floor":33.0,"key":"SpeedPotion"},{"floor":42.0,"key":"PowerPotion"},{"floor":47,"key":"FearPotion"}],"is_trial":true,"path_per_floor":["M","WH","M","?","?","E","E","E","T","E","$","E","E","?","R","B",null,"M","?","?","$","M","E","E","R","T","E","E","E","R","$","R","B",null,"M","?","?","T","$","R","E","E","T","?","M","$","E","E","R","B","B",null],"character_chosen":"IRONCLAD","items_purchased":["Dead Branch","DollysMirror"],"campfire_rested":0,"item_purchase_floors":[11,39],"current_hp_per_floor":[68,68,68,68,45,47,49,51,51,53,53,55,64,60,60,62,77,79,79,79,79,81,82,92,92,92,94,96,96,96,96,96,99,99,99,99,99,99,102,102,102,105,105,100,100,100,103,103,103,103,103],"gold":197,"neow_bonus":"THREE_ENEMY_KILL","is_daily":false,"chose_seed":false,"campfire_upgraded":8,"win_rate":0.0,"timestamp":1614439753,"path_taken":["M","WH","M","?","?","E","E","E","T","E","$","E","E","?","R","BOSS","M","?","?","$","?","E","E","R","T","?","E","E","R","$","R","BOSS","M","?","?","?","$","R","?","E","T","?","?","$","E","E","R","BOSS","BOSS"],"items_purchased_type":["Relic","Relic"],"build_version":"2020-12-22","purchased_purges":2,"victory":true,"max_hp_per_floor":[75,75,75,75,75,75,75,75,75,75,75,75,82,82,82,82,82,82,82,82,82,82,82,96,96,96,96,96,96,96,96,96,99,99,99,99,99,99,102,102,102,105,105,100,100,100,103,103,103,103,103],"card_choices":[{"not_picked":["Iron Wave","WindmillStrike"],"picked":"Clash","floor":5.0},{"not_picked":["Reaper","Establishment","Alpha"],"picked":"SKIP","floor":6.0},{"not_picked":["Brutality","Omniscience","Hemogenesis"],"picked":"SKIP","floor":7.0},{"not_picked":["Replay:AllIn","Judgement"],"picked":"Limit Break","floor":8.0},{"not_picked":["Malaise","Omniscience","Impervious"],"picked":"SKIP","floor":10.0},{"not_picked":["Tools of the Trade","Vault"],"picked":"Ragnarok","floor":12.0},{"not_picked":["Atom Bomb","Poison Darts"],"picked":"Adrenaline","floor":13.0},{"not_picked":["Eclipse","Grand Finale"],"picked":"Ragnarok","floor":16.0},{"not_picked":["Impervious","Exhume","Venomology"],"picked":"SKIP","floor":23.0},{"not_picked":["Malaise","Night Terror","Reaper"],"picked":"SKIP","floor":24.0},{"not_picked":["Phantasmal Killer","Brilliance","Devotion"],"picked":"SKIP","floor":27.0},{"not_picked":["Immolate","Corruption","Fiend Fire"],"picked":"SKIP","floor":28.0},{"not_picked":["MasterReality","Envenom","Glass Knife"],"picked":"SKIP","floor":29.0},{"not_picked":["Unload","Envenom"],"picked":"Scrawl","floor":33.0},{"not_picked":["MasterReality","Ragnarok","Brutality"],"picked":"SKIP","floor":41.0},{"not_picked":["Brutality","Burst"],"picked":"Limit Break","floor":42.0},{"not_picked":["Tools of the Trade","Die Die Die"],"picked":"Adrenaline","floor":47},{"not_picked":["Alpha","Malaise","Scrawl"],"picked":"SKIP","floor":48}],"player_experience":89067,"relics_obtained":[{"floor":1.0,"key":"Blue Doll"},{"floor":3.0,"key":"Blood Vial"},{"floor":5.0,"key":"Orichalcum"},{"floor":6.0,"key":"Mirror"},{"floor":7.0,"key":"Replay:WaspNest"},{"floor":8.0,"key":"InkBottle"},{"floor":9.0,"key":"Whetstone"},{"floor":10.0,"key":"Bottled Lightning"},{"floor":12.0,"key":"Replay:Baseball"},{"floor":13.0,"key":"Strawberry"},{"floor":18.0,"key":"Regal Pillow"},{"floor":22.0,"key":"Pocketwatch"},{"floor":23.0,"key":"Gambling Chip"},{"floor":24.0,"key":"Mango"},{"floor":26.0,"key":"Ginger"},{"floor":27.0,"key":"Replay:Ringing Soul"},{"floor":28.0,"key":"Vajra"},{"floor":29.0,"key":"Art of War"},{"floor":35.0,"key":"Replay:Arrowhead"},{"floor":38.0,"key":"Replay:Mystery Machine"},{"floor":41.0,"key":"Paper Frog"},{"floor":42.0,"key":"Boot"},{"floor":43.0,"key":"Mummified Hand"},{"floor":45,"key":"Self Forming Clay"},{"floor":47,"key":"MealTicket"},{"floor":48,"key":"Akabeko"}],"event_choices":[{"damage_healed":0.0,"max_hp_gain":0.0,"max_hp_loss":0.0,"gold_gain":0.0,"event_name":"Liars Game","player_choice":"Ignored","floor":4.0,"gold_loss":0.0,"damage_taken":0.0},{"damage_healed":0.0,"max_hp_gain":0.0,"max_hp_loss":0.0,"gold_gain":0.0,"event_name":"The Woman in Blue","player_choice":"Bought 0 Potions","floor":14.0,"gold_loss":0.0,"damage_taken":0.0},{"cards_removed":["Calculated Gamble"],"damage_healed":0.0,"max_hp_gain":0.0,"max_hp_loss":0.0,"gold_gain":0.0,"event_name":"Beggar","player_choice":"Gave Gold","floor":19.0,"gold_loss":75.0,"damage_taken":0.0},{"damage_healed":0.0,"max_hp_gain":0.0,"max_hp_loss":0.0,"gold_gain":0.0,"event_name":"SensoryStone","player_choice":"Memory 1","floor":36.0,"gold_loss":0.0,"damage_taken":0.0},{"cards_removed":["Clash"],"damage_healed":0.0,"max_hp_gain":0.0,"max_hp_loss":0.0,"gold_gain":0.0,"event_name":"Falling","player_choice":"Removed Attack","floor":37.0,"gold_loss":0.0,"damage_taken":0.0},{"damage_healed":0.0,"max_hp_gain":0.0,"max_hp_loss":5.0,"gold_gain":0.0,"event_name":"Winding Halls","player_choice":"Max HP","floor":44.0,"gold_loss":0.0,"damage_taken":0.0}],"is_beta":false,"boss_relics":[{"not_picked":["Replay:Grab Bag","Replay:Bronze Core"],"picked":"Runic Dome"},{"not_picked":["Busted Crown","Replay:Drink Me","ChewingGum"]}],"items_purged_floors":[21,31],"is_endless":false,"potions_floor_spawned":[1,6,10,16,23,29,33,42,47,48],"ascension_level":20}}