{"host":"y4fuci1jk2rsxnep","time":1614453856,"event":{"mods":["AchievementEnabler","BaseMod","Colored Powertips","Custom Start","Defuse TimeMaze Blight","Dio Mod","Downfall","Hermit","Hero for Fun","Hubris","Hunter ??","Infinite Spire","Minty Spire (QoL Compilation)","Quick Restart","Reliquary","Remove Card Discount Mod","Replay The Spire","StSLib","The Blackbeard","The Bug Knight","The Mystic","The Runesmith"],"gold_per_floor":[219,229,245,39,9,9,9,34,61,61,73,73,100,100,100,203,203,217,217,217,217,204,230,245,245,271,283,283,283],"floor_reached":28,"language":"ENG","playtime":2739,"items_purged":["hermit:Defend_Hermit","hermit:Defend_Hermit","hermit:Defend_Hermit"],"score":308,"play_id":"63b24ab4-fef7-4b73-adf0-40c1cfdc1b2e","local_time":"20210227202416","is_ascension_mode":true,"campfire_choices":[{"data":"hermit:Manifest","floor":6,"key":"SMITH"},{"floor":12,"key":"REST"},{"data":"hermit:ShadowCloak","floor":15,"key":"SMITH"},{"floor":25,"key":"REST"}],"circlet_count":0,"master_deck":["hermit:Strike_Hermit+1","hermit:Strike_Hermit","hermit:Strike_Hermit","hermit:Strike_Hermit","hermit:Defend_Hermit+1","hermit:Snapshot","hermit:Covet","hermit:Determination","hermit:Manifest+1","hermit:ShadowCloak+1","hermit:Determination","hermit:HoleUp","hermit:HoleUp","ReplayTheSpireMod:IOU","ReplayTheSpireMod:IOU","hermit:ShadowCloak","hermit:FromBeyond","hermit:Glare","hermit:Determination","hermit:HoleUp","hermit:HoleUp+1","hermit:Quickdraw+1"],"relics":["hermit:Momento","Replay:Wax Seal","infinitespire:ShieldingShard","Regal Pillow","hubris:OldNail","Blue Doll","reliquary:ThirdArm","Potion Belt","hubris:Backtick","FossilizedHelix","Thread and Needle","Bag of Preparation"],"acts_visited":["Exordium","TheCity"],"potions_floor_usage":[16,16,27],"damage_taken":[{"damage":2,"enemies":"Jaw Worm","floor":1,"turns":3},{"damage":1,"enemies":"Cultist","floor":2,"turns":4},{"damage":1,"enemies":"Small Slimes","floor":3,"turns":4},{"damage":8,"enemies":"Looter","floor":5,"turns":4},{"damage":35,"enemies":"Gremlin Nob","floor":8,"turns":7},{"damage":0,"enemies":"Exordium Thugs","floor":11,"turns":7},{"damage":32,"enemies":"Slime Boss","floor":16,"turns":15},{"damage":10,"enemies":"Shell Parasite","floor":18,"turns":10},{"damage":3,"enemies":"2 Thieves","floor":22,"turns":4},{"damage":26,"enemies":"Nightmare","floor":23,"turns":12},{"damage":0,"enemies":"Shelled Parasite and Fungi","floor":24,"turns":9},{"damage":13,"enemies":"Snecko","floor":27,"turns":7},{"damage":75,"enemies":"Cultist and Chosen","floor":28,"turns":6}],"seed_played":"23819218352422244","potions_obtained":[{"floor":2,"key":"SpeedPotion"},{"floor":10,"key":"Block Potion"},{"floor":10,"key":"Strength Potion"},{"floor":10,"key":"Venom Potion"},{"floor":16,"key":"Fruit Juice"},{"floor":18,"key":"Slimebound:ThreeZeroPotion"}],"is_trial":false,"path_per_floor":["M","M","M","$","M","R","?","E","T","?","M","R","T","?","R","B",null,"M","?","?","AVR","M","NM","M","R","T","M","M"],"character_chosen":"HERMIT","items_purchased":["Replay:Wax Seal","hermit:Determination","hermit:HoleUp","infinitespire:ShieldingShard"],"campfire_rested":2,"item_purchase_floors":[4,4,4,4],"current_hp_per_floor":[73,72,71,71,63,63,48,13,13,13,13,50,50,50,50,23,80,70,70,70,70,67,41,41,80,80,67,0,0],"gold":283,"neow_bonus":"HUNDRED_GOLD","is_daily":false,"chose_seed":false,"campfire_upgraded":2,"win_rate":0.0,"timestamp":1614453856,"path_taken":["M","M","M","$","M","R","?","E","T","?","?","R","?","?","R","BOSS","M","?","?","AVR","M","NM","M","R","T","?","M"],"items_purchased_type":["Relic","Card","Card","Relic"],"build_version":"2020-12-22","purchased_purges":3,"victory":false,"max_hp_per_floor":[75,75,75,75,75,75,75,75,75,75,75,75,75,75,75,80,80,80,80,80,80,80,80,80,80,80,80,80,80],"card_choices":[{"not_picked":["hermit:Maintenance","hermit:ItchyTrigger"],"picked":"hermit:Determination","floor":1},{"not_picked":["hermit:Quickdraw","hermit:BodyArmor"],"picked":"hermit:Manifest","floor":2},{"not_picked":["hermit:Snipe","hermit:Deadeye"],"picked":"hermit:ShadowCloak","floor":3},{"not_picked":["hermit:Desperado","hermit:LoneWolf","hermit:CalledShot"],"picked":"SKIP","floor":5},{"not_picked":["hermit:TakeCover","hermit:HighNoon"],"picked":"hermit:ShadowCloak","floor":8},{"not_picked":["hermit:LowProfile","hermit:ItchyTrigger","hermit:DeadMansHand"],"picked":"SKIP","floor":11},{"not_picked":["hermit:Purgatory","hermit:Adapt"],"picked":"hermit:FromBeyond","floor":16},{"not_picked":["hermit:Enervate+1","hermit:Vantage"],"picked":"hermit:Glare","floor":18},{"not_picked":["hermit:Showdown","hermit:Vantage"],"picked":"hermit:HoleUp","floor":22},{"not_picked":["hermit:ItchyTrigger","hermit:BigShot"],"picked":"hermit:HoleUp+1","floor":23},{"not_picked":["hermit:WideOpen","hermit:Snipe"],"picked":"hermit:Quickdraw+1","floor":24},{"not_picked":["hermit:Vantage","hermit:Headshot+1","hermit:LoneWolf"],"picked":"SKIP","floor":27}],"player_experience":740929,"relics_obtained":[{"floor":8,"key":"Regal Pillow"},{"floor":9,"key":"hubris:OldNail"},{"floor":13,"key":"Blue Doll"},{"floor":23,"key":"Thread and Needle"},{"floor":26,"key":"Bag of Preparation"}],"event_choices":[{"damage_healed":0,"gold_gain":0,"player_choice":"Entered Light","damage_taken":15,"max_hp_gain":0,"max_hp_loss":0,"event_name":"Shining Light","floor":7,"gold_loss":0,"cards_upgraded":["hermit:Defend_Hermit","hermit:Strike_Hermit"]},{"damage_healed":0,"gold_gain":0,"player_choice":"Got Potions","damage_taken":0,"max_hp_gain":0,"max_hp_loss":0,"event_name":"Lab","floor":10,"gold_loss":0},{"damage_healed":0,"gold_gain":0,"player_choice":"Fled","damage_taken":0,"max_hp_gain":0,"max_hp_loss":0,"event_name":"Scrap Ooze","floor":14,"gold_loss":0},{"damage_healed":0,"gold_gain":0,"player_choice":"Ignored","damage_taken":0,"max_hp_gain":0,"max_hp_loss":0,"event_name":"Beggar","floor":19,"gold_loss":0},{"damage_healed":0,"gold_gain":0,"player_choice":"Copied","damage_taken":0,"max_hp_gain":0,"max_hp_loss":0,"event_name":"Duplicator","floor":20,"gold_loss":0,"cards_obtained":["hermit:Determination"]}],"is_beta":false,"boss_relics":[{"not_picked":["Runesmith:UraniumAnvil","Ectoplasm"],"picked":"reliquary:ThirdArm"}],"items_purged_floors":[4,4,4],"is_endless":true,"potions_floor_spawned":[2,16,18],"killed_by":"Cultist and Chosen","ascension_level":4}}