{"host":"k0cm6nn9mnmji9h1","time":1614432394,"event":{"mods":["2.2 Compatiblity","AchievementEnabler","BaseMod","Colored Map","DeckTracker","Gremlin Skip","Highlight Path","Minty Spire (QoL Compilation)","Permanent Neow","StSLib","Waifu the Spire"],"gold_per_floor":[111,125,137,148,168,168,199,199,199,230,245,64,78,78,78,177,177,192,209,224,224,224,224,238,269,296,315,349,365,382,400,400,501,501,521,532,532,532,547,547,14,14,14,32,44,44,44,62,62,62],"floor_reached":51,"language":"KOR","playtime":2632,"items_purged":["Writhe"],"score":807,"play_id":"4ae50e64-5070-4cc3-8e9f-2b512f8f67b5","local_time":"20210227222634","is_ascension_mode":false,"campfire_choices":[{"data":"Infinite Blades","floor":6,"key":"SMITH"},{"floor":8,"key":"REST"},{"data":"Blind","floor":15,"key":"SMITH"},{"data":"Envenom","floor":23,"key":"SMITH"},{"data":"Footwork","floor":32,"key":"SMITH"},{"floor":40,"key":"REST"},{"data":"Mayhem","floor":42,"key":"SMITH"},{"data":"Neutralize","floor":49,"key":"SMITH"}],"circlet_count":0,"master_deck":["Strike_G+1","Strike_G+1","Strike_G+1","Strike_G+1","Defend_G+1","Defend_G+1","Defend_G+1","Defend_G+1","Defend_G+1","Survivor","Neutralize+1","Blind+1","Dagger Spray","Infinite Blades+1","Blade Dance","Skewer","Dash","Caltrops","PiercingWail","Footwork+1","Dodge and Roll","Envenom+1","CurseOfTheBell","PiercingWail+1","Backstab","Backflip","Heel Hook","Quick Slash+1","Acrobatics","Cloak And Dagger+1","Choke","A Thousand Cuts","Calculated Gamble+1","Cloak And Dagger+1","Well Laid Plans","Mayhem+1","Blur","Escape Plan+1","Caltrops+1","Crippling Poison"],"relics":["Ring of the Snake","Toy Ornithopter","The Courier","Pear","Chemical X","Calling Bell","Lantern","Paper Crane","Thread and Needle","Shuriken","Bag of Marbles","Prayer Wheel","SlaversCollar","Kunai","HornCleat","Mummified Hand"],"acts_visited":["Exordium","TheCity","TheBeyond"],"potions_floor_usage":[16,25,25,30,33,36,36,45,50,50,50],"damage_taken":[{"damage":0,"enemies":"2 Louse","floor":1,"turns":3},{"damage":0,"enemies":"Cultist","floor":2,"turns":5},{"damage":0,"enemies":"Small Slimes","floor":3,"turns":3},{"damage":2,"enemies":"Red Slaver","floor":4,"turns":5},{"damage":2,"enemies":"3 Louse","floor":5,"turns":3},{"damage":22,"enemies":"Gremlin Nob","floor":7,"turns":5},{"damage":6,"enemies":"3 Sentries","floor":10,"turns":7},{"damage":2,"enemies":"2 Fungi Beasts","floor":11,"turns":3},{"damage":1,"enemies":"Blue Slaver","floor":13,"turns":4},{"damage":5,"enemies":"The Guardian","floor":16,"turns":12},{"damage":6,"enemies":"Spheric Guardian","floor":18,"turns":5},{"damage":0,"enemies":"2 Thieves","floor":19,"turns":5},{"damage":4,"enemies":"Centurion and Healer","floor":20,"turns":7},{"damage":2,"enemies":"Chosen and Byrds","floor":24,"turns":7},{"damage":20,"enemies":"Slavers","floor":25,"turns":6},{"damage":5,"enemies":"Cultist and Chosen","floor":27,"turns":6},{"damage":12,"enemies":"Gremlin Leader","floor":28,"turns":8},{"damage":2,"enemies":"Shelled Parasite and Fungi","floor":29,"turns":5},{"damage":3,"enemies":"Chosen and Byrds","floor":30,"turns":4},{"damage":0,"enemies":"Centurion and Healer","floor":31,"turns":4},{"damage":5,"enemies":"Automaton","floor":33,"turns":9},{"damage":39,"enemies":"3 Shapes","floor":35,"turns":7},{"damage":24,"enemies":"3 Darklings","floor":36,"turns":6},{"damage":28,"enemies":"Spire Growth","floor":39,"turns":7},{"damage":6,"enemies":"Sphere and 2 Shapes","floor":44,"turns":4},{"damage":0,"enemies":"Transient","floor":45,"turns":5},{"damage":2,"enemies":"4 Shapes","floor":48,"turns":5},{"damage":0,"enemies":"Donu and Deca","floor":50,"turns":8}],"seed_played":"-2931752681647931978","potions_obtained":[{"floor":1,"key":"Explosive Potion"},{"floor":10,"key":"Regen Potion"},{"floor":11,"key":"CunningPotion"},{"floor":19,"key":"Strength Potion"},{"floor":25,"key":"SpeedPotion"},{"floor":28,"key":"Regen Potion"},{"floor":30,"key":"Fruit Juice"},{"floor":35,"key":"DuplicationPotion"},{"floor":44,"key":"Swift Potion"},{"floor":45,"key":"GamblersBrew"}],"is_trial":false,"path_per_floor":["M","M","M","M","M","R","E","R","T","E","M","$","M","?","R","B",null,"M","M","M","?","?","R","M","E","T","M","E","M","M","M","R","B",null,"M","M","?","?","M","R","$","R","T","M","M","$","?","M","R","B",null],"character_chosen":"THE_SILENT","items_purchased":["Chemical X","Footwork","Kunai","HornCleat","Fruit Juice"],"campfire_rested":2,"item_purchase_floors":[12,12,41,41,41],"current_hp_per_floor":[70,70,70,68,66,66,44,65,65,69,67,67,66,66,66,66,80,74,74,70,70,64,64,62,66,66,61,49,47,61,61,61,61,80,41,32,53,53,25,50,50,50,50,44,54,54,54,52,52,67],"gold":62,"neow_bonus":"RANDOM_COLORLESS","is_daily":false,"chose_seed":false,"campfire_upgraded":6,"win_rate":0.0,"timestamp":1614432394,"path_taken":["M","M","M","M","M","R","E","R","T","E","M","$","M","?","R","BOSS","M","M","M","?","?","R","M","E","T","?","E","M","M","M","R","BOSS","M","M","?","?","M","R","$","R","T","M","M","?","?","M","R","BOSS"],"items_purchased_type":["Relic","Card","Relic","Relic","Potion"],"build_version":"2020-12-22","purchased_purges":1,"victory":true,"max_hp_per_floor":[70,70,70,70,70,70,70,70,70,80,80,80,80,80,80,80,80,80,80,80,80,80,80,80,80,80,80,80,80,80,80,80,80,80,80,85,85,85,85,85,85,85,85,85,90,90,90,90,90,90],"card_choices":[{"not_picked":["Forethought","Mind Blast"],"picked":"Blind","floor":0},{"not_picked":["Prepared","Calculated Gamble","PiercingWail"],"picked":"SKIP","floor":1},{"not_picked":["Accuracy","Expertise"],"picked":"Dagger Spray","floor":2},{"not_picked":["Calculated Gamble","Acrobatics"],"picked":"Infinite Blades","floor":3},{"not_picked":["Heel Hook","Backflip"],"picked":"Blade Dance","floor":4},{"not_picked":["Eviscerate","Blur"],"picked":"Skewer","floor":5},{"not_picked":["Flechettes","Distraction"],"picked":"Dash","floor":7},{"not_picked":["Wraith Form v2","Underhanded Strike"],"picked":"Caltrops","floor":10},{"not_picked":["Acrobatics","Deflect"],"picked":"PiercingWail","floor":11},{"not_picked":["Caltrops","Sucker Punch"],"picked":"Dodge and Roll","floor":13},{"not_picked":["Die Die Die","Phantasmal Killer"],"picked":"Envenom","floor":16},{"not_picked":["Blade Dance","Concentrate"],"picked":"PiercingWail+1","floor":18},{"not_picked":["Quick Slash","Bouncing Flask"],"picked":"Backstab","floor":19},{"not_picked":["Storm of Steel","Footwork"],"picked":"Backflip","floor":20},{"not_picked":["Distraction","PiercingWail","Deflect"],"picked":"SKIP","floor":24},{"not_picked":["Sucker Punch","Catalyst","Slice"],"picked":"SKIP","floor":25},{"not_picked":["Catalyst","Caltrops","Slice"],"picked":"SKIP","floor":27},{"not_picked":["Flying Knee+1","Dagger Spray"],"picked":"Heel Hook","floor":28},{"not_picked":["Slice","Flying Knee"],"picked":"Quick Slash+1","floor":29},{"not_picked":["Outmaneuver","Quick Slash"],"picked":"Acrobatics","floor":29},{"not_picked":["Envenom","All Out Attack"],"picked":"Cloak And Dagger+1","floor":30},{"not_picked":["Expertise+1","Masterful Stab"],"picked":"Choke","floor":30},{"not_picked":["Bane+1","PiercingWail","Deflect+1"],"picked":"SKIP","floor":31},{"not_picked":["Choke","Bane+1","Underhanded Strike"],"picked":"SKIP","floor":31},{"not_picked":["Night Terror","Unload"],"picked":"A Thousand Cuts","floor":33},{"not_picked":["Catalyst+1","Poisoned Stab"],"picked":"Calculated Gamble+1","floor":35},{"not_picked":["Quick Slash+1","Outmaneuver","Bane+1"],"picked":"SKIP","floor":35},{"not_picked":["Prepared+1","Endless Agony+1"],"picked":"Cloak And Dagger+1","floor":36},{"not_picked":["Leg Sweep+1","Slice"],"picked":"Well Laid Plans","floor":36},{"not_picked":["Jack Of All Trades","Apotheosis"],"picked":"Mayhem","floor":38},{"not_picked":["Underhanded Strike+1","Prepared+1","Deadly Poison"],"picked":"SKIP","floor":39},{"not_picked":["Concentrate+1","Distraction+1","Underhanded Strike+1"],"picked":"SKIP","floor":39},{"not_picked":["PiercingWail","Flying Knee+1"],"picked":"Blur","floor":44},{"not_picked":["Acrobatics","Dagger Spray"],"picked":"Escape Plan+1","floor":44},{"not_picked":["Tactician+1","Bouncing Flask+1","Dagger Throw"],"picked":"SKIP","floor":45},{"not_picked":["Finisher+1","PiercingWail+1","Catalyst"],"picked":"SKIP","floor":45},{"not_picked":["Riddle With Holes","Acrobatics+1"],"picked":"Caltrops+1","floor":48},{"not_picked":["Choke+1","Deadly Poison+1"],"picked":"Crippling Poison","floor":48}],"player_experience":533418,"relics_obtained":[{"floor":7,"key":"Toy Ornithopter"},{"floor":9,"key":"The Courier"},{"floor":10,"key":"Pear"},{"floor":17,"key":"Lantern"},{"floor":17,"key":"Paper Crane"},{"floor":17,"key":"Thread and Needle"},{"floor":25,"key":"Shuriken"},{"floor":26,"key":"Bag of Marbles"},{"floor":28,"key":"Prayer Wheel"},{"floor":43,"key":"Mummified Hand"}],"event_choices":[{"cards_removed":["Strike_G"],"damage_healed":0,"gold_gain":0,"player_choice":"Purged","damage_taken":0,"max_hp_gain":0,"max_hp_loss":0,"event_name":"Purifier","floor":14,"gold_loss":0},{"damage_healed":0,"gold_gain":0,"player_choice":"Simplicity","damage_taken":0,"max_hp_gain":0,"max_hp_loss":0,"event_name":"Back to Basics","floor":21,"gold_loss":0,"cards_upgraded":["Strike_G","Strike_G","Strike_G","Strike_G","Defend_G","Defend_G","Defend_G","Defend_G","Defend_G"]},{"damage_healed":0,"gold_gain":0,"player_choice":"","damage_taken":6,"max_hp_gain":0,"max_hp_loss":0,"event_name":"Knowing Skull","floor":22,"potions_obtained":[],"gold_loss":0,"cards_obtained":[]},{"damage_healed":21,"gold_gain":0,"player_choice":"Writhe","damage_taken":0,"max_hp_gain":0,"max_hp_loss":0,"event_name":"Winding Halls","floor":37,"gold_loss":0,"cards_obtained":["Writhe"]},{"damage_healed":0,"gold_gain":0,"player_choice":"Memory 1","damage_taken":0,"max_hp_gain":0,"max_hp_loss":0,"event_name":"SensoryStone","floor":38,"gold_loss":0},{"damage_healed":0,"gold_gain":0,"player_choice":"Ignored","damage_taken":0,"max_hp_gain":0,"max_hp_loss":0,"event_name":"Mysterious Sphere","floor":47,"gold_loss":0}],"is_beta":false,"boss_relics":[{"not_picked":["Astrolabe","Velvet Choker"],"picked":"Calling Bell"},{"not_picked":["Philosopher\u0027s Stone","Runic Dome"],"picked":"SlaversCollar"}],"items_purged_floors":[41],"is_endless":false,"potions_floor_spawned":[1,10,11,13,19,20,25,28,29,30,35,44,45],"ascension_level":0}}