{"host":"q57ekfojy3i00x9o","time":1614452380,"event":{"mods":["Act Like it!","Arknights","Aspiration","BaseMod","Colored Map","Energized Spire","Hermit","Minty Spire (QoL Compilation)","Quick Restart","Ruina","Spicy Shops","Spikes Relics","StSLib","slay the spire mod where everything is the same but ironclad has a cowboy hat"],"gold_per_floor":[111,386,100,110,123,123,135,209,232,262,232,267,279,292,292,371,371,388,219,399,399,399],"floor_reached":21,"language":"RUS","playtime":422,"items_purged":["Regret","Doubt"],"score":359,"play_id":"793f337d-9904-4162-9884-fe7a7f9be968","local_time":"20210227235940","is_ascension_mode":true,"campfire_choices":[{"data":"Uppercut","floor":6,"key":"SMITH"},{"floor":15,"key":"REST"}],"circlet_count":0,"master_deck":["AscendersBane","Strike_R","Strike_R","Strike_R","Strike_R","Strike_R","Defend_R","Defend_R","Defend_R","Defend_R","Bash","Thunderclap","Headbutt","Anger","Uppercut+1","Perfected Strike","Shrug It Off","Twin Strike","Wild Strike","Clash","Feed","Inflame"],"relics":["Philosopher\u0027s Stone","Regal Pillow","Happy Flower","Ornamental Fan","Pantograph","SlaversCollar","ClockworkSouvenir"],"acts_visited":["Exordium","TheCity"],"potions_floor_usage":[10,10,12,12,16],"damage_taken":[{"damage":0,"enemies":"Jaw Worm","floor":1,"turns":3},{"damage":7,"enemies":"Cultist","floor":4,"turns":3},{"damage":11,"enemies":"2 Louse","floor":5,"turns":2},{"damage":17,"enemies":"Exordium Thugs","floor":7,"turns":4},{"damage":10,"enemies":"Lagavulin","floor":10,"turns":3},{"damage":6,"enemies":"Gremlin Nob","floor":12,"turns":3},{"damage":4,"enemies":"Exordium Wildlife","floor":13,"turns":3},{"damage":7,"enemies":"Lots of Slimes","floor":14,"turns":4},{"damage":28,"enemies":"The Guardian","floor":16,"turns":9},{"damage":20,"enemies":"2 Thieves","floor":18,"turns":3},{"damage":32,"enemies":"Shell Parasite","floor":21,"turns":4}],"seed_played":"-6651964335670091011","potions_obtained":[{"floor":4,"key":"Weak Potion"},{"floor":7,"key":"Strength Potion"},{"floor":11,"key":"DuplicationPotion"},{"floor":11,"key":"SneckoOil"},{"floor":14,"key":"CultistPotion"}],"is_trial":false,"path_per_floor":["M","?","$","M","M","R","M","?","T","E","?","E","M","M","R","B",null,"M","$","?","M"],"character_chosen":"IRONCLAD","items_purchased":["Regal Pillow","Headbutt","ClockworkSouvenir"],"campfire_rested":1,"item_purchase_floors":[3,3,19],"current_hp_per_floor":[68,68,68,61,50,50,33,33,33,23,23,17,13,6,43,40,66,49,49,30,0,0],"gold":399,"neow_bonus":"BOSS_RELIC","is_daily":false,"chose_seed":false,"campfire_upgraded":1,"win_rate":0.0,"timestamp":1614452380,"path_taken":["M","?","$","M","?","R","M","?","T","E","?","E","?","M","R","BOSS","M","$","?","?"],"items_purchased_type":["Relic","Card","Relic"],"build_version":"2020-12-22","purchased_purges":2,"victory":false,"max_hp_per_floor":[75,75,75,75,75,75,75,75,75,75,75,75,75,75,75,75,75,78,78,78,78,78],"card_choices":[{"not_picked":["Iron Wave","Burning Pact"],"picked":"Thunderclap","floor":1},{"not_picked":["Body Slam","Burning Pact"],"picked":"Anger","floor":4},{"not_picked":["Brutality","Shrug It Off"],"picked":"Uppercut","floor":5},{"not_picked":["Body Slam","Evolve"],"picked":"Perfected Strike","floor":7},{"not_picked":["Havoc","Bloodletting"],"picked":"Shrug It Off","floor":10},{"not_picked":["Wild Strike","Shockwave"],"picked":"Twin Strike","floor":12},{"not_picked":["Corruption","Fire Breathing"],"picked":"Wild Strike","floor":13},{"not_picked":["Shrug It Off","True Grit"],"picked":"Clash","floor":14},{"not_picked":["Corruption","Exhume"],"picked":"Feed","floor":16},{"not_picked":["Havoc","Hemokinesis"],"picked":"Inflame","floor":18}],"player_experience":804302,"relics_obtained":[{"floor":9,"key":"Happy Flower"},{"floor":10,"key":"Ornamental Fan"},{"floor":12,"key":"Pantograph"}],"event_choices":[{"damage_healed":0,"gold_gain":275,"player_choice":"Desecrate","damage_taken":0,"max_hp_gain":0,"max_hp_loss":0,"event_name":"Golden Shrine","floor":2,"gold_loss":0,"cards_obtained":["Regret"]},{"damage_healed":0,"gold_gain":74,"player_choice":"Gained Gold","damage_taken":0,"max_hp_gain":0,"max_hp_loss":0,"event_name":"Golden Wing","floor":8,"gold_loss":0},{"damage_healed":0,"gold_gain":0,"player_choice":"Bought 2 Potions","damage_taken":0,"max_hp_gain":0,"max_hp_loss":0,"event_name":"The Woman in Blue","floor":11,"gold_loss":0},{"damage_healed":0,"gold_gain":180,"player_choice":"GOLD GOLD ","damage_taken":19,"max_hp_gain":0,"max_hp_loss":0,"event_name":"Knowing Skull","floor":20,"potions_obtained":[],"gold_loss":0,"cards_obtained":[]}],"is_beta":false,"boss_relics":[{"not_picked":["aspiration:RunicSpoon","energizedSpire:RedRose"],"picked":"SlaversCollar"}],"items_purged_floors":[3,19],"is_endless":false,"potions_floor_spawned":[4,7,14],"killed_by":"Shell Parasite","ascension_level":18}}