{"host":"lsq35p0sdkx2xifo","time":1614434404,"event":{"mods":["AchievementEnabler","BaseMod","Highlight Path","Minty Spire (QoL Compilation)","StSLib","The Senshi"],"gold_per_floor":[119,15,29,44,5,36,55,0,27,27,27,82,116,116,116,212,212,231,214,214,214],"floor_reached":20,"language":"ENG","playtime":900,"items_purged":["Strike_G"],"score":337,"play_id":"658c4e0b-aede-4e1c-91a1-8740c33fbd0b","local_time":"20210227060004","is_ascension_mode":true,"campfire_choices":[{"floor":10.0,"key":"REST"},{"floor":15.0,"key":"REST"}],"circlet_count":0,"master_deck":["AscendersBane","Strike_G","Strike_G","Strike_G","Strike_G","Defend_G","Defend_G","Defend_G","Defend_G","Defend_G","Survivor","Neutralize","Heel Hook","Dagger Throw","Underhanded Strike","Infinite Blades","Footwork","Venomology","Prepared","Injury","Backflip","Grand Finale","Cloak And Dagger","Heel Hook"],"relics":["Ring of the Snake","NeowsBlessing","Ancient Tea Set","Golden Idol","Nunchaku","Busted Crown"],"acts_visited":["Exordium","TheCity"],"potions_floor_usage":[20,20,20,20],"damage_taken":[{"damage":0.0,"enemies":"Small Slimes","floor":1.0,"turns":1.0},{"damage":0.0,"enemies":"Jaw Worm","floor":3.0,"turns":1.0},{"damage":0.0,"enemies":"Cultist","floor":4.0,"turns":1.0},{"damage":43.0,"enemies":"3 Sentries","floor":6.0,"turns":10.0},{"damage":0.0,"enemies":"3 Louse","floor":7.0,"turns":1.0},{"damage":41.0,"enemies":"Lagavulin","floor":13.0,"turns":7.0},{"damage":25.0,"enemies":"The Guardian","floor":16.0,"turns":16.0},{"damage":22.0,"enemies":"3 Byrds","floor":18.0,"turns":7.0},{"damage":18.0,"enemies":"2 Thieves","floor":19.0,"turns":4.0},{"damage":20,"enemies":"Snake Plant","floor":20,"turns":2}],"seed_played":"3543187354857341126","potions_obtained":[{"floor":4.0,"key":"FairyPotion"},{"floor":6.0,"key":"Explosive Potion"},{"floor":13.0,"key":"FearPotion"},{"floor":16.0,"key":"FearPotion"},{"floor":19.0,"key":"EssenceOfSteel"}],"is_trial":false,"path_per_floor":["M","$","M","M","$","E","M","?","T","R","?","?","E","?","R","B",null,"M","M","M"],"character_chosen":"THE_SILENT","items_purchased":["Dagger Throw","Footwork"],"campfire_rested":2,"item_purchase_floors":[2,5],"current_hp_per_floor":[59,59,59,59,59,16,16,16,16,35,35,35,19,19,38,13,53,31,13,0,0],"gold":214,"neow_bonus":"THREE_ENEMY_KILL","is_daily":false,"chose_seed":false,"campfire_upgraded":0,"win_rate":0.0,"timestamp":1614434404,"path_taken":["M","$","M","M","$","E","M","?","T","R","?","?","E","?","R","BOSS","M","M","M"],"items_purchased_type":["Card","Card"],"build_version":"2020-12-22","purchased_purges":1,"victory":false,"max_hp_per_floor":[66,66,66,66,66,66,66,66,66,66,66,66,66,66,66,66,66,66,66,66,66],"card_choices":[{"not_picked":["Acrobatics","Quick Slash"],"picked":"Heel Hook","floor":1.0},{"not_picked":["Slice","Backflip"],"picked":"Underhanded Strike","floor":3.0},{"not_picked":["Deadly Poison","Flying Knee"],"picked":"Infinite Blades","floor":4.0},{"not_picked":["Setup","Sucker Punch"],"picked":"Venomology","floor":6.0},{"not_picked":["Slice","PiercingWail"],"picked":"Prepared","floor":7.0},{"not_picked":["Cloak And Dagger","Concentrate"],"picked":"Backflip","floor":13.0},{"not_picked":["Storm of Steel","Wraith Form v2"],"picked":"Grand Finale","floor":16.0},{"not_picked":[],"picked":"Cloak And Dagger","floor":18.0},{"not_picked":[],"picked":"Heel Hook","floor":19.0}],"player_experience":1445018,"relics_obtained":[{"floor":6.0,"key":"Ancient Tea Set"},{"floor":13.0,"key":"Nunchaku"}],"event_choices":[{"damage_healed":0.0,"max_hp_gain":0.0,"max_hp_loss":0.0,"gold_gain":0.0,"event_name":"World of Goop","player_choice":"Left Gold","floor":8.0,"gold_loss":55.0,"damage_taken":0.0},{"damage_healed":0.0,"max_hp_gain":0.0,"max_hp_loss":0.0,"gold_gain":0.0,"event_name":"Golden Idol","player_choice":"Take Wound","floor":11.0,"gold_loss":0.0,"damage_taken":0.0,"relics_obtained":["Golden Idol"],"cards_obtained":["Injury"]},{"damage_healed":0.0,"max_hp_gain":0.0,"max_hp_loss":0.0,"gold_gain":55.0,"event_name":"Golden Wing","player_choice":"Gained Gold","floor":12.0,"gold_loss":0.0,"damage_taken":0.0},{"damage_healed":0.0,"max_hp_gain":0.0,"max_hp_loss":0.0,"gold_gain":0.0,"event_name":"Shining Light","player_choice":"Ignored","floor":14.0,"gold_loss":0.0,"damage_taken":0.0}],"is_beta":false,"boss_relics":[{"not_picked":["Ectoplasm","Fusion Hammer"],"picked":"Busted Crown"}],"items_purged_floors":[2],"is_endless":false,"potions_floor_spawned":[4,6,13,16,19],"killed_by":"Snake Plant","ascension_level":17}}