{"host":"zxkjcgzis4pm3za5","time":1614408142,"event":{"mods":["2.2 Compatiblity","AchievementEnabler","BaseMod","Colored Map","Colored Powertips","Minty Spire (QoL Compilation)","Quick Restart","Random Character Button","Relic Filter Mod","Relic Sorter","Relic Stats","StSLib","ojb\u0027s Info Mod"],"gold_per_floor":[210,210,180,192,203,232,232,264,264,274,274,174,232,245,245,316,316,329,201,214,214,226,226,141,184,184,184,184,184],"floor_reached":28,"language":"ENG","playtime":957,"items_purged":["Strike_B","Strike_B"],"score":492,"play_id":"c14f72bb-55c3-46a1-bec5-42bf3c6f893b","local_time":"20210227121222","is_ascension_mode":true,"campfire_choices":[{"data":"Defragment","floor":7,"key":"SMITH"},{"data":"Doom and Gloom","floor":11,"key":"SMITH"},{"floor":15,"key":"REST"},{"floor":23,"key":"REST"}],"circlet_count":0,"master_deck":["AscendersBane","Strike_B","Strike_B","Defend_B","Defend_B","Defend_B","Defend_B","Zap","Dualcast","Melter","Doom and Gloom+1","Defragment+1","Compile Driver","Ball Lightning","Stack+1","Fusion+1","Hologram+1","Echo Form","Turbo+1","Redo+1","Cold Snap","Rainbow+1","Skim+1"],"relics":["Cracked Core","Lantern","Toxic Egg 2","Blood Vial","Oddly Smooth Stone","Fusion Hammer","Happy Flower","CeramicFish","Eternal Feather"],"acts_visited":["Exordium","TheCity"],"potions_floor_usage":[6,8,10,14,22,25],"damage_taken":[{"damage":0,"enemies":"Small Slimes","floor":1,"turns":3},{"damage":2,"enemies":"Jaw Worm","floor":4,"turns":3},{"damage":1,"enemies":"Cultist","floor":5,"turns":3},{"damage":15,"enemies":"3 Sentries","floor":6,"turns":5},{"damage":13,"enemies":"Lagavulin","floor":8,"turns":6},{"damage":0,"enemies":"3 Louse","floor":10,"turns":1},{"damage":26,"enemies":"3 Sentries","floor":13,"turns":4},{"damage":1,"enemies":"Blue Slaver","floor":14,"turns":3},{"damage":4,"enemies":"The Guardian","floor":16,"turns":9},{"damage":21,"enemies":"2 Thieves","floor":18,"turns":4},{"damage":0,"enemies":"Spheric Guardian","floor":20,"turns":2},{"damage":4,"enemies":"Centurion and Healer","floor":22,"turns":7},{"damage":43,"enemies":"Slavers","floor":25,"turns":6},{"damage":11,"enemies":"Chosen and Byrds","floor":28,"turns":2}],"seed_played":"8314752864664306006","potions_obtained":[{"floor":3,"key":"SkillPotion"},{"floor":3,"key":"AttackPotion"},{"floor":4,"key":"DistilledChaos"},{"floor":6,"key":"Block Potion"},{"floor":8,"key":"Swift Potion"},{"floor":13,"key":"Block Potion"},{"floor":18,"key":"SteroidPotion"},{"floor":20,"key":"LiquidMemories"}],"is_trial":false,"path_per_floor":["M","?","?","M","M","E","R","E","T","M","R","$","?","M","R","B",null,"M","$","M","?","M","R","?","E","T","?","M"],"character_chosen":"DEFECT","items_purchased":["Stack+1","Redo+1"],"campfire_rested":2,"item_purchase_floors":[12,19],"current_hp_per_floor":[64,69,69,67,66,51,51,38,38,40,40,40,16,17,39,37,66,47,47,49,27,25,49,49,8,8,8,0,0],"gold":184,"neow_bonus":"HUNDRED_GOLD","is_daily":false,"chose_seed":false,"campfire_upgraded":2,"win_rate":0.0,"timestamp":1614408142,"path_taken":["M","?","?","?","M","E","R","E","T","M","R","$","?","M","R","BOSS","M","$","M","?","M","R","?","E","T","?","M"],"items_purchased_type":["Card","Card"],"build_version":"2020-12-22","purchased_purges":2,"victory":false,"max_hp_per_floor":[71,76,76,76,76,76,76,76,76,76,76,76,76,76,76,76,76,76,76,76,81,81,81,81,81,81,81,81,81],"relic_stats":{"Blood Vial":18,"Happy Flower":[2],"counters":[14,58],"CeramicFish":9,"Eternal Feather":0,"obtain_stats":[{"Blood Vial":9,"Lantern":6,"Happy Flower":24,"CeramicFish":25,"Oddly Smooth Stone":13,"Eternal Feather":26,"Fusion Hammer":17,"Toxic Egg 2":8,"Cracked Core":0},{"Blood Vial":5,"Lantern":4,"Happy Flower":12,"CeramicFish":13,"Oddly Smooth Stone":7,"Eternal Feather":13,"Fusion Hammer":9,"Toxic Egg 2":5,"Cracked Core":0},{"Blood Vial":20,"Lantern":14,"Happy Flower":50,"CeramicFish":56,"Oddly Smooth Stone":25,"Eternal Feather":56,"Fusion Hammer":37,"Toxic Egg 2":20,"Cracked Core":0}]},"card_choices":[{"not_picked":["Rebound","Steam"],"picked":"Melter","floor":1},{"not_picked":["Heatsinks","Sweeping Beam"],"picked":"Doom and Gloom","floor":4},{"not_picked":["Blizzard","Steam"],"picked":"Defragment","floor":5},{"not_picked":["Go for the Eyes","Rebound"],"picked":"Compile Driver","floor":6},{"not_picked":["Blizzard","Hello World","Melter"],"picked":"SKIP","floor":8},{"not_picked":["Gash","Beam Cell"],"picked":"Ball Lightning","floor":10},{"not_picked":["Auto Shields+1","Melter"],"picked":"Fusion+1","floor":13},{"not_picked":["Compile Driver","Streamline"],"picked":"Hologram+1","floor":14},{"not_picked":["Hyperbeam","Multi-Cast+1"],"picked":"Echo Form","floor":16},{"not_picked":["BootSequence+1","Hologram+1"],"picked":"Turbo+1","floor":18},{"not_picked":["Go for the Eyes","Sweeping Beam+1"],"picked":"Cold Snap","floor":20},{"not_picked":["Streamline+1","Reinforced Body+1"],"picked":"Rainbow+1","floor":22},{"not_picked":["Compile Driver","Auto Shields+1"],"picked":"Skim+1","floor":25}],"player_experience":443178,"relics_obtained":[{"floor":6,"key":"Lantern"},{"floor":8,"key":"Toxic Egg 2"},{"floor":9,"key":"Blood Vial"},{"floor":13,"key":"Oddly Smooth Stone"},{"floor":25,"key":"CeramicFish"},{"floor":26,"key":"Eternal Feather"}],"event_choices":[{"damage_healed":0,"gold_gain":0,"player_choice":"Donut","damage_taken":0,"max_hp_gain":5,"max_hp_loss":0,"event_name":"Big Fish","floor":2,"gold_loss":0},{"damage_healed":0,"gold_gain":0,"player_choice":"Bought 2 Potions","damage_taken":0,"max_hp_gain":0,"max_hp_loss":0,"event_name":"The Woman in Blue","floor":3,"gold_loss":0},{"damage_healed":0,"gold_gain":0,"player_choice":"Searched \u00271\u0027 times","damage_taken":0,"max_hp_gain":0,"max_hp_loss":0,"event_name":"Dead Adventurer","floor":13,"gold_loss":0},{"damage_healed":0,"gold_gain":0,"player_choice":"Shed Blood","damage_taken":27,"max_hp_gain":5,"max_hp_loss":0,"event_name":"Forgotten Altar","floor":21,"gold_loss":0},{"damage_healed":0,"gold_gain":0,"player_choice":"Obtained Relic","damage_taken":0,"relics_obtained":["Happy Flower"],"max_hp_gain":0,"max_hp_loss":0,"event_name":"Addict","floor":24,"gold_loss":85},{"damage_healed":0,"gold_gain":0,"player_choice":"0 cards matched","damage_taken":0,"max_hp_gain":0,"max_hp_loss":0,"event_name":"Match and Keep!","floor":27,"gold_loss":0,"cards_obtained":[]}],"is_beta":false,"boss_relics":[{"not_picked":["Black Star","Sozu"],"picked":"Fusion Hammer"}],"items_purged_floors":[12,19],"is_endless":false,"potions_floor_spawned":[4,6,8,13,18,20],"killed_by":"Chosen and Byrds","ascension_level":20}}