{"host":"3wucmrsmney0jioo","time":1614411880,"event":{"mods":["100% Spire Juice","BaseMod","Library of Ruina","Minty Spire (QoL Compilation)","MostiFishMod","Prisma Mod","Reliquary","Replay The Spire","Spicy Shops","StSLib","¡¾ÒÅÎï¿¨ÅÆ¡¿REMEMod"],"gold_per_floor":[119,119,69,69,69,100,100,134,157,157,172,192,206,206,206,309,309,324,338,338,349,299,334,334,359,359,369,66,66,66,79,79,79,79,181,181,193,193,245,256,52,52,84,84,84,115,115,125,175,175,175,175,175,175,4,69,69],"floor_reached":58,"language":"ZHS","playtime":2590,"items_purged":["PrismaMod:MiyuCommonDefend","LightDefense"],"score":1661,"play_id":"d2ad116a-09fe-42f5-9e10-3d524aa2e784","local_time":"20210227154440","is_ascension_mode":false,"campfire_choices":[{"data":"Zzzzzap","floor":7,"key":"SMITH"},{"data":"UpbeatPerformance","floor":10,"key":"SMITH"},{"data":"Observe","floor":15,"key":"SMITH"},{"data":"DistortedBlade","floor":24,"key":"SMITH"},{"data":"BoundaryOfDeath","floor":34,"key":"SMITH"},{"floor":42,"key":"REST"},{"floor":51,"key":"RECALL"},{"data":"SavageMode","floor":54,"key":"SMITH"}],"circlet_count":0,"master_deck":["Dodge","LightDefense","LightDefense","MostiFishMod:HellRitual+1","Diversion","Zzzzzap+1","UpbeatPerformance+1","GuidanceOfTheGears","Observe+1","SnakeSlit","Laceration","SavageMode+1","DistortedBlade+1","Punishment","HardRehearsal+1","FeelinGood+1","BoundaryOfDeath+1","EmotionalTurbulence","SnakesPrey","RepressedFlesh+1","Bite+1","Bite+1","Bite+1","Bite+1","Bite+1","GutHarvesting+1","AsThePrescriptOrders+1","TendonChords+1","FrontalAssault+1","ViolentFlame","GuidanceOfTheGears","REME_FirmDetermination","RhinoRam+1","MostiFishMod:HellRitual+1","ForTheFamily","InhaleSmoke","SpearedSweep+1","PreemptiveStrike+1"],"relics":["PageOfLibrarian","DaveBox","REME_ComplimentaryCards","PatriotShield","SynthV:TestCard","PageOfSnowWhitesApple","Toy Ornithopter","Omamori","ChewingGum","MutagenicStrength","Divine Protection","reliquary:WeakTea","PageOfWayBackHome","Molten Egg 2","Busted Crown","Dodecahedron","CombinedTypeHook","reliquary:Firecrackers","Gambling Chip","ReplayTheSpireMod:CursedCoin","reliquary:BallBearing","reliquary:BrokenClock","reliquary:PartyBalloon"],"acts_visited":["Exordium","TheCity","TheBeyond","TheEnding"],"potions_floor_usage":[16,35,35,57,57,57],"damage_taken":[{"damage":0,"enemies":"2 Louse","floor":1,"turns":2},{"damage":0,"enemies":"3 Sentries","floor":6,"turns":3},{"damage":0,"enemies":"Gremlin Nob","floor":8,"turns":2},{"damage":0,"enemies":"Jaw Worm","floor":11,"turns":1},{"damage":0,"enemies":"Small Slimes","floor":12,"turns":1},{"damage":3,"enemies":"Gremlin Gang","floor":13,"turns":2},{"damage":13,"enemies":"Hexaghost","floor":16,"turns":4},{"damage":0,"enemies":"Chosen","floor":18,"turns":1},{"damage":0,"enemies":"Spheric Guardian","floor":19,"turns":1},{"damage":0,"enemies":"Snake Plant","floor":21,"turns":1},{"damage":0,"enemies":"Replay:Snechameleon","floor":23,"turns":2},{"damage":0,"enemies":"Gremlin Leader","floor":25,"turns":3},{"damage":0,"enemies":"Sentry and Sphere","floor":27,"turns":2},{"damage":0,"enemies":"Centurion and Healer","floor":31,"turns":2},{"damage":0,"enemies":"Automaton","floor":35,"turns":3},{"damage":0,"enemies":"Orb Walker","floor":37,"turns":1},{"damage":0,"enemies":"3 Shapes","floor":39,"turns":3},{"damage":0,"enemies":"Transient","floor":40,"turns":5},{"damage":0,"enemies":"Giant Head","floor":43,"turns":2},{"damage":0,"enemies":"R_Hoarder","floor":46,"turns":2},{"damage":0,"enemies":"3 Darklings","floor":48,"turns":2},{"damage":0,"enemies":"Mind Bloom Boss Battle","floor":49,"turns":2},{"damage":0,"enemies":"Time Eater","floor":52,"turns":1},{"damage":0,"enemies":"Shield and Spear","floor":56,"turns":2},{"damage":14,"enemies":"The Heart","floor":57,"turns":5}],"seed_played":"4324483903970314232","potions_obtained":[{"floor":6,"key":"Dexterity Potion"},{"floor":12,"key":"Strength Potion"},{"floor":16,"key":"Block Potion"},{"floor":21,"key":"Regen Potion"},{"floor":40,"key":"AttackPotion"},{"floor":43,"key":"Swift Potion"}],"is_trial":false,"path_per_floor":["M","?","?","$","?","E","R","E","T","R","M","M","M","?","R","B",null,"M","M","?","M","?","E","R","E","T","M","$","PTL","PTL","M","?","?","R","B",null,"M","?","M","M","$","R","E","?","T","E","?","M","?","?","R","B",null,"R","$","E","B",null],"character_chosen":"Librarian","items_purchased":["Molten Egg 2","SnakesPrey","Dodecahedron","ViolentFlame","ReplayTheSpireMod:CursedCoin","reliquary:BallBearing","reliquary:BrokenClock","SpearedSweep+1"],"campfire_rested":1,"item_purchase_floors":[28,28,41,41,55,55,55,55],"current_hp_per_floor":[72,72,72,72,72,72,72,74,74,74,76,78,77,77,77,69,82,82,84,84,86,86,88,88,90,90,92,92,92,92,94,94,74,74,103,103,103,103,80,80,80,103,103,103,103,103,103,103,103,98,98,98,98,98,98,98,95],"gold":69,"neow_bonus":"TWENTY_PERCENT_HP_BONUS","is_daily":false,"chose_seed":false,"campfire_upgraded":6,"win_rate":0.0,"timestamp":1614411880,"path_taken":["M","?","?","$","?","E","R","E","T","R","?","M","M","?","R","BOSS","M","?","?","M","?","E","R","E","T","?","$","PTL","PTL","M","?","?","R","BOSS","M","?","M","M","$","R","E","?","T","E","?","?","?","?","R","BOSS","R","$","E","BOSS"],"items_purchased_type":["Relic","Card","Relic","Card","Relic","Relic","Relic","Card"],"build_version":"2020-12-22","purchased_purges":2,"victory":true,"max_hp_per_floor":[80,80,80,80,80,89,80,80,80,80,80,80,82,82,82,82,82,98,98,98,98,98,98,98,98,98,98,98,98,98,98,98,103,103,103,103,103,103,80,93,93,103,103,103,103,103,103,103,103,98,98,98,98,98,98,98,98],"card_choices":[{"not_picked":["DarkCloud","GuidanceOfTheGears","AsThePrescriptOrders","WillOfThePrescript","EnergyShield","Collision","SnakesPrey","Juggling"],"picked":"Diversion","floor":1},{"not_picked":["BiteOff","EnergyStrike","GuardingStance","VenomousFangs","PinpointShot","SerpentSwordTechnique","Struggle","AlloutWar","Eliminate","CutIn"],"picked":"Zzzzzap","floor":6},{"not_picked":["StrikeDown","PreemptiveStrike","Deflect_lor","PreparedMind","ViolentFlame","Clone","SerpentSwordTechnique","Disposal","HiddenBlade","GoinFirst"],"picked":"UpbeatPerformance","floor":8},{"not_picked":["GrazeTheGrass","QuickSuppression","Thrust","SuppressingShot","GreatSerpentsImpact","Concentration","Standoff","ToWhereThePrescriptPoints","Quickness","DarkCloud"],"picked":"GuidanceOfTheGears","floor":11},{"not_picked":["SerpentSwordTechnique","EnergyConversion","SnakesPrey","FlyingSword","PinpointShot","SunsetBlade","CircusKnives","Quickness","StrikeDown","BackAttack"],"picked":"Observe","floor":12},{"not_picked":["Guardian_lor","InhaleSmoke","SharpSwipe","RhinoRam","Juggling","DaringDecision","FlashingStrike","Parry2","StrikeDown","CutIn"],"picked":"SnakeSlit","floor":13},{"not_picked":["DistortedBlade","ScratchThat","EnergyBeam","ChargeUp"],"picked":"SavageMode","floor":16},{"not_picked":["BulkyImpact","AsThePrescriptOrders+1","GrazeTheGrass","AutomatedMovement","Concentration","SmokingPipe","Standoff","MindPrepared","IdentifyWeakpoint","NightInTheBackstreets+1"],"picked":"DistortedBlade","floor":18},{"not_picked":["Fence","Parry2+1","ProselytesBlade","Multislash","Duel_lor+1","SpearedSweep","Rewind","Pound","Wallop_lor","MindPrepared"],"picked":"Punishment","floor":19},{"not_picked":["ExtractFuel","StrikeDown","FeatherShield","TrimTheIngredients","FlashingStrike","NightInTheBackstreets","Thrust","PreemptiveStrike+1","MultiBlock","Leap_lor"],"picked":"HardRehearsal+1","floor":21},{"not_picked":["Collision","GaleKick","Preparation","SerpentSwordTechnique+1","SinglePointStab","Commandeering","Rewind","BlindFaith","GuardingStance+1","Retaliate"],"picked":"FeelinGood+1","floor":23},{"not_picked":["YoureAHindrance+1","Quickness","QuickSuppression","InhaleSmoke","SerpentSwordTechnique","BiXi","GatherIntel","SkitterAway+1","EnergyStrike","ViolentFlame"],"picked":"BoundaryOfDeath","floor":25},{"not_picked":["SetFire+1","Collision","ToWhereThePrescriptPoints","BlindFaith","GaleKick","AsThePrescriptOrders","DeepDrag+1","PreemptiveStrike","FocusFire","Wallop_lor"],"picked":"EmotionalTurbulence","floor":27},{"not_picked":["StrikeDown+1","Guardian_lor","Parry2","ToOvercomeCrisis","BurningFlash+1","DarkCloud","Ripple+1","InkOver+1","AssaultOrder+1","TheWillOfTheCity"],"picked":"RepressedFlesh+1","floor":31},{"not_picked":["GroundSmash+1","RipSpace+1","SuanNi","BoundaryOfDeath+1"],"picked":"GutHarvesting+1","floor":35},{"not_picked":["Thrust+1","TendonChords+1","BindingArms+1","EnergyCycle+1","SpearedSweep+1","StrongStrike+1","BindingChains+1","EnergyShield"],"picked":"AsThePrescriptOrders+1","floor":37},{"not_picked":["OpportunitySpotted+1","Leap_lor+1","ProselytesBlade+1","MultiBlock","GreatSerpentsImpact+1","StrongStrike+1","RapidGashes+1","BackAttack+1"],"picked":"TendonChords+1","floor":39},{"not_picked":["DefenseOrder","Parry2+1","BlindFaith","QuickAttack+1","StructuralAnalysis+1","NonstopAssault+1","StrongStrike+1","Zzzzzap"],"picked":"FrontalAssault+1","floor":40},{"not_picked":["BlowItUp+1","BlindFaith","SerpentSwordTechnique","YourShield","ScratchThat+1","DarkCloud+1","VioletBlade+1","QuickAttack+1"],"picked":"GuidanceOfTheGears","floor":43},{"not_picked":["Mind Blast+1","Blind","Bandage Up","Dramatic Entrance+1","Specialist","ReplayTheSpireMod:Uncanny Aura","MostiFishMod:SupremeArchaeology","Flash of Steel+1"],"picked":"REME_FirmDetermination","floor":44},{"not_picked":["TheWillOfTheCity","FaintMemories+1","CoordinatedAssault","Lock","StartinOutLightly","GreatSerpentsImpact+1","BayonetCombat+1","SnakesPrey"],"picked":"RhinoRam+1","floor":46},{"not_picked":["Outburst+1","GuidanceOfTheGears+1","ViolentFlame","SuppressingShot+1","Reload","Concentration+1","Overpower+1","AsThePrescriptOrders+1"],"picked":"ForTheFamily","floor":48},{"not_picked":["Slice_lor+1","StrikeDown+1","Tailoring+1","EndlessBattle+1","Reload","Brawl+1","Parry+1","GuardingStance"],"picked":"InhaleSmoke","floor":49},{"not_picked":["EnergyStrike+1","SearingSword+1","Faith+1","SpearedSweep+1","NonstopAssault+1","HiddenBlade+1","StructuralAnalysis+1","WillOfThePrescript"],"picked":"PreemptiveStrike+1","floor":56}],"player_experience":135401,"relics_obtained":[{"floor":1,"key":"SynthV:TestCard"},{"floor":6,"key":"Blood Vial"},{"floor":8,"key":"Toy Ornithopter"},{"floor":9,"key":"Omamori"},{"floor":23,"key":"Divine Protection"},{"floor":25,"key":"reliquary:WeakTea"},{"floor":26,"key":"PageOfWayBackHome"},{"floor":43,"key":"CombinedTypeHook"},{"floor":46,"key":"reliquary:Firecrackers"},{"floor":49,"key":"Gambling Chip"},{"floor":56,"key":"reliquary:PartyBalloon"}],"event_choices":[{"damage_healed":0,"gold_gain":0,"player_choice":"Box","damage_taken":0,"relics_obtained":["PageOfSnowWhitesApple"],"max_hp_gain":0,"max_hp_loss":0,"event_name":"Big Fish","floor":2,"gold_loss":0,"cards_obtained":["Regret"]},{"cards_removed":["Regret"],"damage_healed":0,"gold_gain":0,"player_choice":"Card Removal","damage_taken":0,"max_hp_gain":0,"max_hp_loss":0,"event_name":"The Cleric","floor":3,"gold_loss":50},{"damage_healed":0,"gold_gain":0,"player_choice":"Forge","damage_taken":0,"max_hp_gain":0,"max_hp_loss":0,"event_name":"Accursed Blacksmith","floor":5,"gold_loss":0,"cards_upgraded":["MostiFishMod:HellRitual"]},{"damage_healed":0,"gold_gain":0,"player_choice":"1 cards matched","damage_taken":0,"max_hp_gain":0,"max_hp_loss":0,"event_name":"Match and Keep!","floor":14,"gold_loss":0,"cards_obtained":["Laceration"]},{"damage_healed":0,"gold_gain":0,"player_choice":"Inject Mutagens","damage_taken":0,"relics_obtained":["MutagenicStrength"],"max_hp_gain":0,"max_hp_loss":0,"event_name":"Drug Dealer","floor":20,"gold_loss":0},{"damage_healed":0,"gold_gain":0,"player_choice":"Bet on Murderer","damage_taken":0,"max_hp_gain":0,"max_hp_loss":0,"event_name":"The Joust","floor":22,"gold_loss":50},{"damage_healed":0,"gold_gain":0,"player_choice":"Became a vampire (Vial)","damage_taken":0,"max_hp_gain":0,"max_hp_loss":0,"event_name":"Vampires","floor":32,"relics_lost":["Blood Vial"],"gold_loss":0,"cards_obtained":["Bite","Bite","Bite","Bite","Bite"]},{"damage_healed":0,"gold_gain":0,"player_choice":"Shed Blood","damage_taken":25,"max_hp_gain":5,"max_hp_loss":0,"event_name":"Forgotten Altar","floor":33,"gold_loss":0},{"cards_removed":["LightDefense"],"damage_healed":0,"gold_gain":0,"player_choice":"Removed Skill","damage_taken":0,"max_hp_gain":0,"max_hp_loss":0,"event_name":"Falling","floor":38,"gold_loss":0},{"damage_healed":0,"gold_gain":0,"player_choice":"Memory 1","damage_taken":0,"max_hp_gain":0,"max_hp_loss":0,"event_name":"SensoryStone","floor":44,"gold_loss":0},{"damage_healed":0,"gold_gain":0,"player_choice":"Copied","damage_taken":0,"max_hp_gain":0,"max_hp_loss":0,"event_name":"Duplicator","floor":47,"gold_loss":0,"cards_obtained":["MostiFishMod:HellRitual"]},{"damage_healed":0,"gold_gain":0,"player_choice":"Fight","damage_taken":0,"max_hp_gain":0,"max_hp_loss":0,"event_name":"MindBloom","floor":49,"gold_loss":0},{"damage_healed":0,"gold_gain":0,"player_choice":"Max HP","damage_taken":0,"max_hp_gain":0,"max_hp_loss":5,"event_name":"Winding Halls","floor":50,"gold_loss":0}],"is_beta":false,"boss_relics":[{"not_picked":["Abe\u0027s Treasure","reliquary:Ember"],"picked":"ChewingGum"},{"not_picked":["Philosopher\u0027s Stone","FixedStarFall"],"picked":"Busted Crown"}],"items_purged_floors":[28,28],"is_endless":false,"potions_floor_spawned":[6,12,16,21,25,40,43,48,56],"ascension_level":0}}