{"host":"jyt8vqv30ansoqx1","time":1614401829,"event":{"mods":["BaseMod","Colored Map","DeckTracker","Highlight Path","Minty Spire (QoL Compilation)","Relic Stats","StSLib","SuperFastMode"],"gold_per_floor":[117,37,56,67,137,162,162,189,213,252,336,348,348],"floor_reached":12,"language":"ENG","playtime":458,"items_purged":[],"score":192,"play_id":"6cf15849-a4b5-4e87-8836-8f5b7d04eba7","local_time":"20210226235709","is_ascension_mode":true,"campfire_choices":[],"circlet_count":0,"master_deck":["AscendersBane","Strike_G","Strike_G","Strike_G","Strike_G","Defend_G","Defend_G","Defend_G","Defend_G","Defend_G","Survivor","Neutralize","Poisoned Stab","Predator","Poisoned Stab","Prepared","Blade Dance","Phantasmal Killer","Dash","Tactician"],"relics":["Ring of the Snake","NeowsBlessing","Art of War","Bag of Marbles","MawBank","Sundial","StrikeDummy"],"acts_visited":["Exordium"],"potions_floor_usage":[6,8,10],"damage_taken":[{"damage":0,"enemies":"Cultist","floor":1,"turns":1},{"damage":0,"enemies":"Jaw Worm","floor":3,"turns":1},{"damage":0,"enemies":"Small Slimes","floor":4,"turns":1},{"damage":16,"enemies":"3 Sentries","floor":6,"turns":10},{"damage":11,"enemies":"Gremlin Nob","floor":8,"turns":4},{"damage":27,"enemies":"3 Sentries","floor":10,"turns":11},{"damage":5,"enemies":"Lagavulin","floor":12,"turns":2}],"seed_played":"-8280834429856431896","potions_obtained":[{"floor":3,"key":"SpeedPotion"},{"floor":4,"key":"Fire Potion"},{"floor":6,"key":"GamblersBrew"}],"is_trial":false,"path_per_floor":["M","$","M","M","?","E","?","E","T","E","T","E"],"character_chosen":"THE_SILENT","items_purchased":["Predator"],"campfire_rested":0,"item_purchase_floors":[2],"current_hp_per_floor":[59,59,59,59,59,43,43,32,32,5,5,0,0],"gold":348,"neow_bonus":"THREE_ENEMY_KILL","is_daily":false,"chose_seed":false,"campfire_upgraded":0,"win_rate":0.0,"timestamp":1614401829,"path_taken":["M","$","M","?","?","E","?","E","T","E","?","E"],"items_purchased_type":["Card"],"build_version":"2020-12-22","purchased_purges":0,"victory":false,"max_hp_per_floor":[66,66,66,66,66,66,66,66,66,66,66,66,66],"relic_stats":{"counters":[7,30],"Sundial":[0],"Art of War":[0],"MawBank":36,"obtain_stats":[{"NeowsBlessing":0,"Sundial":10,"Art of War":6,"Bag of Marbles":8,"MawBank":9,"StrikeDummy":11,"Ring of the Snake":0},{"NeowsBlessing":0,"Sundial":6,"Art of War":4,"Bag of Marbles":5,"MawBank":5,"StrikeDummy":6,"Ring of the Snake":0},{"NeowsBlessing":0,"Sundial":28,"Art of War":13,"Bag of Marbles":17,"MawBank":17,"StrikeDummy":28,"Ring of the Snake":0}],"Ring of the Snake":[14]},"card_choices":[{"not_picked":["Crippling Poison","Masterful Stab"],"picked":"Poisoned Stab","floor":1},{"not_picked":["Dagger Throw","Backflip"],"picked":"Poisoned Stab","floor":3},{"not_picked":["Accuracy","Backflip"],"picked":"Prepared","floor":4},{"not_picked":["Deadly Poison","Choke"],"picked":"Blade Dance","floor":6},{"not_picked":["All Out Attack","Quick Slash"],"picked":"Dash","floor":8},{"not_picked":["Flechettes","Eviscerate"],"picked":"Tactician","floor":10}],"player_experience":1715014,"relics_obtained":[{"floor":6,"key":"Art of War"},{"floor":8,"key":"Bag of Marbles"},{"floor":9,"key":"MawBank"},{"floor":10,"key":"Sundial"},{"floor":11,"key":"StrikeDummy"}],"event_choices":[{"damage_healed":0,"gold_gain":70,"player_choice":"Gained Gold","damage_taken":0,"max_hp_gain":0,"max_hp_loss":0,"event_name":"Golden Wing","floor":5,"gold_loss":0},{"damage_healed":0,"gold_gain":0,"cards_transformed":["Strike_G"],"player_choice":"Change","damage_taken":0,"max_hp_gain":0,"max_hp_loss":0,"event_name":"Living Wall","floor":7,"gold_loss":0,"cards_obtained":["Phantasmal Killer"]}],"is_beta":false,"boss_relics":[],"items_purged_floors":[],"is_endless":false,"potions_floor_spawned":[3,4,6],"killed_by":"Lagavulin","ascension_level":20}}