{"host":"qxeepl7ydvsgmfdb","time":1614422889,"event":{"mods":["AchievementEnabler","BaseMod","Colored Powertips","Minty Spire (QoL Compilation)","Quick Restart","slay the spire mod where everything is the same but ironclad has a cowboy hat"],"gold_per_floor":[119,137,212,212,212,247,262,280,332,361,375,401,413,425,425,530,530,548,548,548,560,572,572,590,590,590,605,605,605,605,332,332,432,432,452,452,466,165,179,179,179,179,255,265,313,327,396,396,396],"floor_reached":48,"language":"ENG","playtime":2638,"items_purged":["Strike_G"],"score":479,"play_id":"b5cdbea1-8853-4fed-842a-0b98ea303a67","local_time":"20210227054809","is_ascension_mode":false,"campfire_choices":[{"floor":15.0,"key":"REST"},{"data":"Envenom","floor":23.0,"key":"SMITH"},{"floor":25.0,"key":"REST"},{"floor":29.0,"key":"REST"},{"floor":32.0,"key":"REST"},{"floor":40,"key":"REST"},{"data":"Noxious Fumes","floor":42,"key":"SMITH"}],"circlet_count":0,"master_deck":["Strike_G","Strike_G","Strike_G","Defend_G","Defend_G","Defend_G","Defend_G","Survivor","Neutralize","Cloak And Dagger","Cloak And Dagger","All Out Attack","Poisoned Stab+1","Dagger Spray+1","Slice+1","Envenom+1","Cloak And Dagger","Slice+1","Dagger Spray+1","Noxious Fumes+1","A Thousand Cuts","Writhe","Blade Dance+1","Backstab+1","Parasite","Deadly Poison+1"],"relics":["Ring of the Snake","NeowsBlessing","Sundial","Mercury Hourglass","Centennial Puzzle","Molten Egg 2","Kunai","Bottled Flame","Smiling Mask","Nilry\u0027s Codex","Regal Pillow","Membership Card","Pen Nib","HornCleat","Girya","Meat on the Bone"],"acts_visited":["Exordium","TheCity","TheBeyond"],"potions_floor_usage":[39,39,45,46],"damage_taken":[{"damage":0.0,"enemies":"Small Slimes","floor":1.0,"turns":1.0},{"damage":0.0,"enemies":"Jaw Worm","floor":2.0,"turns":1.0},{"damage":0.0,"enemies":"Gremlin Nob","floor":6.0,"turns":1.0},{"damage":0.0,"enemies":"Cultist","floor":7.0,"turns":4.0},{"damage":0.0,"enemies":"Exordium Thugs","floor":8.0,"turns":4.0},{"damage":21.0,"enemies":"Lagavulin","floor":10.0,"turns":6.0},{"damage":0.0,"enemies":"3 Louse","floor":11.0,"turns":2.0},{"damage":9.0,"enemies":"3 Sentries","floor":12.0,"turns":4.0},{"damage":0.0,"enemies":"Red Slaver","floor":13.0,"turns":2.0},{"damage":4.0,"enemies":"Blue Slaver","floor":14.0,"turns":2.0},{"damage":7.0,"enemies":"Slime Boss","floor":16.0,"turns":7.0},{"damage":2.0,"enemies":"Chosen","floor":18.0,"turns":3.0},{"damage":13.0,"enemies":"Shell Parasite","floor":21.0,"turns":4.0},{"damage":17.0,"enemies":"Snake Plant","floor":22.0,"turns":4.0},{"damage":24.0,"enemies":"Snecko","floor":24.0,"turns":6.0},{"damage":24.0,"enemies":"Centurion and Healer","floor":27.0,"turns":4.0},{"damage":54.0,"enemies":"Automaton","floor":33.0,"turns":8.0},{"damage":18.0,"enemies":"3 Shapes","floor":35.0,"turns":4.0},{"damage":10.0,"enemies":"3 Darklings","floor":37.0,"turns":3.0},{"damage":28,"enemies":"Maw","floor":39,"turns":8},{"damage":8,"enemies":"4 Shapes","floor":44,"turns":4},{"damage":40,"enemies":"2 Orb Walkers","floor":45,"turns":5},{"damage":13,"enemies":"Writhing Mass","floor":46,"turns":7},{"damage":8,"enemies":"Giant Head","floor":48,"turns":1}],"seed_played":"-4053760349712331470","potions_obtained":[{"floor":1.0,"key":"CunningPotion"},{"floor":11.0,"key":"CunningPotion"},{"floor":12.0,"key":"Regen Potion"},{"floor":13.0,"key":"Weak Potion"},{"floor":16.0,"key":"LiquidBronze"},{"floor":27.0,"key":"LiquidBronze"},{"floor":33.0,"key":"Swift Potion"},{"floor":37.0,"key":"SneckoOil"},{"floor":39,"key":"SkillPotion"},{"floor":45,"key":"ColorlessPotion"}],"is_trial":false,"path_per_floor":["M","M","?","?","T","E","M","M","T","E","M","E","M","M","R","B",null,"M","?","?","M","M","R","M","R","T","M","?","R","?","$","R","B",null,"M","?","M","$","M","R","?","R","T","M","?","M","T","E"],"character_chosen":"THE_SILENT","items_purchased":["Regal Pillow","Noxious Fumes","Membership Card","Pen Nib","A Thousand Cuts"],"campfire_rested":5,"item_purchase_floors":[31,31,38,38,38],"current_hp_per_floor":[70,70,59,59,59,59,59,59,59,38,38,29,29,25,46,39,70,68,68,68,55,38,38,28,49,49,25,25,46,30,30,66,12,70,52,52,42,42,14,50,68,68,68,60,20,7,7,0,0],"gold":396,"neow_bonus":"THREE_ENEMY_KILL","is_daily":false,"chose_seed":false,"campfire_upgraded":2,"win_rate":0.0,"timestamp":1614422889,"path_taken":["M","M","?","?","?","E","M","M","T","E","?","E","M","M","R","BOSS","M","?","?","M","M","R","M","R","T","?","?","R","?","$","R","BOSS","M","?","M","$","M","R","?","R","T","M","?","M","?","E"],"items_purchased_type":["Relic","Card","Relic","Relic","Card"],"build_version":"2020-12-22","purchased_purges":1,"victory":false,"max_hp_per_floor":[70,70,70,70,70,70,70,70,70,70,70,70,70,70,70,70,70,70,70,70,70,70,70,70,70,70,70,70,70,70,70,70,70,70,70,70,70,70,70,70,70,70,70,70,70,70,70,70,70],"card_choices":[{"not_picked":["Infinite Blades","Outmaneuver"],"picked":"Cloak And Dagger","floor":1.0},{"not_picked":["PiercingWail","Leg Sweep","Bouncing Flask"],"picked":"SKIP","floor":2.0},{"not_picked":["Accuracy","Prepared"],"picked":"Cloak And Dagger","floor":6.0},{"not_picked":["PiercingWail","Escape Plan"],"picked":"All Out Attack","floor":7.0},{"not_picked":["Flying Knee","Wraith Form v2","Heel Hook"],"picked":"SKIP","floor":8.0},{"not_picked":["Underhanded Strike+1","Choke+1","Flying Knee+1"],"picked":"SKIP","floor":10.0},{"not_picked":["Dodge and Roll","Acrobatics"],"picked":"Poisoned Stab+1","floor":11.0},{"not_picked":["Sucker Punch+1","Cloak And Dagger"],"picked":"Dagger Spray+1","floor":12.0},{"not_picked":["Flying Knee+1","Escape Plan"],"picked":"Slice+1","floor":13.0},{"not_picked":["Dash+1","Tactician","Prepared"],"picked":"SKIP","floor":14.0},{"not_picked":["A Thousand Cuts","Wraith Form v2"],"picked":"Envenom","floor":16.0},{"not_picked":["Dodge and Roll","Escape Plan+1"],"picked":"Cloak And Dagger","floor":18.0},{"not_picked":["Dodge and Roll","Concentrate","Masterful Stab+1"],"picked":"SKIP","floor":21.0},{"not_picked":["Backflip","Well Laid Plans","Outmaneuver"],"picked":"SKIP","floor":22.0},{"not_picked":["Quick Slash+1","Outmaneuver"],"picked":"Slice+1","floor":24.0},{"not_picked":["Expertise+1","Finisher+1"],"picked":"Dagger Spray+1","floor":27.0},{"not_picked":["Cloak And Dagger+1","Predator+1"],"picked":"Deflect+1","floor":35.0},{"not_picked":["PiercingWail+1","Acrobatics","Sucker Punch+1"],"picked":"SKIP","floor":37.0},{"not_picked":["Blur+1","Storm of Steel","Backflip"],"picked":"SKIP","floor":39},{"not_picked":["Bane+1","Quick Slash+1"],"picked":"Blade Dance+1","floor":44},{"not_picked":["Choke+1","PiercingWail+1"],"picked":"Backstab+1","floor":45},{"not_picked":["Infinite Blades","Backflip"],"picked":"Deadly Poison+1","floor":46}],"player_experience":154993,"relics_obtained":[{"floor":5.0,"key":"Sundial"},{"floor":6.0,"key":"Mercury Hourglass"},{"floor":9.0,"key":"Centennial Puzzle"},{"floor":10.0,"key":"Molten Egg 2"},{"floor":12.0,"key":"Kunai"},{"floor":26.0,"key":"Bottled Flame"},{"floor":30.0,"key":"Nilry\u0027s Codex"},{"floor":43,"key":"HornCleat"},{"floor":45,"key":"Girya"},{"floor":47,"key":"Meat on the Bone"}],"event_choices":[{"damage_healed":0.0,"max_hp_gain":0.0,"max_hp_loss":0.0,"gold_gain":75.0,"event_name":"World of Goop","player_choice":"Gather Gold","floor":3.0,"gold_loss":0.0,"damage_taken":11.0},{"cards_removed":["Strike_G"],"damage_healed":0.0,"max_hp_gain":0.0,"max_hp_loss":0.0,"gold_gain":0.0,"event_name":"Living Wall","player_choice":"Forget","floor":4.0,"gold_loss":0.0,"damage_taken":0.0},{"damage_healed":0.0,"max_hp_gain":0.0,"max_hp_loss":0.0,"gold_gain":0.0,"event_name":"Ghosts","player_choice":"Ignored","floor":19.0,"gold_loss":0.0,"damage_taken":0.0},{"cards_removed":["Defend_G"],"damage_healed":0.0,"max_hp_gain":0.0,"max_hp_loss":0.0,"gold_gain":0.0,"event_name":"Purifier","player_choice":"Purged","floor":20.0,"gold_loss":0.0,"damage_taken":0.0},{"damage_healed":0.0,"max_hp_gain":0.0,"max_hp_loss":0.0,"gold_gain":0.0,"event_name":"The Mausoleum","player_choice":"Opened","floor":28.0,"gold_loss":0.0,"damage_taken":0.0,"relics_obtained":["Smiling Mask"]},{"damage_healed":0.0,"max_hp_gain":0.0,"max_hp_loss":0.0,"gold_gain":0.0,"event_name":"Cursed Tome","player_choice":"Obtained Book","floor":30.0,"gold_loss":0.0,"damage_taken":16.0},{"cards_removed":["Deflect"],"damage_healed":0.0,"max_hp_gain":0.0,"max_hp_loss":0.0,"gold_gain":0.0,"event_name":"Falling","player_choice":"Removed Skill","floor":36.0,"gold_loss":0.0,"damage_taken":0.0},{"damage_healed":18,"gold_gain":0,"player_choice":"Writhe","damage_taken":0,"max_hp_gain":0,"max_hp_loss":0,"event_name":"Winding Halls","floor":41,"gold_loss":0,"cards_obtained":["Writhe"]},{"damage_healed":0,"gold_gain":0,"player_choice":"Fight","damage_taken":0,"max_hp_gain":0,"max_hp_loss":0,"event_name":"Mysterious Sphere","floor":45,"gold_loss":0}],"is_beta":false,"boss_relics":[{"not_picked":["Runic Pyramid","Snecko Eye","Astrolabe"]},{"not_picked":["Coffee Dripper","Fusion Hammer","Philosopher\u0027s Stone"]}],"items_purged_floors":[31],"is_endless":false,"potions_floor_spawned":[1,11,12,13,16,27,33,37,39,45],"killed_by":"Giant Head","ascension_level":0}}