{"host":"nia1zwr35jsu5y7h","time":1614432223,"event":{"mods":["2.2 Compatiblity","Abigail Mod","Bard","BaseMod","Colored Map","Conspire","Downfall","Friendly Minions","Hermit","Highlight Path","Hubris","Infinite Spire","Kiyohime????","Koishi","Marisa????????","Minty Spire (QoL Compilation)","Quick Restart","Replay The Spire","Shade Mod","Shop Mod","StSLib","The Animator","The Construct","The Cursed","The Disciple","The Mystic","The Necromancer","The Servant 0.9.4"],"gold_per_floor":[111,111,124,17,17,49,49,65,65,30,30,30,59,79,79,79,79],"floor_reached":16,"language":"ENG","playtime":621,"items_purged":[],"score":157,"play_id":"53a336c7-21c1-4329-9acc-07be0bde2a74","local_time":"20210227052342","is_ascension_mode":true,"campfire_choices":[{"data":"hermit:FlashPowder","floor":7,"key":"SMITH"},{"data":"hermit:Maintenance","floor":15,"key":"SMITH"}],"circlet_count":0,"master_deck":["hermit:Strike_Hermit","hermit:Strike_Hermit","hermit:Strike_Hermit","hermit:Strike_Hermit","hermit:Defend_Hermit","hermit:Defend_Hermit","hermit:Defend_Hermit","hermit:Defend_Hermit","hermit:Snapshot","hermit:Horror","hermit:Gestalt","hermit:Gestalt","hermit:FlashPowder+1","hermit:HighNoon","hermit:Maintenance+1","hermit:LoneWolf","hermit:FullyLoaded","hermit:PistolWhip","hermit:CursedWeapon"],"relics":["hermit:Momento","Replay:PocketPolymizer","ReplayTheSpireMod:CursedCoin","Orichalcum","Dream Catcher","Replay:Bottled Snecko","construct:FoamFinger","Bag of Marbles"],"acts_visited":["Exordium"],"potions_floor_usage":[16],"damage_taken":[{"damage":3,"enemies":"2 Louse","floor":1,"turns":3},{"damage":1,"enemies":"Cultist","floor":3,"turns":3},{"damage":13,"enemies":"3 Sentries","floor":6,"turns":12},{"damage":4,"enemies":"conspire:RoseBush","floor":8,"turns":4},{"damage":17,"enemies":"Replay:BlueRogue","floor":13,"turns":7},{"damage":6,"enemies":"Exordium Thugs","floor":14,"turns":5},{"damage":28,"enemies":"Hexaghost","floor":16,"turns":11}],"seed_played":"257376429021653194","potions_obtained":[{"floor":1,"key":"DuplicationPotion"},{"floor":14,"key":"PowerPotion"}],"is_trial":false,"path_per_floor":["M","?","M","$","?","E","R","M","T","$","?","$","E","M","R","B"],"character_chosen":"HERMIT","items_purchased":["ReplayTheSpireMod:CursedCoin","hermit:Gestalt","hermit:FlashPowder","Orichalcum","hermit:LoneWolf"],"campfire_rested":0,"item_purchase_floors":[4,4,4,4,10],"current_hp_per_floor":[65,65,64,64,64,51,51,47,47,47,47,47,30,24,24,0,0],"gold":79,"neow_bonus":"ONE_RARE_RELIC","is_daily":false,"chose_seed":false,"campfire_upgraded":2,"win_rate":0.0,"timestamp":1614432222,"path_taken":["M","?","?","$","?","E","R","?","T","$","?","?","E","M","R","BOSS"],"items_purchased_type":["Relic","Card","Card","Relic","Card"],"build_version":"2020-12-22","purchased_purges":0,"victory":false,"max_hp_per_floor":[75,75,75,75,75,75,75,75,75,75,75,75,75,75,75,75,75],"card_choices":[{"not_picked":["hermit:Ricochet","hermit:Determination"],"picked":"hermit:Horror","floor":1},{"not_picked":["hermit:HighCaliber","hermit:LuckOfTheDraw"],"picked":"hermit:Gestalt","floor":3},{"not_picked":["hermit:SprayPray","hermit:BigShot","hermit:Glare"],"picked":"SKIP","floor":6},{"not_picked":["hermit:SprayPray","hermit:BigShot","hermit:Glare"],"picked":"SKIP","floor":6},{"not_picked":["hermit:Malice","hermit:Shortfuse"],"picked":"hermit:Maintenance","floor":8},{"not_picked":["hermit:Combo","hermit:Showdown"],"picked":"hermit:FullyLoaded","floor":13},{"not_picked":["hermit:LowProfile","hermit:Snipe"],"picked":"hermit:PistolWhip","floor":14}],"player_experience":2226881,"relics_obtained":[{"floor":6,"key":"Dream Catcher"},{"floor":9,"key":"Replay:Bottled Snecko"},{"floor":11,"key":"construct:FoamFinger"},{"floor":13,"key":"Bag of Marbles"}],"event_choices":[{"cards_removed":["hexamod:Strike"],"damage_healed":0,"gold_gain":0,"player_choice":"Purged","damage_taken":0,"max_hp_gain":0,"max_hp_loss":0,"event_name":"Purifier","floor":2,"gold_loss":0},{"cards_removed":["Spreading Infection"],"damage_healed":0,"gold_gain":0,"player_choice":"Removed Curses","damage_taken":0,"max_hp_gain":0,"max_hp_loss":0,"event_name":"Fountain of Cleansing","floor":5,"gold_loss":0}],"is_beta":false,"boss_relics":[],"items_purged_floors":[],"is_endless":false,"potions_floor_spawned":[1,14],"killed_by":"Hexaghost","ascension_level":9}}