{"host":"st1kg310ms6sytc5","time":1614443836,"event":{"mods":["Act Like it!","BaseMod","CapriCore","Good Game Mod","Library of Ruina","Library of Ruina Extra","Minty Spire (QoL Compilation)","StSLib","SuperFastMode","Wide Potions"],"gold_per_floor":[115,129,129,149,166,197,197,197,220,145,173,173,173,217,217,337,337,357,375,395,145,145,179,192,226,226,249,284,409,433,466,466,596,596,617,631,199,212,225,256,256,297,345,366,191,191,234,250,250,250,250,250,250,26,67,67],"floor_reached":57,"language":"ZHS","playtime":3150,"items_purged":["LightAttack","LightAttack+1","Deflect_lor+1","ChargeAndCover+1","LessonLearned+1"],"score":2030,"play_id":"47b27c76-d480-469e-a144-7afb691ee104","local_time":"20210228003716","is_ascension_mode":true,"campfire_choices":[{"data":"ConcentratedFire","floor":7.0,"key":"SMITH"},{"floor":13.0,"key":"RECALL"},{"data":"UnforgettableMelody","floor":15.0,"key":"SMITH"},{"data":"Reload","floor":32.0,"key":"SMITH"},{"data":"SuppressingShot","floor":49,"key":"SMITH"}],"circlet_count":0,"master_deck":["Dodge+1","LightDefense+1","LightDefense+1","LightDefense+1","LightDefense+1","FrontalAssault+1","Quickness+1","UnforgettableMelody+1","EnergyCycle+1","ConcentratedFire+1","ShrineToMusic+1","GrazeTheGrass+1","TheArtOfRapidSteps+1","LeRegole+1","SuppressingShot+1","Reload+1","Suppress+1","WaitUp+1","LeRegole+1","RushDown+1","GrazeTheGrass+1","Rewind+1","SuppressingShot+1","Quickness+1","FrontalAssault+1"],"relics":["PageOfLibrarian","REME:ComplimentaryCards","Toy Ornithopter","Potion Belt","PageOfSingingMachine","Golden Idol","Oddly Smooth Stone","Coffee Dripper","Omamori","Juzu Bracelet","War Paint","PageOfJudgementBird","Singing Bowl","PageOfMountain","Dream Catcher","SacredBark","Bag of Preparation","Ornamental Fan","Whetstone","Anchor","PageOfSpiderBud","PageOfWayBackHome"],"acts_visited":["Exordium","TheCity","TheBeyond","TheEnding"],"potions_floor_usage":[51,51,51,51,51,51,56,56,56,56,56],"damage_taken":[{"damage":0.0,"enemies":"Small Slimes","floor":1.0,"turns":6.0},{"damage":0.0,"enemies":"Cultist","floor":2.0,"turns":3.0},{"damage":3.0,"enemies":"Jaw Worm","floor":4.0,"turns":5.0},{"damage":0.0,"enemies":"Blue Slaver","floor":5.0,"turns":6.0},{"damage":21.0,"enemies":"Gremlin Nob","floor":6.0,"turns":4.0},{"damage":10.0,"enemies":"Lagavulin","floor":11.0,"turns":6.0},{"damage":4.0,"enemies":"3 Sentries","floor":14.0,"turns":5.0},{"damage":0.0,"enemies":"Slime Boss","floor":16.0,"turns":5.0},{"damage":5.0,"enemies":"3 Byrds","floor":18.0,"turns":6.0},{"damage":0.0,"enemies":"Chosen","floor":19.0,"turns":3.0},{"damage":7.0,"enemies":"Centurion and Healer","floor":20.0,"turns":4.0},{"damage":0.0,"enemies":"Book of Stabbing","floor":23.0,"turns":4.0},{"damage":0.0,"enemies":"Sentry and Sphere","floor":24.0,"turns":2.0},{"damage":0.0,"enemies":"Gremlin Leader","floor":25.0,"turns":5.0},{"damage":0.0,"enemies":"Cultist and Chosen","floor":27.0,"turns":3.0},{"damage":5.0,"enemies":"Slavers","floor":28.0,"turns":5.0},{"damage":0.0,"enemies":"Colosseum Slavers","floor":29.0,"turns":3.0},{"damage":0.0,"enemies":"Colosseum Nobs","floor":29.0,"turns":3.0},{"damage":0.0,"enemies":"Snecko","floor":30.0,"turns":3.0},{"damage":0.0,"enemies":"Gremlin Leader","floor":31.0,"turns":7.0},{"damage":20,"enemies":"RedHoodMercenary","floor":33,"turns":5},{"damage":0,"enemies":"3 Shapes","floor":35,"turns":2},{"damage":0,"enemies":"3 Darklings","floor":36,"turns":3},{"damage":0,"enemies":"Sphere and 2 Shapes","floor":38,"turns":3},{"damage":0,"enemies":"Spire Growth","floor":39,"turns":2},{"damage":0,"enemies":"Giant Head","floor":40,"turns":4},{"damage":0,"enemies":"Nemesis","floor":42,"turns":3},{"damage":0,"enemies":"Maw","floor":44,"turns":3},{"damage":12,"enemies":"Reptomancer","floor":47,"turns":5},{"damage":0,"enemies":"Sphere and 2 Shapes","floor":48,"turns":2},{"damage":0,"enemies":"Donu and Deca","floor":50,"turns":4},{"damage":19,"enemies":"Donu and Deca","floor":51,"turns":6},{"damage":0,"enemies":"Shield and Spear","floor":55,"turns":2},{"damage":24,"enemies":"The Heart","floor":56,"turns":5}],"seed_played":"-1270688689350271039","potions_obtained":[{"floor":1.0,"key":"SmokeBomb"},{"floor":4.0,"key":"BlessingOfTheForge"},{"floor":6.0,"key":"EssenceOfSteel"},{"floor":11.0,"key":"Fire Potion"},{"floor":18.0,"key":"EntropicBrew"},{"floor":20.0,"key":"Dexterity Potion"},{"floor":23.0,"key":"DuplicationPotion"},{"floor":27.0,"key":"LiquidBronze"},{"floor":31.0,"key":"FearPotion"}],"is_trial":false,"path_per_floor":["M","M","?","M","M","E","R","?","T","$","E","?","R","E","R","B",null,"M","M","M","$","?","E","M","E","T","M","E","?","M","E","R","B",null,"M","M","$","M","M","E","?","E","T","M","$","?","E","M","R","B",null,null,"R","$","E","B",null],"character_chosen":"Librarian","items_purchased":["Omamori","LeRegole","Bag of Preparation","Rewind","Block Potion"],"campfire_rested":0,"item_purchase_floors":[21,37,37,45,54],"current_hp_per_floor":[54,54,54,51,51,30,30,30,30,30,20,20,20,26,26,26,60,55,55,48,48,48,48,48,48,48,48,43,43,45,45,45,25,171,56,55,55,55,55,57,35,37,37,39,39,39,27,27,27,27,48,182,182,182,56,91],"gold":67,"neow_bonus":"UPGRADE_CARD","is_daily":false,"chose_seed":false,"campfire_upgraded":4,"win_rate":0.0,"timestamp":1614443836,"path_taken":["M","M","?","?","M","E","R","?","T","$","E","?","R","E","R","BOSS","M","M","M","$","?","E","M","E","T","M","E","?","M","E","R","BOSS","M","M","$","M","M","E","?","E","T","M","$","?","E","M","R","BOSS","R","$","E","BOSS"],"items_purchased_type":["Relic","Card","Relic","Card","Potion"],"build_version":"2020-12-22","purchased_purges":5,"victory":true,"max_hp_per_floor":[65,65,65,65,65,65,65,65,65,65,75,69,69,71,71,71,71,71,76,217,217,217,217,217,217,217,217,217,57,59,59,219,219,219,221,221,221,221,221,223,223,225,225,227,227,227,227,227,227,227,227,227,227,227,227,227],"card_choices":[{"not_picked":["SuppressingShot","SharpenedBlade","DarkCloud"],"picked":"FrontalAssault","floor":1.0},{"not_picked":["Parry2","CombatPreparation","PinpointShot"],"picked":"Quickness","floor":2.0},{"not_picked":["PreemptiveStrike","Wallop_lor","GuardingStance"],"picked":"UnforgettableMelody","floor":4.0},{"not_picked":["Rewind","SkitterAway","PreemptiveStrike"],"picked":"EnergyCycle","floor":5.0},{"not_picked":["BulkyImpact","SteelKnuckles","Riposte"],"picked":"ConcentratedFire","floor":6.0},{"not_picked":["EnergyCycle","Wallop_lor","AsThePrescriptOrders","SnakesPrey"],"picked":"SKIP","floor":11.0},{"not_picked":["StayCalm","AsThePrescriptOrders","HighKick"],"picked":"Deflect_lor","floor":14.0},{"not_picked":["PinpointShot","FleetEdge+1","Leap_lor"],"picked":"ShrineToMusic","floor":18.0},{"not_picked":["NightInTheBackstreets","TieShanKao","ClassAndRespect"],"picked":"GrazeTheGrass+1","floor":19.0},{"not_picked":["GrazeTheGrass","ViolentFlame","Rewind"],"picked":"TheArtOfRapidSteps","floor":20.0},{"not_picked":["Wallop_lor","HighKick","RhinoRam","NightInTheBackstreets"],"picked":"SKIP","floor":23.0},{"not_picked":["GutHarvesting","TheArtOfRapidSteps","DarkCloud+1","SteelKnuckles"],"picked":"SKIP","floor":24.0},{"not_picked":["GutHarvesting","TheArtOfRapidSteps","DarkCloud+1","SteelKnuckles"],"picked":"SKIP","floor":24.0},{"not_picked":["LawAndOrder","Riposte","ClassAndRespect","NightInTheBackstreets"],"picked":"SKIP","floor":25.0},{"not_picked":["GuardingStance","GrazeTheGrass","Feast+1","ShockRound"],"picked":"SKIP","floor":27.0},{"not_picked":["GaleKick","FocusFire","Leap_lor"],"picked":"LeRegole","floor":28.0},{"not_picked":["PinpointShot+1","AsThePrescriptOrders","HighKick+1"],"picked":"SuppressingShot","floor":29.0},{"not_picked":["Parry","BulkyImpact","GaleKick","Tailoring"],"picked":"Singing Bowl","floor":30.0},{"not_picked":["FrontalAssault","DarkCloud","Clone"],"picked":"Reload","floor":31.0},{"not_picked":["Deflect_lor","TieShanKao"],"picked":"Suppress","floor":33},{"not_picked":["ShrineToMusic","SturdyDefense+1","SkitterAway","FleetEdge"],"picked":"Singing Bowl","floor":35},{"not_picked":["ExtractFuel","SuppressingShot+1","Thrust+1"],"picked":"WaitUp+1","floor":36},{"not_picked":["NightInTheBackstreets","BladeWhirl+1","FrontalAssault+1"],"picked":"RushDown+1","floor":38},{"not_picked":["GuardingStance","FormingStorm","SummaryJudgment"],"picked":"GrazeTheGrass","floor":39},{"not_picked":["Punishment","TieShanKao","ClassAndRespect+1","MindCrush"],"picked":"Singing Bowl","floor":40},{"not_picked":["QuickSuppression+1","GroundSmash","SunsetBlade+1","Gamble"],"picked":"Singing Bowl","floor":42},{"not_picked":["SnakesPrey+1","CombatPreparation","PreemptiveStrike+1","EnergyStrike"],"picked":"Singing Bowl","floor":44},{"not_picked":["EnergyStrike+1","SunsetBlade","InnerArdor"],"picked":"SuppressingShot","floor":47},{"not_picked":["WillBeTasty","ViolentFlame+1","Leap_lor+1"],"picked":"Quickness+1","floor":48},{"not_picked":["HighKick","GuardingStance","PreemptiveStrike+1"],"picked":"FrontalAssault+1","floor":55}],"player_experience":1417854,"relics_obtained":[{"floor":6.0,"key":"Toy Ornithopter"},{"floor":9.0,"key":"Potion Belt"},{"floor":11.0,"key":"PageOfSingingMachine"},{"floor":14.0,"key":"Oddly Smooth Stone"},{"floor":23.0,"key":"Juzu Bracelet"},{"floor":25.0,"key":"War Paint"},{"floor":28.0,"key":"PageOfJudgementBird"},{"floor":29.0,"key":"Singing Bowl"},{"floor":29.0,"key":"PageOfMountain"},{"floor":31.0,"key":"Dream Catcher"},{"floor":40,"key":"Ornamental Fan"},{"floor":42,"key":"Whetstone"},{"floor":43,"key":"Anchor"},{"floor":47,"key":"PageOfSpiderBud"},{"floor":55,"key":"PageOfWayBackHome"}],"event_choices":[{"cards_removed":["LightAttack"],"damage_healed":0.0,"max_hp_gain":0.0,"max_hp_loss":0.0,"gold_gain":0.0,"event_name":"Purifier","player_choice":"Purged","floor":3.0,"gold_loss":0.0,"damage_taken":0.0},{"damage_healed":0.0,"max_hp_gain":0.0,"max_hp_loss":0.0,"gold_gain":0.0,"event_name":"Liars Game","player_choice":"Ignored","floor":8.0,"gold_loss":0.0,"damage_taken":0.0},{"damage_healed":0.0,"max_hp_gain":0.0,"max_hp_loss":6.0,"gold_gain":0.0,"event_name":"Golden Idol","player_choice":"Lose Max HP","floor":12.0,"gold_loss":0.0,"damage_taken":0.0,"relics_obtained":["Golden Idol"]},{"cards_removed":["FocusedStrikes"],"damage_healed":0.0,"max_hp_gain":0.0,"max_hp_loss":0.0,"gold_gain":0.0,"event_name":"Wheel of Change","player_choice":"Card Removal","floor":22.0,"gold_loss":0.0,"damage_taken":0.0},{"damage_healed":0.0,"max_hp_gain":0.0,"max_hp_loss":0.0,"gold_gain":0.0,"event_name":"Colosseum","player_choice":"Fight","floor":29.0,"gold_loss":0.0,"damage_taken":0.0},{"damage_healed":0.0,"max_hp_gain":0.0,"max_hp_loss":0.0,"gold_gain":0.0,"event_name":"Colosseum","player_choice":"Fought Nobs","floor":29.0,"gold_loss":0.0,"damage_taken":0.0},{"damage_healed":0,"gold_gain":0,"player_choice":"Damaged","damage_taken":22,"max_hp_gain":0,"max_hp_loss":0,"event_name":"Wheel of Change","floor":41,"gold_loss":0},{"damage_healed":0,"gold_gain":0,"player_choice":"Bought 0 Potions","damage_taken":0,"max_hp_gain":0,"max_hp_loss":0,"event_name":"The Woman in Blue","floor":46,"gold_loss":0}],"is_beta":false,"boss_relics":[{"not_picked":["Busted Crown","Runic Dome"],"picked":"Coffee Dripper"},{"not_picked":["Calling Bell","Sozu"],"picked":"SacredBark"}],"items_purged_floors":[10,21,37,45,54],"is_endless":false,"potions_floor_spawned":[1,4,6,11,18,20,23,27,29,31,33,35,40,42,44],"ascension_level":6}}