{"host":"08sn1703g14rasc1","time":1614421213,"event":{"mods":["AchievementEnabler","BaseMod","Colored Map","Colored Powertips","Hermit","Minty Spire (QoL Compilation)","StSLib"],"gold_per_floor":[14,14,34,34,55,55,88,88,88,108,108,108,8,0,0,128,128,152,67,91,91,91,91,91,6,56,56,16,32,368,368,368,368,368],"floor_reached":33,"language":"ENG","playtime":2356,"items_purged":["Strike_P"],"score":413,"play_id":"5af243db-2966-490d-a4c7-c1983028dc8d","local_time":"20210227022013","is_ascension_mode":true,"campfire_choices":[{"data":"Eruption","floor":6.0,"key":"SMITH"},{"floor":8.0,"key":"REST"},{"floor":11.0,"key":"REST"},{"floor":15.0,"key":"REST"},{"floor":23.0,"key":"REST"},{"floor":27.0,"key":"REST"},{"floor":32,"key":"REST"}],"circlet_count":0,"master_deck":["Strike_P","Strike_P","Defend_P","Defend_P","Defend_P","Eruption+1","Vigilance","FlurryOfBlows","FlurryOfBlows","WreathOfFlame","Halt","Blasphemy","FlurryOfBlows","FlurryOfBlows","DeusExMachina","LikeWater+1","WaveOfTheHand","FlurryOfBlows","TalkToTheHand","SandsOfTime","Consecrate+1"],"relics":["PureWater","Golden Idol","Blue Candle","Meat on the Bone","Gremlin Horn","Busted Crown","Toy Ornithopter","MutagenicStrength","Anchor","Strawberry","Old Coin","PreservedInsect"],"acts_visited":["Exordium","TheCity"],"potions_floor_usage":[29,30,30,33,33],"damage_taken":[{"damage":0.0,"enemies":"2 Louse","floor":1.0,"turns":2.0},{"damage":0.0,"enemies":"Cultist","floor":3.0,"turns":2.0},{"damage":0.0,"enemies":"Jaw Worm","floor":5.0,"turns":3.0},{"damage":60.0,"enemies":"Gremlin Nob","floor":7.0,"turns":6.0},{"damage":8.0,"enemies":"3 Louse","floor":10.0,"turns":2.0},{"damage":74.0,"enemies":"The Guardian","floor":16.0,"turns":14.0},{"damage":50.0,"enemies":"2 Thieves","floor":18.0,"turns":5.0},{"damage":12.0,"enemies":"Shell Parasite","floor":20.0,"turns":3.0},{"damage":21,"enemies":"Snake Plant","floor":29,"turns":7},{"damage":36,"enemies":"Book of Stabbing","floor":30,"turns":7},{"damage":108,"enemies":"Collector","floor":33,"turns":11}],"seed_played":"5298175170290091195","potions_obtained":[{"floor":1.0,"key":"SneckoOil"},{"floor":5.0,"key":"Ancient Potion"},{"floor":10.0,"key":"BlessingOfTheForge"},{"floor":20.0,"key":"Strength Potion"},{"floor":28.0,"key":"Block Potion"},{"floor":29,"key":"Dexterity Potion"},{"floor":30,"key":"Regen Potion"}],"is_trial":false,"path_per_floor":["M","?","M","?","M","R","E","R","T","M","R","T","$","?","R","B",null,"M","?","M","?","?","R","?","$","T","R","?","M","E","T","R","B"],"character_chosen":"WATCHER","items_purchased":["FlurryOfBlows","FlurryOfBlows","TalkToTheHand"],"campfire_rested":6,"item_purchase_floors":[13,25,25],"current_hp_per_floor":[65,82,82,62,62,62,2,26,26,30,54,54,54,54,78,16,66,28,28,33,33,33,57,57,57,64,89,89,73,47,47,73,0,0],"gold":368,"neow_bonus":"TRANSFORM_TWO_CARDS","is_daily":false,"chose_seed":false,"campfire_upgraded":1,"win_rate":0.0,"timestamp":1614421213,"path_taken":["M","?","?","?","M","R","E","R","T","M","R","?","$","?","R","BOSS","M","?","M","?","?","R","?","$","T","R","?","?","E","?","R","BOSS"],"items_purchased_type":["Card","Card","Card"],"build_version":"2020-12-22","purchased_purges":1,"victory":false,"max_hp_per_floor":[72,82,82,82,82,82,82,82,82,82,82,82,82,82,82,82,82,82,82,82,82,82,82,82,82,89,89,89,89,89,89,89,89,89],"card_choices":[{"not_picked":["CrushJoints","Swivel"],"picked":"FlurryOfBlows","floor":1.0},{"not_picked":["CrushJoints","Vengeance"],"picked":"WreathOfFlame","floor":3.0},{"not_picked":["Protect","SandsOfTime"],"picked":"Halt","floor":5.0},{"not_picked":["Pray","FlurryOfBlows"],"picked":"Blasphemy","floor":7.0},{"not_picked":["BowlingBash","Crescendo"],"picked":"FlurryOfBlows","floor":10.0},{"not_picked":["Scrawl","Blasphemy"],"picked":"DeusExMachina","floor":16.0},{"not_picked":[],"picked":"LikeWater+1","floor":18.0},{"not_picked":[],"picked":"WaveOfTheHand","floor":20.0},{"not_picked":[],"picked":"SandsOfTime","floor":29},{"not_picked":[],"picked":"Consecrate+1","floor":30}],"player_experience":495886,"relics_obtained":[{"floor":7.0,"key":"Blue Candle"},{"floor":9.0,"key":"Meat on the Bone"},{"floor":12.0,"key":"Gremlin Horn"},{"floor":26.0,"key":"Strawberry"},{"floor":30,"key":"Old Coin"},{"floor":31,"key":"PreservedInsect"}],"event_choices":[{"cards_removed":["DevaForm"],"damage_healed":7.0,"max_hp_gain":10.0,"max_hp_loss":0.0,"gold_gain":0.0,"event_name":"Bonfire Elementals","player_choice":"Offered Rare","floor":2.0,"gold_loss":0.0,"damage_taken":0.0},{"damage_healed":0.0,"max_hp_gain":0.0,"max_hp_loss":0.0,"gold_gain":0.0,"event_name":"Golden Idol","player_choice":"Take Damage","floor":4.0,"gold_loss":0.0,"damage_taken":20.0,"relics_obtained":["Golden Idol"]},{"damage_healed":0.0,"max_hp_gain":0.0,"max_hp_loss":0.0,"gold_gain":0.0,"event_name":"World of Goop","player_choice":"Left Gold","floor":14.0,"gold_loss":8.0,"damage_taken":0.0},{"damage_healed":0.0,"max_hp_gain":0.0,"max_hp_loss":0.0,"gold_gain":0.0,"event_name":"Addict","player_choice":"Obtained Relic","floor":19.0,"gold_loss":85.0,"damage_taken":0.0,"relics_obtained":["Toy Ornithopter"]},{"damage_healed":0.0,"max_hp_gain":0.0,"max_hp_loss":0.0,"gold_gain":0.0,"event_name":"Vampires","player_choice":"Ignored","floor":21.0,"gold_loss":0.0,"damage_taken":0.0},{"damage_healed":0.0,"max_hp_gain":0.0,"max_hp_loss":0.0,"gold_gain":0.0,"event_name":"Drug Dealer","player_choice":"Inject Mutagens","floor":22.0,"gold_loss":0.0,"damage_taken":0.0,"relics_obtained":["MutagenicStrength"]},{"damage_healed":0.0,"max_hp_gain":0.0,"max_hp_loss":0.0,"gold_gain":0.0,"event_name":"The Mausoleum","player_choice":"Opened","floor":24.0,"gold_loss":0.0,"damage_taken":0.0,"relics_obtained":["Anchor"]},{"damage_healed":0.0,"max_hp_gain":0.0,"max_hp_loss":0.0,"gold_gain":0.0,"event_name":"The Woman in Blue","player_choice":"Bought 3 Potions","floor":28.0,"gold_loss":0.0,"damage_taken":0.0}],"is_beta":false,"boss_relics":[{"not_picked":["Ectoplasm","Snecko Eye"],"picked":"Busted Crown"}],"items_purged_floors":[13],"is_endless":false,"potions_floor_spawned":[1,5,10,20,29,30],"killed_by":"Collector","ascension_level":8}}