{"host":"663e8xqjmn4njdbr","time":1614436812,"event":{"mods":["Aspiration","BaseMod","Better Vampires","Conspire","Downfall","Duelist Mod","HololiveMod","Koishi","LagranYue(拉格朗・月)","Lobotomy","Minty Spire (QoL Compilation)","Onozuka Komachi Mod","Quick Restart","Remilia（蕾米莉亚）","Replay The Spire","StSLib","The Administrix","The Animator","Youmu（魂魄妖梦）"],"gold_per_floor":[127,127,140,166,177,217,246,246,315,315,334,362,362,382,382,483,483,498,423,437,450,221,254,529,529,529,529,542,542,584,473,473,588,588,588],"floor_reached":34,"language":"ZHS","playtime":3910,"items_purged":["Wound"],"score":534,"play_id":"3d3cfef8-cab9-405a-b16b-3631d5abdc4d","local_time":"20210227224012","is_ascension_mode":false,"campfire_choices":[{"data":"animator:Pride","floor":8,"key":"SMITH"},{"data":"animator:ElricAlphonse","floor":10,"key":"SMITH"},{"data":"animator:Sloth","floor":15,"key":"SMITH"},{"data":"animator:Envy","floor":25,"key":"SMITH"},{"data":"animator:Sora","floor":27,"key":"SMITH"},{"data":"animator:MetalKnight","floor":29,"key":"SMITH"},{"data":"animator:MaesHughes","floor":32,"key":"SMITH"}],"circlet_count":0,"master_deck":["animator:Strike_FullmetalAlchemist","animator:Defend_FullmetalAlchemist","animator:Strike","animator:Defend","animator:Defend","animator:Defend","animator:ElricEdward+1","animator:ElricAlphonse+1","animator:MaesHughes+1","animator:Berserker","animator:Tatsumaki","animator:Pride+1","animator:Shion","animator:Sloth+1","animator:Jibril","animator:Truth","animator:Sora+1","animator:Shuna+1","animator:Sloth","animator:Envy+1","animator:MetalKnight+1","animator:RoyMustang+1","Wound"],"relics":["animator:LivingPicture","animator:TheMissingPiece","LagranYue:RandomDrawCardRelic","Eternal Feather","Replay:Bottled Steam","animator:CursedGlyph","animator:OldCoffin","Ring of Searing","Ring of Fury","Painkiller Herb","Omamori","animator:ShionDessert","conspire:BottledYoYo","Empty Cage"],"acts_visited":["Exordium","TheCity"],"potions_floor_usage":[6,6,12,21,21,21,23],"damage_taken":[{"damage":0,"enemies":"Cultist","floor":1,"turns":4},{"damage":3,"enemies":"Jaw Worm","floor":3,"turns":4},{"damage":0,"enemies":"2 Louse","floor":4,"turns":2},{"damage":16,"enemies":"Exordium Thugs","floor":5,"turns":6},{"damage":17,"enemies":"3 Sentries","floor":6,"turns":6},{"damage":5,"enemies":"2 Fungi Beasts","floor":7,"turns":5},{"damage":0,"enemies":"Red Slaver","floor":11,"turns":4},{"damage":28,"enemies":"Gremlin Nob","floor":12,"turns":5},{"damage":0,"enemies":"Large Slime","floor":14,"turns":4},{"damage":17,"enemies":"Fading Forest","floor":16,"turns":11},{"damage":25,"enemies":"Shell Parasite","floor":18,"turns":5},{"damage":18,"enemies":"3 Byrds","floor":20,"turns":5},{"damage":4,"enemies":"Shelled Parasite and Fungi","floor":21,"turns":5},{"damage":10,"enemies":"theDuelist:KaibaA2","floor":23,"turns":4},{"damage":11,"enemies":"Cultist and Chosen","floor":28,"turns":6},{"damage":3,"enemies":"Centurion and Healer","floor":30,"turns":6},{"damage":7,"enemies":"Pondfish","floor":33,"turns":8}],"seed_played":"7532039415172380720","potions_obtained":[{"floor":2,"key":"FearPotion"},{"floor":2,"key":"FearPotion"},{"floor":2,"key":"LiquidBronze"},{"floor":4,"key":"Slimebound:ThreeZeroPotion"},{"floor":6,"key":"BlessingOfTheForge"},{"floor":7,"key":"Regen Potion"},{"floor":16,"key":"Guardian:BlockOnCardUsePotion"},{"floor":21,"key":"SkillPotion"},{"floor":33,"key":"BlessingOfTheForge"}],"is_trial":false,"path_per_floor":["M","?","M","M","M","E","M","R","T","R","M","E","?","M","R","B",null,"?","?","?","?","T","E","?","T","T","T","?","T","?","?","T","B",null],"character_chosen":"THE_ANIMATOR","items_purchased":["Omamori"],"campfire_rested":0,"item_purchase_floors":[22],"current_hp_per_floor":[66,66,63,63,48,31,26,35,35,44,44,30,30,30,39,32,63,39,39,21,17,17,8,8,20,20,32,22,34,31,31,43,36,36,36],"gold":588,"neow_bonus":"RANDOM_EVENT","is_daily":false,"chose_seed":false,"campfire_upgraded":7,"win_rate":0.0,"timestamp":1614436812,"path_taken":["M","?","M","?","M","E","?","R","T","R","M","E","?","M","R","BOSS","?","?","?","?","T","E","?","T","T","T","?","T","?","?","T","BOSS"],"items_purchased_type":["Relic"],"build_version":"2020-12-22","purchased_purges":1,"victory":false,"max_hp_per_floor":[66,66,66,66,67,67,67,67,67,67,67,63,63,63,63,63,63,64,64,64,64,64,65,65,65,65,65,66,66,66,66,66,66,66,66],"card_choices":[{"not_picked":["animator:Demiurge","animator:NarberalGamma"],"picked":"animator:MaesHughes","floor":1},{"not_picked":["animator:Tet","animator:Cocytus"],"picked":"animator:Berserker","floor":3},{"not_picked":["animator:DolaSchwi","animator:Jibril"],"picked":"animator:Tatsumaki","floor":4},{"not_picked":["animator:MaesHughes","animator:WinryRockbell"],"picked":"animator:Pride","floor":5},{"not_picked":["animator:DolaStephanie","animator:Verdia"],"picked":"animator:Shion","floor":6},{"not_picked":["animator:Mitsurugi","animator:Millim"],"picked":"animator:Sloth","floor":7},{"not_picked":["animator:Evileye","animator:Hakurou"],"picked":"animator:Jibril","floor":11},{"not_picked":["animator:Scar","animator:Pride"],"picked":"animator:Truth","floor":12},{"not_picked":["animator:DolaRiku","animator:Entoma","animator:RinTohsaka"],"picked":"SKIP","floor":14},{"not_picked":["animator:Hans","animator:Albedo"],"picked":"animator:Sora","floor":16},{"not_picked":["animator:MumenRider","animator:Aqua"],"picked":"animator:Shuna+1","floor":18},{"not_picked":["animator:Shion","animator:MumenRider"],"picked":"animator:SakuraMatou","floor":20},{"not_picked":["animator:MaesHughes","animator:ElricAlphonse"],"picked":"animator:Sloth","floor":21},{"not_picked":["animator:NarberalGamma","animator:Hakurou"],"picked":"animator:Envy","floor":23},{"not_picked":["animator:Entoma","animator:Berserker+1"],"picked":"animator:MetalKnight","floor":28},{"not_picked":["animator:ElricAlphonse","animator:DolaSchwi"],"picked":"animator:RoyMustang+1","floor":30},{"not_picked":["animator:Greed","animator:Sora"],"picked":"animator:Saitama","floor":33}],"player_experience":241994,"relics_obtained":[{"floor":6,"key":"Eternal Feather"},{"floor":9,"key":"Replay:Bottled Steam"},{"floor":12,"key":"animator:CursedGlyph"},{"floor":12,"key":"animator:OldCoffin"},{"floor":13,"key":"Ring of Searing"},{"floor":13,"key":"Ring of Fury"},{"floor":23,"key":"animator:ShionDessert"}],"event_choices":[{"damage_healed":0,"gold_gain":0,"player_choice":"Grow","damage_taken":0,"max_hp_gain":0,"max_hp_loss":0,"event_name":"Living Wall","floor":0,"gold_loss":0,"cards_upgraded":["animator:ElricEdward"]},{"damage_healed":0,"gold_gain":0,"player_choice":"Got Potions","damage_taken":0,"max_hp_gain":0,"max_hp_loss":0,"event_name":"Lab","floor":2,"gold_loss":0},{"cards_removed":["Hallucinations"],"damage_healed":0,"gold_gain":0,"player_choice":"Gave Gold","damage_taken":0,"max_hp_gain":0,"max_hp_loss":0,"event_name":"Beggar","floor":19,"gold_loss":75},{"damage_healed":0,"gold_gain":275,"player_choice":"Desecrate","damage_taken":0,"max_hp_gain":0,"max_hp_loss":0,"event_name":"Golden Shrine","floor":24,"gold_loss":0,"cards_obtained":["Regret"]},{"damage_healed":0,"gold_gain":0,"player_choice":"Paid Gold","damage_taken":0,"relics_obtained":["conspire:BottledYoYo"],"max_hp_gain":0,"max_hp_loss":0,"event_name":"WeMeetAgain","floor":31,"gold_loss":111}],"is_beta":false,"boss_relics":[{"not_picked":["Kintsugi","Hololive_Finger"],"picked":"Painkiller Herb"},{"not_picked":["Astrolabe","Runic Dome"],"picked":"Empty Cage"}],"items_purged_floors":[22],"is_endless":false,"potions_floor_spawned":[4,6,7,11,16,20,21,33],"ascension_level":0}}