{"host":"89iuq2p5kwriuwfq","time":1614444694,"event":{"mods":["BaseMod","Curses Come First","Custom Start","Minty Spire (QoL Compilation)","Permanent Neow","StSLib"],"gold_per_floor":[113,113,113,113,38,58,58,84,107,142,152,152,181,200,200,276,276,293,310,310,310,93,123,13,45,45,145,177,177,208,42,42,121,121,131,179,190,412,422,451,451,481,505,524,558,575,575,575,575,575],"floor_reached":51,"language":"ENG","playtime":3056,"items_purged":["Regret","Whirlwind"],"score":1553,"play_id":"bac198e2-9d93-486c-bfe9-ea4c5bf04790","local_time":"20210227165134","is_ascension_mode":true,"campfire_choices":[{"data":"Spot Weakness","floor":7.0,"key":"SMITH"},{"data":"Sword Boomerang","floor":12.0,"key":"SMITH"},{"data":"True Grit","floor":15.0,"key":"SMITH"},{"data":"Rupture","floor":32,"key":"SMITH"},{"data":"Carnage","floor":41,"key":"SMITH"},{"data":"Brutality","floor":49,"key":"SMITH"}],"circlet_count":0,"master_deck":["AscendersBane","Bash","Spot Weakness+1","Iron Wave","Shrug It Off","Spot Weakness","Sword Boomerang+1","Brutality+1","True Grit+1","Feed","Pommel Strike","Carnage+1","Combust","Entrench","Blood for Blood","Wild Strike+1","Evolve","Rupture+1","Cleave","Necronomicurse","True Grit","Reaper","Ghostly Armor","Shrug It Off+1","Reaper","Double Tap","Thunderclap","Fire Breathing","Bloodletting","Exhume"],"relics":["Burning Blood","Smiling Mask","Potion Belt","Pantograph","InkBottle","Akabeko","Bottled Flame","Oddly Smooth Stone","Pandora\u0027s Box","Necronomicon","Toolbox","Juzu Bracelet","Magic Flower","Bag of Marbles","Thread and Needle","HornCleat","Sundial","Red Mask","DollysMirror","Sozu","Calipers","Omamori","Meat on the Bone","Bag of Preparation","Self Forming Clay","Bottled Tornado"],"acts_visited":["Exordium","TheCity","TheBeyond"],"potions_floor_usage":[39,40,50],"damage_taken":[{"damage":8.0,"enemies":"Jaw Worm","floor":1.0,"turns":5.0},{"damage":0.0,"enemies":"Small Slimes","floor":6.0,"turns":3.0},{"damage":28.0,"enemies":"Gremlin Nob","floor":8.0,"turns":5.0},{"damage":12.0,"enemies":"3 Sentries","floor":10.0,"turns":5.0},{"damage":0.0,"enemies":"Cultist","floor":11.0,"turns":2.0},{"damage":13.0,"enemies":"Lagavulin","floor":13.0,"turns":5.0},{"damage":0.0,"enemies":"Large Slime","floor":14.0,"turns":4.0},{"damage":39.0,"enemies":"The Guardian","floor":16.0,"turns":11.0},{"damage":0.0,"enemies":"Shell Parasite","floor":18.0,"turns":1.0},{"damage":4.0,"enemies":"Chosen","floor":19.0,"turns":3.0},{"damage":50.0,"enemies":"Slavers","floor":23.0,"turns":5.0},{"damage":7.0,"enemies":"Gremlin Leader","floor":25.0,"turns":5.0},{"damage":5.0,"enemies":"Colosseum Slavers","floor":27.0,"turns":3.0},{"damage":32.0,"enemies":"Colosseum Nobs","floor":27.0,"turns":4.0},{"damage":10.0,"enemies":"Book of Stabbing","floor":28.0,"turns":2.0},{"damage":0.0,"enemies":"Masked Bandits","floor":30.0,"turns":3.0},{"damage":85,"enemies":"Champ","floor":33,"turns":10},{"damage":4,"enemies":"Orb Walker","floor":35,"turns":3},{"damage":27,"enemies":"2 Orb Walkers","floor":36,"turns":4},{"damage":15,"enemies":"3 Darklings","floor":37,"turns":3},{"damage":15,"enemies":"Writhing Mass","floor":39,"turns":5},{"damage":28,"enemies":"Reptomancer","floor":40,"turns":6},{"damage":41,"enemies":"Giant Head","floor":42,"turns":6},{"damage":12,"enemies":"Maw","floor":44,"turns":4},{"damage":2,"enemies":"Nemesis","floor":45,"turns":3},{"damage":1,"enemies":"Transient","floor":46,"turns":5},{"damage":75,"enemies":"Awakened One","floor":50,"turns":8}],"seed_played":"-7013347356983191201","potions_obtained":[{"floor":6.0,"key":"BlessingOfTheForge"},{"floor":8.0,"key":"EssenceOfSteel"},{"floor":10.0,"key":"Energy Potion"},{"floor":11.0,"key":"AttackPotion"},{"floor":14.0,"key":"DuplicationPotion"},{"floor":25.0,"key":"PowerPotion"},{"floor":30.0,"key":"Fire Potion"},{"floor":33,"key":"Fire Potion"}],"is_trial":false,"path_per_floor":["M","?","?","T","$","M","R","E","T","E","M","R","E","M","R","B",null,"M","M","?","?","$","E","?","E","T","?","E","?","?","$","R","B",null,"M","?","M","?","M","E","R","E","T","M","E","M","?","T","R","B",null],"character_chosen":"IRONCLAD","items_purchased":["Shrug It Off","Toolbox","DollysMirror"],"campfire_rested":0,"item_purchase_floors":[5,22,31],"current_hp_per_floor":[66,55,55,55,55,61,61,39,39,33,39,39,32,38,38,30,64,70,72,51,51,51,10,10,9,9,26,25,3,38,38,38,24,73,92,74,86,86,92,95,95,66,66,63,70,95,90,90,90,59],"gold":575,"neow_bonus":"THREE_CARDS","is_daily":false,"chose_seed":false,"campfire_upgraded":6,"win_rate":0.0,"timestamp":1614444694,"path_taken":["M","?","?","?","$","M","R","E","T","E","M","R","E","?","R","BOSS","M","M","?","?","$","E","?","E","T","?","E","?","?","$","R","BOSS","M","?","M","?","M","E","R","E","T","M","E","M","?","?","R","BOSS"],"items_purchased_type":["Card","Relic","Relic"],"build_version":"2020-12-22","purchased_purges":2,"victory":true,"max_hp_per_floor":[75,75,75,75,75,75,75,75,75,75,75,75,75,75,75,75,75,75,75,75,75,75,78,78,78,78,78,78,83,86,86,86,89,89,92,92,92,92,92,95,95,95,95,95,95,95,90,90,90,93],"card_choices":[{"not_picked":["Twin Strike","Iron Wave"],"picked":"Spot Weakness","floor":0.0},{"not_picked":["Pommel Strike","Fire Breathing"],"picked":"Iron Wave","floor":1.0},{"not_picked":["Dropkick","Headbutt"],"picked":"Spot Weakness","floor":6.0},{"not_picked":["Perfected Strike","Carnage"],"picked":"Sword Boomerang","floor":8.0},{"not_picked":["Armaments","Headbutt"],"picked":"Whirlwind","floor":10.0},{"not_picked":["Clash","Uppercut"],"picked":"Brutality","floor":11.0},{"not_picked":["Reckless Charge","Corruption"],"picked":"True Grit","floor":13.0},{"not_picked":["Seeing Red","Intimidate","Body Slam"],"picked":"SKIP","floor":14.0},{"not_picked":["Immolate","Impervious"],"picked":"Feed","floor":16.0},{"not_picked":["Headbutt","Perfected Strike","Entrench"],"picked":"SKIP","floor":18.0},{"not_picked":["Feel No Pain","Cleave","Anger"],"picked":"SKIP","floor":19.0},{"not_picked":["Feel No Pain","Anger"],"picked":"Cleave","floor":19.0},{"not_picked":["Second Wind","Carnage"],"picked":"True Grit","floor":23.0},{"not_picked":["Body Slam","Heavy Blade"],"picked":"Reaper","floor":25.0},{"not_picked":["Twin Strike","Combust"],"picked":"Ghostly Armor","floor":28.0},{"not_picked":["Dark Embrace","True Grit"],"picked":"Shrug It Off+1","floor":30.0},{"not_picked":["Corruption","Immolate"],"picked":"Double Tap","floor":33},{"not_picked":["Wild Strike","Armaments+1","Sword Boomerang+1"],"picked":"SKIP","floor":35},{"not_picked":["Seeing Red+1","Perfected Strike","Thunderclap"],"picked":"SKIP","floor":37},{"not_picked":["Seeing Red+1","Perfected Strike"],"picked":"Thunderclap","floor":37},{"not_picked":["True Grit","Havoc"],"picked":"Fire Breathing","floor":39},{"not_picked":["Seeing Red","Sword Boomerang","Shockwave+1"],"picked":"SKIP","floor":40},{"not_picked":["Power Through","Shrug It Off","Pommel Strike"],"picked":"SKIP","floor":42},{"not_picked":["Evolve","Entrench"],"picked":"Bloodletting","floor":44},{"not_picked":["Whirlwind","Spot Weakness"],"picked":"Exhume","floor":45},{"not_picked":["Carnage","Clothesline","Dual Wield+1"],"picked":"SKIP","floor":46}],"player_experience":805455,"relics_obtained":[{"floor":4.0,"key":"Pantograph"},{"floor":8.0,"key":"InkBottle"},{"floor":9.0,"key":"Akabeko"},{"floor":10.0,"key":"Bottled Flame"},{"floor":13.0,"key":"Oddly Smooth Stone"},{"floor":20.0,"key":"Necronomicon"},{"floor":23.0,"key":"Juzu Bracelet"},{"floor":25.0,"key":"Magic Flower"},{"floor":26.0,"key":"Bag of Marbles"},{"floor":27.0,"key":"Thread and Needle"},{"floor":27.0,"key":"HornCleat"},{"floor":28.0,"key":"Sundial"},{"floor":30.0,"key":"Red Mask"},{"floor":36,"key":"Calipers"},{"floor":40,"key":"Omamori"},{"floor":42,"key":"Meat on the Bone"},{"floor":43,"key":"Bag of Preparation"},{"floor":45,"key":"Self Forming Clay"},{"floor":48,"key":"Bottled Tornado"}],"event_choices":[{"damage_healed":0.0,"max_hp_gain":0.0,"max_hp_loss":0.0,"gold_gain":0.0,"event_name":"Scrap Ooze","player_choice":"Success","floor":2.0,"gold_loss":0.0,"damage_taken":11.0,"relics_obtained":["Smiling Mask"]},{"damage_healed":0.0,"max_hp_gain":0.0,"max_hp_loss":0.0,"gold_gain":0.0,"event_name":"Big Fish","player_choice":"Box","floor":3.0,"gold_loss":0.0,"damage_taken":0.0,"relics_obtained":["Potion Belt"],"cards_obtained":["Regret"]},{"damage_healed":0.0,"max_hp_gain":0.0,"max_hp_loss":0.0,"gold_gain":0.0,"event_name":"Cursed Tome","player_choice":"Obtained Book","floor":20.0,"gold_loss":0.0,"damage_taken":21.0},{"damage_healed":0.0,"max_hp_gain":0.0,"max_hp_loss":0.0,"gold_gain":0.0,"event_name":"Ghosts","player_choice":"Ignored","floor":21.0,"gold_loss":0.0,"damage_taken":0.0},{"cards_removed":["Searing Blow"],"damage_healed":0.0,"max_hp_gain":0.0,"max_hp_loss":0.0,"gold_gain":0.0,"event_name":"Designer","player_choice":"Upgrade and Remove","floor":24.0,"gold_loss":110.0,"damage_taken":0.0,"cards_upgraded":["Wild Strike"]},{"damage_healed":0.0,"max_hp_gain":0.0,"max_hp_loss":0.0,"gold_gain":0.0,"event_name":"Colosseum","player_choice":"Fight","floor":27.0,"gold_loss":0.0,"damage_taken":0.0},{"damage_healed":0.0,"max_hp_gain":0.0,"max_hp_loss":0.0,"gold_gain":0.0,"event_name":"Colosseum","player_choice":"Fought Nobs","floor":27.0,"gold_loss":0.0,"damage_taken":0.0},{"damage_healed":0.0,"max_hp_gain":5.0,"max_hp_loss":0.0,"gold_gain":0.0,"event_name":"Forgotten Altar","player_choice":"Shed Blood","floor":29.0,"gold_loss":0.0,"damage_taken":27.0},{"damage_healed":0.0,"max_hp_gain":0.0,"max_hp_loss":0.0,"gold_gain":0.0,"event_name":"Masked Bandits","player_choice":"Fought Bandits","floor":30.0,"gold_loss":0.0,"damage_taken":0.0},{"damage_healed":0,"gold_gain":0,"player_choice":"Fight","damage_taken":0,"max_hp_gain":0,"max_hp_loss":0,"event_name":"Mysterious Sphere","floor":36,"gold_loss":0},{"damage_healed":0,"gold_gain":222,"player_choice":"Wore Mask","damage_taken":0,"max_hp_gain":0,"max_hp_loss":0,"event_name":"Tomb of Lord Red Mask","floor":38,"gold_loss":0},{"damage_healed":0,"gold_gain":0,"player_choice":"Max HP","damage_taken":0,"max_hp_gain":0,"max_hp_loss":5,"event_name":"Winding Halls","floor":47,"gold_loss":0}],"is_beta":false,"boss_relics":[{"not_picked":["Black Blood","Coffee Dripper"],"picked":"Pandora\u0027s Box"},{"not_picked":["Tiny House","Runic Dome"],"picked":"Sozu"}],"items_purged_floors":[5,22],"is_endless":false,"potions_floor_spawned":[6,8,10,11,14,25,27,30,33,37,39,42,46],"ascension_level":16}}