{"host":"g5ctwwsvxeihc2vr","time":1614384907,"event":{"mods":["Act Like it!","BaseMod","Bestiary","Better Third Choice","Block Reminder","CapriCore","Dio Mod","Downfall","Hermit","JesterMod","Jorbs\u0027s Wanderer Trilogy","Koishi","Library of Ruina","Library of Ruina Extra","Luminous","Marisa????????","Minty Spire (QoL Compilation)","Reimu??????","Remilia??????","Ruina","StSLib","The Alterego","The Animator","The Bug Knight","The Cursed","The Hierophant","The Immortal","The Marked","The Runesmith","The Servant 0.9.4","The Wild Card","Waifu the Spire"],"gold_per_floor":[117,137,152,152,152,152,180,134,134,154,172,188,188,207,207,303,303,322,322,322],"floor_reached":19,"language":"ENG","playtime":2037,"items_purged":[],"score":171,"play_id":"dca07719-50bb-47b1-bd64-c3ebf9aab328","local_time":"20210226191507","is_ascension_mode":false,"campfire_choices":[{"data":"GreatSerpentsImpact","floor":6,"key":"SMITH"},{"floor":13,"key":"REST"},{"data":"SunsetBlade","floor":15,"key":"SMITH"}],"circlet_count":0,"master_deck":["Dodge","LightDefense","LightAttack","LightAttack","LightAttack","LightDefense","LightDefense","LightDefense","ChargeAndCover","FocusedStrikes","Pound","GreatSerpentsImpact+1","CrackOfDawn","theWildCard:Arsene","Diversion","SunsetBlade+1","HeavyPeaks","MultiHit","Commandeering","RepressedFlesh","Pound"],"relics":["PageOfLibrarian","Meat on the Bone","PageOfNothingThere","SacredBark"],"acts_visited":["Exordium","ruina:Briah"],"potions_floor_usage":[],"damage_taken":[{"damage":0,"enemies":"2 Louse","floor":1,"turns":3},{"damage":0,"enemies":"Jaw Worm","floor":2,"turns":5},{"damage":0,"enemies":"Cultist","floor":3,"turns":3},{"damage":10,"enemies":"Gremlin Nob","floor":7,"turns":4},{"damage":3,"enemies":"3 Louse","floor":10,"turns":3},{"damage":6,"enemies":"Large Slime","floor":11,"turns":3},{"damage":0,"enemies":"Looter","floor":12,"turns":3},{"damage":0,"enemies":"Exordium Wildlife","floor":14,"turns":2},{"damage":49,"enemies":"The Guardian","floor":16,"turns":9},{"damage":20,"enemies":"ruina:Nosferatu","floor":18,"turns":4},{"damage":53,"enemies":"ruina:3_Bats","floor":19,"turns":4}],"seed_played":"-4589754882184142044","potions_obtained":[{"floor":1,"key":"Block Potion"},{"floor":10,"key":"PowerPotion"},{"floor":12,"key":"ColorlessPotion"}],"is_trial":false,"path_per_floor":["M","M","M","?","?","R","E","$","T","M","M","M","R","M","R","B",null,"M","M"],"character_chosen":"Librarian","items_purchased":["SunsetBlade"],"campfire_rested":1,"item_purchase_floors":[8],"current_hp_per_floor":[66,66,66,66,66,66,56,56,56,53,47,47,67,67,67,30,69,49,0,0],"gold":322,"neow_bonus":"TEN_PERCENT_HP_BONUS","is_daily":false,"chose_seed":false,"campfire_upgraded":2,"win_rate":0.0,"timestamp":1614384907,"path_taken":["M","M","M","?","?","R","E","?","T","M","M","M","R","M","R","BOSS","M","M"],"items_purchased_type":["Card"],"build_version":"2020-12-22","purchased_purges":0,"victory":false,"max_hp_per_floor":[69,74,74,74,74,69,69,69,69,69,69,69,69,69,69,69,69,69,69,69],"card_choices":[{"not_picked":["SpearedSweep","CombatPreparation","RapidGashes","ClassAndRespect","Faith","StrongStrike","WaitUp","WillOfThePrescript"],"picked":"Pound","floor":1},{"not_picked":["WildCard","BackAttack","Parry","HighKick","WillBeTasty","ClassAndRespect","DestructiveImpact","Faith"],"picked":"GreatSerpentsImpact","floor":2},{"not_picked":["SinglePointStab","TheWillOfTheCity","SnakesPrey","Collision","Parry","UpbeatPerformance","Thirst","Rewind"],"picked":"CrackOfDawn","floor":3},{"not_picked":["Leap_lor","UnavoidableGaze","InhaleSmoke","Clone","RipSpace","HighKick","ForTheFamily","HiddenBlade"],"picked":"Diversion","floor":7},{"not_picked":["SerpentSwordTechnique","Standoff","Multislash","Lock","SmokingPipe","Guardian_lor","SunsetBlade","DefenseOrder","IllEndYou"],"picked":"SKIP","floor":10},{"not_picked":["StructuralAnalysis","CookingPrep","WildCard","ViolentFlame","FocusFire","TheWillOfTheCity","Faith","GuidanceOfTheGears"],"picked":"HeavyPeaks","floor":11},{"not_picked":["GuardingStance","ExtractFuel","Thrust","GrazeTheGrass","SunsetBlade","BlazingStrike","HandleRequest","Zzzzzap"],"picked":"MultiHit","floor":12},{"not_picked":["Bvapour","OminousPower","Thrust","Faith","BiAn","SharpSwipe","QuickAttack","BackAttack"],"picked":"Commandeering","floor":14},{"not_picked":["FormingStorm","TrashDisposal"],"picked":"RepressedFlesh","floor":16},{"not_picked":["HandleRequest","PreparedMind","NightInTheBackstreets","GrazeTheGrass+1","TrashDisposal","StructuralAnalysis","Thrust+1","Diversion"],"picked":"Pound","floor":18}],"player_experience":307014,"relics_obtained":[{"floor":7,"key":"Meat on the Bone"},{"floor":9,"key":"PageOfNothingThere"}],"event_choices":[],"is_beta":false,"boss_relics":[{"not_picked":["Coffee Dripper","Empty Cage"],"picked":"SacredBark"}],"items_purged_floors":[],"is_endless":false,"potions_floor_spawned":[1,10,12],"killed_by":"ruina:3_Bats","ascension_level":0}}