{"host":"7gewg82ormp6yt4e","time":1614435053,"event":{"mods":["BaseMod","Block Reminder","Colored Map","DeckTracker","Highlight Path","Minty Spire (QoL Compilation)","Relic Stats","StSLib","ojb\u0027s Info Mod"],"gold_per_floor":[112,112,129,145,7,7,47,67,90,110,41,81,81,100,100,188,188,214,223,63,153,164,207,207,230,230,256,301,320,429,458,458,546,546,575,602,611,252,274,274,299,299,369,393,50,50,91,129,129,149,149,149,149,49,90,90],"floor_reached":57,"language":"JPN","playtime":4543,"items_purged":["Strike_P","Strike_P"],"score":3110,"play_id":"013742fa-9de4-497d-88aa-0e1ebe8fc85c","local_time":"20210227231053","is_ascension_mode":true,"campfire_choices":[{"data":"Omniscience","floor":6.0,"key":"SMITH"},{"data":"Fasting2","floor":13.0,"key":"SMITH"},{"data":"Vault","floor":15.0,"key":"SMITH"},{"data":"Wallop","floor":24.0,"key":"SMITH"},{"data":"Wallop","floor":32.0,"key":"SMITH"},{"data":"WaveOfTheHand","floor":40.0,"key":"SMITH"},{"data":"Transmutation","floor":42.0,"key":"SMITH"},{"floor":46.0,"key":"RECALL"},{"data":"TalkToTheHand","floor":49.0,"key":"SMITH"},{"data":"ThirdEye","floor":53.0,"key":"SMITH"}],"circlet_count":0,"master_deck":["AscendersBane","Strike_P","Defend_P","Defend_P","Defend_P","Defend_P","Eruption","Vigilance","Prostrate","EmptyFist","Omniscience+1","CarveReality","ReachHeaven","Adaptation","BattleHymn","Fasting2+1","Vault+1","Omniscience","Worship","Wallop+1","CutThroughFate","Wallop+1","CutThroughFate+1","WheelKick+1","Scrawl","ThirdEye+1","Dark Shackles","Master of Strategy","Transmutation+1","WaveOfTheHand+1","Prostrate+1","ThirdEye","TalkToTheHand+1","FearNoEvil","Indignation"],"relics":["Philosopher\u0027s Stone","Toy Ornithopter","CeramicFish","Ancient Tea Set","Strawberry","Snecko Eye","Toolbox","Orichalcum","Kunai","InkBottle","Du-Vu Doll","Ornamental Fan","Sundial","Sozu","Eternal Feather","Bird Faced Urn","Lizard Tail","Gremlin Horn","TeardropLocket"],"acts_visited":["Exordium","TheCity","TheBeyond","TheEnding"],"potions_floor_usage":[56],"damage_taken":[{"damage":11.0,"enemies":"2 Louse","floor":1.0,"turns":4.0},{"damage":0.0,"enemies":"Small Slimes","floor":3.0,"turns":2.0},{"damage":0.0,"enemies":"Cultist","floor":4.0,"turns":3.0},{"damage":20.0,"enemies":"Lagavulin","floor":7.0,"turns":6.0},{"damage":0.0,"enemies":"2 Fungi Beasts","floor":8.0,"turns":2.0},{"damage":0.0,"enemies":"Looter","floor":10.0,"turns":2.0},{"damage":12.0,"enemies":"Gremlin Nob","floor":12.0,"turns":3.0},{"damage":0.0,"enemies":"3 Louse","floor":14.0,"turns":1.0},{"damage":12.0,"enemies":"Hexaghost","floor":16.0,"turns":7.0},{"damage":0.0,"enemies":"Spheric Guardian","floor":18.0,"turns":1.0},{"damage":0.0,"enemies":"Shell Parasite","floor":22.0,"turns":2.0},{"damage":0.0,"enemies":"Gremlin Leader","floor":23.0,"turns":3.0},{"damage":0.0,"enemies":"Snecko","floor":25.0,"turns":2.0},{"damage":0.0,"enemies":"Book of Stabbing","floor":27.0,"turns":2.0},{"damage":0.0,"enemies":"Sentry and Sphere","floor":28.0,"turns":1.0},{"damage":0.0,"enemies":"Centurion and Healer","floor":29.0,"turns":2.0},{"damage":0.0,"enemies":"Colosseum Slavers","floor":30.0,"turns":1.0},{"damage":0.0,"enemies":"Colosseum Nobs","floor":30.0,"turns":2.0},{"damage":0.0,"enemies":"Slavers","floor":31.0,"turns":2.0},{"damage":0.0,"enemies":"Champ","floor":33.0,"turns":3.0},{"damage":0.0,"enemies":"Orb Walker","floor":35.0,"turns":1.0},{"damage":0.0,"enemies":"3 Shapes","floor":39.0,"turns":1.0},{"damage":0.0,"enemies":"Giant Head","floor":41.0,"turns":4.0},{"damage":0.0,"enemies":"Writhing Mass","floor":44.0,"turns":3.0},{"damage":27.0,"enemies":"Maw","floor":47.0,"turns":7.0},{"damage":14.0,"enemies":"Reptomancer","floor":48.0,"turns":4.0},{"damage":21.0,"enemies":"Donu and Deca","floor":50.0,"turns":11.0},{"damage":26.0,"enemies":"Time Eater","floor":51.0,"turns":12.0},{"damage":0.0,"enemies":"Shield and Spear","floor":55.0,"turns":4.0},{"damage":75,"enemies":"The Heart","floor":56,"turns":9}],"seed_played":"5973528356122010779","potions_obtained":[{"floor":3.0,"key":"Explosive Potion"},{"floor":8.0,"key":"Explosive Potion"},{"floor":14.0,"key":"BlessingOfTheForge"},{"floor":16.0,"key":"CultistPotion"},{"floor":18.0,"key":"StancePotion"},{"floor":23.0,"key":"SteroidPotion"},{"floor":29.0,"key":"PowerPotion"}],"is_trial":false,"path_per_floor":["M","?","M","M","$","R","E","M","T","M","$","E","R","M","R","B",null,"M","?","$","?","M","E","R","M","T","E","M","M","?","E","R","B",null,"M","?","?","$","M","R","E","R","T","M","$","R","M","E","R","B","B",null,"R","$","E","B",null],"character_chosen":"WATCHER","items_purchased":["CarveReality","Explosive Potion","BattleHymn","Toolbox","Eternal Feather","Lizard Tail"],"campfire_rested":0,"item_purchase_floors":[5,5,11,20,38,45],"current_hp_per_floor":[50,39,39,39,39,39,19,24,24,24,24,19,19,29,29,22,62,62,62,62,50,50,50,50,50,50,50,50,50,50,50,50,55,70,70,60,60,60,60,75,75,75,75,75,75,75,50,40,61,50,30,64,75,75,75,7],"gold":90,"neow_bonus":"BOSS_RELIC","is_daily":false,"chose_seed":false,"campfire_upgraded":9,"win_rate":0.0,"timestamp":1614435053,"path_taken":["M","?","M","M","$","R","E","M","T","M","$","E","R","M","R","BOSS","M","?","$","?","M","E","R","?","T","E","M","M","?","E","R","BOSS","M","?","?","$","?","R","E","R","T","M","$","R","M","E","R","BOSS","BOSS","R","$","E","BOSS"],"items_purchased_type":["Card","Potion","Card","Relic","Relic","Relic"],"build_version":"2020-12-22","purchased_purges":2,"victory":true,"max_hp_per_floor":[68,68,68,68,68,68,68,68,68,68,68,75,75,75,75,75,75,75,75,75,75,75,75,75,75,75,75,75,75,75,75,75,75,75,75,75,75,75,75,75,75,75,75,75,75,75,75,75,75,75,75,75,75,75,75,75],"relic_stats":{"Gremlin Horn":[2,2],"counters":[30,107],"CeramicFish":207,"Eternal Feather":47,"Orichalcum":[42],"Sozu":2,"Lizard Tail":0,"Ornamental Fan":[144],"Sundial":[10],"Bird Faced Urn":[26],"Snecko Eye":[156,159,151,182],"Kunai":[44],"obtain_stats":[{"Gremlin Horn":48,"CeramicFish":7,"Eternal Feather":38,"TeardropLocket":55,"Orichalcum":23,"Ancient Tea Set":9,"Du-Vu Doll":30,"Sozu":34,"Lizard Tail":45,"Ornamental Fan":30,"Sundial":31,"Strawberry":12,"Bird Faced Urn":41,"Snecko Eye":17,"Toolbox":20,"Philosopher\u0027s Stone":0,"Kunai":26,"PureWater":0,"Toy Ornithopter":2,"InkBottle":27},{"Gremlin Horn":26,"CeramicFish":4,"Eternal Feather":21,"TeardropLocket":29,"Orichalcum":12,"Ancient Tea Set":5,"Du-Vu Doll":18,"Sozu":20,"Lizard Tail":24,"Ornamental Fan":18,"Sundial":19,"Strawberry":7,"Bird Faced Urn":23,"Snecko Eye":9,"Toolbox":10,"Philosopher\u0027s Stone":0,"Kunai":13,"PureWater":0,"Toy Ornithopter":1,"InkBottle":14},{"Gremlin Horn":71,"CeramicFish":15,"Eternal Feather":52,"TeardropLocket":98,"Orichalcum":36,"Ancient Tea Set":17,"Du-Vu Doll":46,"Sozu":51,"Lizard Tail":60,"Ornamental Fan":46,"Sundial":48,"Strawberry":22,"Bird Faced Urn":57,"Snecko Eye":30,"Toolbox":31,"Philosopher\u0027s Stone":0,"Kunai":38,"PureWater":0,"Toy Ornithopter":4,"InkBottle":40}],"Toy Ornithopter":28,"InkBottle":[39]},"card_choices":[{"not_picked":["Wireheading","JustLucky"],"picked":"Prostrate","floor":1.0},{"not_picked":["SashWhip","CrushJoints"],"picked":"EmptyFist","floor":3.0},{"not_picked":["Halt","CrushJoints"],"picked":"Omniscience","floor":4.0},{"not_picked":["JustLucky","WreathOfFlame"],"picked":"ReachHeaven","floor":7.0},{"not_picked":["LikeWater","EmptyMind"],"picked":"Adaptation","floor":8.0},{"not_picked":["Evaluate","EmptyFist","Consecrate"],"picked":"SKIP","floor":10.0},{"not_picked":["EmptyFist","LikeWater"],"picked":"Fasting2","floor":12.0},{"not_picked":["Sanctity","ThirdEye"],"picked":"Vault","floor":14.0},{"not_picked":["Judgement","LessonLearned"],"picked":"Omniscience","floor":16.0},{"not_picked":["BattleHymn","WheelKick"],"picked":"Worship","floor":18.0},{"not_picked":["Consecrate","SignatureMove","EmptyFist"],"picked":"SKIP","floor":22.0},{"not_picked":["CarveReality","WreathOfFlame"],"picked":"CutThroughFate","floor":23.0},{"not_picked":["DeceiveReality","ThirdEye"],"picked":"Wallop","floor":25.0},{"not_picked":["Pray","Consecrate","CutThroughFate"],"picked":"SKIP","floor":27.0},{"not_picked":["Fasting2","EmptyFist+1"],"picked":"CutThroughFate+1","floor":28.0},{"not_picked":["Crescendo","Halt+1","Conclude"],"picked":"SKIP","floor":29.0},{"not_picked":["WreathOfFlame","ThirdEye"],"picked":"WheelKick+1","floor":30.0},{"not_picked":["WreathOfFlame","Judgement","EmptyBody"],"picked":"SKIP","floor":31.0},{"not_picked":["Alpha","Judgement"],"picked":"Scrawl","floor":33.0},{"not_picked":["Fasting2","Halt"],"picked":"ThirdEye","floor":35.0},{"not_picked":["Enlightenment","Finesse"],"picked":"Dark Shackles","floor":36.0},{"not_picked":["Forethought","Purity"],"picked":"Master of Strategy","floor":36.0},{"not_picked":["PanicButton","Dramatic Entrance"],"picked":"Transmutation","floor":36.0},{"not_picked":["EmptyMind","Vengeance+1"],"picked":"Prostrate+1","floor":39.0},{"not_picked":["FollowUp","CarveReality","Halt"],"picked":"SKIP","floor":41.0},{"not_picked":["Evaluate","Halt+1"],"picked":"ThirdEye","floor":44.0},{"not_picked":["WreathOfFlame+1","BowlingBash+1"],"picked":"TalkToTheHand","floor":47.0},{"not_picked":["ClearTheMind","Crescendo"],"picked":"FearNoEvil","floor":48.0},{"not_picked":["Protect","Pray"],"picked":"Indignation","floor":55.0}],"player_experience":2933249,"relics_obtained":[{"floor":7.0,"key":"CeramicFish"},{"floor":9.0,"key":"Ancient Tea Set"},{"floor":12.0,"key":"Strawberry"},{"floor":23.0,"key":"Orichalcum"},{"floor":26.0,"key":"Kunai"},{"floor":27.0,"key":"InkBottle"},{"floor":30.0,"key":"Du-Vu Doll"},{"floor":30.0,"key":"Ornamental Fan"},{"floor":31.0,"key":"Sundial"},{"floor":41.0,"key":"Bird Faced Urn"},{"floor":48.0,"key":"Gremlin Horn"},{"floor":55.0,"key":"TeardropLocket"}],"event_choices":[{"damage_healed":0.0,"max_hp_gain":0.0,"max_hp_loss":0.0,"gold_gain":0.0,"event_name":"Scrap Ooze","player_choice":"Success","floor":2.0,"gold_loss":0.0,"damage_taken":11.0,"relics_obtained":["Toy Ornithopter"]},{"damage_healed":0.0,"max_hp_gain":0.0,"max_hp_loss":0.0,"gold_gain":0.0,"event_name":"The Library","player_choice":"Read","floor":19.0,"gold_loss":0.0,"damage_taken":0.0,"cards_obtained":["Wallop"]},{"damage_healed":0.0,"max_hp_gain":0.0,"max_hp_loss":0.0,"gold_gain":90.0,"event_name":"Knowing Skull","player_choice":"GOLD ","floor":21.0,"potions_obtained":[],"gold_loss":0.0,"damage_taken":12.0,"cards_obtained":[]},{"damage_healed":0.0,"max_hp_gain":0.0,"max_hp_loss":0.0,"gold_gain":0.0,"event_name":"Colosseum","player_choice":"Fight","floor":30.0,"gold_loss":0.0,"damage_taken":0.0},{"damage_healed":0.0,"max_hp_gain":0.0,"max_hp_loss":0.0,"gold_gain":0.0,"event_name":"Colosseum","player_choice":"Fought Nobs","floor":30.0,"gold_loss":0.0,"damage_taken":0.0},{"damage_healed":0.0,"max_hp_gain":0.0,"max_hp_loss":0.0,"gold_gain":0.0,"event_name":"SensoryStone","player_choice":"Memory 3","floor":36.0,"gold_loss":0.0,"damage_taken":10.0},{"damage_healed":0.0,"max_hp_gain":0.0,"max_hp_loss":0.0,"gold_gain":0.0,"cards_transformed":["Strike_P"],"event_name":"Transmorgrifier","player_choice":"Transformed","floor":37.0,"gold_loss":0.0,"damage_taken":0.0,"cards_obtained":["WaveOfTheHand"]}],"is_beta":false,"boss_relics":[{"not_picked":["SlaversCollar","Runic Dome"],"picked":"Snecko Eye"},{"not_picked":["Velvet Choker","Runic Pyramid"],"picked":"Sozu"}],"items_purged_floors":[38,54],"is_endless":false,"potions_floor_spawned":[3,8,14,16,18,23,29,30,30,31,41,47],"ascension_level":20}}