{"host":"d7fiu2yjkssjxoz6","time":1614453785,"event":{"mods":["AchievementEnabler","BaseMod","Duelist Mod","Minty Spire (QoL Compilation)","StSLib"],"gold_per_floor":[138,138,153,177,177,208,208,218,218,254,254,298,315,81,81,165,165,186,214,259,285,294,338,338,375,375,415,415,441,441,476,476,556,556,585,612,621,221,247,311,311,347,347,347,13,47,56,84,84,84,84,84,10,50,50],"floor_reached":56,"language":"ENG","playtime":2370,"items_purged":["theDuelist:GravekeeperCurse","theDuelist:CurseAnubis"],"score":2662,"play_id":"9ddd637e-895e-42f3-a203-e276a63e1528","local_time":"20210227112305","is_ascension_mode":true,"campfire_choices":[{"data":"theDuelist:LonefireBlossom","floor":7.0,"key":"SMITH"},{"floor":15.0,"key":"REST"},{"data":"theDuelist:WorldTree","floor":24.0,"key":"SMITH"},{"data":"theDuelist:WorldTree+1","floor":28.0,"key":"SMITH"},{"data":"theDuelist:FluteKuriboh","floor":30.0,"key":"SMITH"},{"data":"theDuelist:VioletCrystal","floor":32.0,"key":"SMITH"},{"floor":41.0,"key":"RECALL"},{"data":"theDuelist:PredaplantChlamydosundew","floor":44.0,"key":"SMITH"},{"data":"theDuelist:CurseAging","floor":49.0,"key":"PURGE"},{"data":"Writhe","floor":52.0,"key":"PURGE"}],"circlet_count":0,"master_deck":["theDuelist:WorldTree+2","theDuelist:RevivalRose+1","theDuelist:Nameless:Power:ForbiddenLance","theDuelist:CactusBouncer","theDuelist:LabyrinthWall+1","theDuelist:LonefireBlossom","theDuelist:WorldTree","AscendersBane","theDuelist:BlackRoseDragon+1","theDuelist:JerryBeansMan","theDuelist:RainbowOverdragon+1","theDuelist:CastleWalls","theDuelist:FluteKuriboh+1","Bite","theDuelist:AngelTrumpeter","theDuelist:BotanicalLion","theDuelist:RevivalRose+1","theDuelist:DarkworldThorns","theDuelist:VioletCrystal+1","theDuelist:Inmato","theDuelist:BotanicalLion+1","Bite","theDuelist:SuperSolarNutrient","theDuelist:PsiCurse","theDuelist:VioletCrystal+1","theDuelist:RevivalRose+1","theDuelist:SuperSolarNutrient","theDuelist:JerryBeansMan+1","Bite","theDuelist:BlackRoseDragon","Bite","theDuelist:BloomingDarkestRose+1","theDuelist:LonefireBlossom+1","theDuelist:Inmato+1","theDuelist:JerryBeansMan","theDuelist:KamionTimelord+1","theDuelist:PredaplantChlamydosundew+1","Bite","theDuelist:BlackRoseDragon+1","theDuelist:LonefireBlossom+1","theDuelist:RainbowOverdragon+1","theDuelist:AcidTrapHole+1","theDuelist:RainbowOverdragon+1"],"relics":["theDuelist:MillenniumPuzzle","theDuelist:CardPoolRelic","theDuelist:CardPoolBasicRelic","theDuelist:BoosterPackPoolRelic","theDuelist:CardPoolAddRelic","theDuelist:CardPoolMinusRelic","theDuelist:CardPoolSaveRelic","theDuelist:CardPoolOptionsRelic","theDuelist:BoosterPackMonsterEgg","CeramicFish","Meat on the Bone","StoneCalendar","theDuelist:MillenniumSymbol","Busted Crown","Gremlin Horn","Mango","Juzu Bracelet","Tingsha","Red Skull","Smiling Mask","Coffee Dripper","theDuelist:ResummonBranch","Frozen Egg 2","Prayer Wheel","Bag of Preparation","White Beast Statue","Pear","Peace Pipe","theDuelist:MillenniumPrayerbook"],"acts_visited":["Exordium","TheCity","TheBeyond","TheEnding"],"potions_floor_usage":[55],"damage_taken":[{"damage":0.0,"enemies":"Cultist","floor":1.0,"turns":3.0},{"damage":0.0,"enemies":"2 Louse","floor":3.0,"turns":4.0},{"damage":56.0,"enemies":"Gremlin Nob","floor":6.0,"turns":4.0},{"damage":0.0,"enemies":"Small Slimes","floor":8.0,"turns":3.0},{"damage":2.0,"enemies":"Lagavulin","floor":10.0,"turns":5.0},{"damage":1.0,"enemies":"Gremlin Nob","floor":12.0,"turns":3.0},{"damage":0.0,"enemies":"Looter","floor":13.0,"turns":3.0},{"damage":12.0,"enemies":"Slime Boss","floor":16.0,"turns":7.0},{"damage":4.0,"enemies":"Chosen","floor":18.0,"turns":3.0},{"damage":6.0,"enemies":"Spheric Guardian","floor":19.0,"turns":4.0},{"damage":3.0,"enemies":"Cultist and Chosen","floor":21.0,"turns":5.0},{"damage":0.0,"enemies":"theDuelist:KaibaA2","floor":23.0,"turns":4.0},{"damage":22.0,"enemies":"Gremlin Leader","floor":25.0,"turns":4.0},{"damage":0.0,"enemies":"theDuelist:KaibaA2","floor":27.0,"turns":4.0},{"damage":3.0,"enemies":"Chosen and Byrds","floor":29.0,"turns":5.0},{"damage":0.0,"enemies":"Slavers","floor":31.0,"turns":3.0},{"damage":0.0,"enemies":"Automaton","floor":33.0,"turns":6.0},{"damage":11.0,"enemies":"3 Shapes","floor":35.0,"turns":4.0},{"damage":9.0,"enemies":"Orb Walker","floor":39.0,"turns":4.0},{"damage":51.0,"enemies":"2 Orb Walkers","floor":40.0,"turns":4.0},{"damage":32.0,"enemies":"Nemesis","floor":42.0,"turns":5.0},{"damage":0.0,"enemies":"Giant Head","floor":46.0,"turns":5.0},{"damage":3.0,"enemies":"Maw","floor":48.0,"turns":5.0},{"damage":21.0,"enemies":"Time Eater","floor":50.0,"turns":7.0},{"damage":11.0,"enemies":"Shield and Spear","floor":54.0,"turns":6.0},{"damage":74,"enemies":"The Heart","floor":55,"turns":8}],"seed_played":"556462620592000084","potions_obtained":[{"floor":3.0,"key":"LiquidBronze"},{"floor":10.0,"key":"SneckoOil"},{"floor":12.0,"key":"theDuelist:BigOrbBottle"},{"floor":27.0,"key":"theDuelist:SummonArmorPotion"},{"floor":31.0,"key":"theDuelist:TokenPotion"},{"floor":40.0,"key":"FocusPotion"},{"floor":46.0,"key":"theDuelist:WhiteBottle"},{"floor":54.0,"key":"theDuelist:BigTributeBottle"}],"is_trial":false,"path_per_floor":["M","?","M","?","?","E","R","M","T","E","T","E","M","$","R","B",null,"M","M","?","M","?","E","R","E","T","E","R","M","R","E","R","B",null,"M","?","?","$","M","?","R","E","T","R","$","E","?","M","R","B",null,"R","$","E","B",null],"character_chosen":"THE_DUELIST","items_purchased":["theDuelist:MillenniumSymbol","theDuelist:BlackRoseDragon","theDuelist:WorldTree","Frozen Egg 2","theDuelist:BotanicalLion","Pear","theDuelist:BloomingDarkestRose+1","theDuelist:LonefireBlossom"],"campfire_rested":1,"item_purchase_floors":[14,14,38,38,38,45,53,53],"current_hp_per_floor":[70,75,75,75,75,19,19,19,19,17,17,28,40,40,64,52,75,71,65,57,56,56,71,71,53,53,59,59,62,62,68,68,68,70,62,74,74,74,67,32,32,16,16,16,26,44,44,49,49,44,81,81,81,74,20],"gold":50,"neow_bonus":"TEN_PERCENT_HP_BONUS","is_daily":false,"chose_seed":false,"campfire_upgraded":6,"win_rate":0.0,"timestamp":1614453785,"path_taken":["M","?","M","?","?","E","R","M","T","E","?","E","M","?","R","BOSS","M","M","?","M","?","E","R","E","T","E","R","M","R","E","R","BOSS","M","?","?","$","M","?","R","E","T","R","$","E","?","M","R","BOSS","R","$","E","BOSS"],"items_purchased_type":["Relic","Card","Card","Relic","Card","Relic","Card","Card"],"build_version":"2020-12-22","purchased_purges":2,"victory":true,"max_hp_per_floor":[77,82,82,82,82,82,82,82,82,82,82,82,82,82,82,82,82,82,82,57,57,57,71,71,71,71,71,71,71,71,71,71,71,71,71,83,83,83,83,83,83,83,83,83,93,93,93,93,93,93,93,93,93,93,93],"card_choices":[{"not_picked":["theDuelist:BotanicalLion","theDuelist:SuperSolarNutrient","theDuelist:Spore","theDuelist:Inmato"],"picked":"theDuelist:WorldTree","floor":1.0},{"not_picked":["theDuelist:BotanicalLion","theDuelist:CactusBouncer","theDuelist:WormApocalypse","theDuelist:PredaplantDrosophyllum"],"picked":"theDuelist:PredaplantChlamydosundew","floor":3.0},{"not_picked":["theDuelist:BotanicalLion","theDuelist:CactusBouncer","theDuelist:Spore","theDuelist:MudGolem"],"picked":"theDuelist:LonefireBlossom","floor":6.0},{"not_picked":["theDuelist:WorldTree","theDuelist:BloomingDarkestRose","theDuelist:SplendidRose+1"],"picked":"theDuelist:VioletCrystal","floor":8.0},{"not_picked":["theDuelist:CactusBouncer+1","theDuelist:CheerfulCoffin","theDuelist:JerryBeansMan+1","theDuelist:RagingMadPlants"],"picked":"theDuelist:Inmato+1","floor":10.0},{"not_picked":["theDuelist:JerryBeansMan+1","theDuelist:Firegrass+1","theDuelist:PredaplantPterapenthes+1","theDuelist:PredaplantSpinodionaea+1"],"picked":"theDuelist:SuperSolarNutrient","floor":12.0},{"not_picked":["theDuelist:GaiaMidNightSun+1","theDuelist:Cloning","theDuelist:GemElephant+1","theDuelist:Mausoleum","theDuelist:GemArmadillo+1"],"picked":"SKIP","floor":13.0},{"not_picked":["theDuelist:SeedCannon","theDuelist:BlossomBombardment","theDuelist:BeastFangs","theDuelist:RoseArcher+1"],"picked":"theDuelist:RevivalRose+1","floor":16.0},{"not_picked":["theDuelist:KamionTimelord+1","theDuelist:RainbowKuriboh+1"],"picked":"theDuelist:RainbowOverdragon+1","floor":18.0},{"not_picked":["theDuelist:SangaEarth+1","theDuelist:RainbowKuriboh+1"],"picked":"theDuelist:RainbowOverdragon+1","floor":19.0},{"not_picked":["theDuelist:DarkFactory","theDuelist:RainbowKuriboh+1"],"picked":"theDuelist:FluteKuriboh","floor":21.0},{"not_picked":["theDuelist:KamionTimelord+1","theDuelist:SangaEarth+1"],"picked":"theDuelist:RainbowOverdragon+1","floor":23.0},{"not_picked":["theDuelist:Reinforcements","theDuelist:WhiteRoseDragon+1"],"picked":"theDuelist:SuperSolarNutrient","floor":25.0},{"not_picked":["theDuelist:PowerGiant+1","theDuelist:WeepingIdol+1"],"picked":"theDuelist:LabyrinthWall+1","floor":27.0},{"not_picked":["theDuelist:MudGolem+1","theDuelist:RosePaladin+1"],"picked":"theDuelist:AcidTrapHole+1","floor":29.0},{"not_picked":["theDuelist:BigFire","theDuelist:LightningVortex+1","theDuelist:ThornMalice"],"picked":"SKIP","floor":31.0},{"not_picked":["theDuelist:SeedCannon+1","theDuelist:PredaplantSarraceniant+1"],"picked":"theDuelist:RevivalRose+1","floor":33.0},{"not_picked":["theDuelist:CactusBouncer+1","theDuelist:JerryBeansMan+1"],"picked":"theDuelist:BlackRoseDragon+1","floor":35.0},{"not_picked":["theDuelist:WorldTree+1","theDuelist:BloomingDarkestRose+1","theDuelist:SplendidRose+1"],"picked":"theDuelist:VioletCrystal+1","floor":39.0},{"not_picked":["theDuelist:ThornMalice","theDuelist:Predaponics+1"],"picked":"theDuelist:LonefireBlossom+1","floor":40.0},{"not_picked":["theDuelist:BlossomBombardment","theDuelist:PredaplantSarraceniant+1"],"picked":"theDuelist:RevivalRose+1","floor":42.0},{"not_picked":["theDuelist:CactusBouncer+1","theDuelist:AngelTrumpeter+1"],"picked":"theDuelist:BotanicalLion+1","floor":46.0},{"not_picked":["theDuelist:RainbowKuriboh+1","theDuelist:RainbowOverdragon+1"],"picked":"theDuelist:KamionTimelord+1","floor":48.0},{"not_picked":["theDuelist:PredaplantFlytrap+1","theDuelist:MudGolem+1"],"picked":"theDuelist:JerryBeansMan+1","floor":48.0},{"not_picked":["theDuelist:JerryBeansMan+1","theDuelist:TwilightRoseKnight+1"],"picked":"theDuelist:BlackRoseDragon+1","floor":54.0}],"player_experience":351015,"relics_obtained":[{"floor":6.0,"key":"theDuelist:BoosterPackMonsterEgg"},{"floor":10.0,"key":"CeramicFish"},{"floor":11.0,"key":"Meat on the Bone"},{"floor":12.0,"key":"StoneCalendar"},{"floor":23.0,"key":"Mango"},{"floor":25.0,"key":"Juzu Bracelet"},{"floor":26.0,"key":"Tingsha"},{"floor":27.0,"key":"Red Skull"},{"floor":31.0,"key":"Smiling Mask"},{"floor":40.0,"key":"Prayer Wheel"},{"floor":42.0,"key":"Bag of Preparation"},{"floor":43.0,"key":"White Beast Statue"},{"floor":46.0,"key":"Peace Pipe"},{"floor":54.0,"key":"theDuelist:MillenniumPrayerbook"}],"event_choices":[{"damage_healed":0.0,"max_hp_gain":5.0,"max_hp_loss":0.0,"gold_gain":0.0,"event_name":"Big Fish","player_choice":"Donut","floor":2.0,"gold_loss":0.0,"damage_taken":0.0},{"damage_healed":0.0,"max_hp_gain":0.0,"max_hp_loss":0.0,"gold_gain":0.0,"event_name":"Card Trader","player_choice":"Sold Castle Walls for 24 Gold.","duelist":true,"floor":4.0,"gold_loss":0.0,"damage_taken":0.0},{"damage_healed":0.0,"max_hp_gain":0.0,"max_hp_loss":0.0,"gold_gain":0.0,"event_name":"Egyptian Village","player_choice":"Leave","duelist":true,"floor":5.0,"gold_loss":0.0,"damage_taken":0.0},{"damage_healed":0.0,"max_hp_gain":0.0,"max_hp_loss":25.0,"gold_gain":0.0,"event_name":"Vampires","player_choice":"Became a vampire","floor":20.0,"gold_loss":0.0,"damage_taken":0.0,"cards_obtained":["Bite","Bite","Bite","Bite","Bite"]},{"damage_healed":0.0,"max_hp_gain":0.0,"max_hp_loss":0.0,"gold_gain":0.0,"event_name":"The Mausoleum","player_choice":"Opened","floor":22.0,"gold_loss":0.0,"damage_taken":0.0,"relics_obtained":["Gremlin Horn"],"cards_obtained":["Writhe"]},{"damage_healed":0.0,"max_hp_gain":0.0,"max_hp_loss":0.0,"gold_gain":0.0,"event_name":"Tomb of the Nameless","player_choice":"Break - +12 Max HP","duelist":true,"floor":36.0,"gold_loss":0.0,"damage_taken":0.0},{"damage_healed":0.0,"max_hp_gain":0.0,"max_hp_loss":0.0,"gold_gain":0.0,"event_name":"Millennium Items","player_choice":"Took item - Received: Millennium Branch","duelist":true,"floor":37.0,"gold_loss":0.0,"damage_taken":0.0},{"damage_healed":0.0,"max_hp_gain":0.0,"max_hp_loss":0.0,"gold_gain":0.0,"event_name":"Mysterious Sphere","player_choice":"Fight","floor":40.0,"gold_loss":0.0,"damage_taken":0.0},{"power_reward":4.0,"total_magic_score":99.0,"gold_gain":0.0,"duelist":true,"damage_taken":0.0,"relics_obtained":[],"points":4.0,"max_hp_gain":0.0,"max_hp_loss":0.0,"spent_points":{"magic":0.0,"greed":0.0,"war":0.0,"power":4.0,"hunger":0.0},"event_name":"Nameless Tomb","floor":47.0,"gold_loss":0.0,"cards_obtained":["theDuelist:Nameless:Power:ForbiddenLance"]}],"is_beta":false,"boss_relics":[{"not_picked":["Runic Dome","Runic Cube"],"picked":"Busted Crown"},{"not_picked":["theDuelist:ElectricKey","theDuelist:MillenniumKey"],"picked":"Coffee Dripper"}],"items_purged_floors":[38,45],"is_endless":false,"potions_floor_spawned":[3,10,12,16,18,23,27,31,35,40,46,48,54],"ascension_level":19}}