{"host":"iv5y6bhuaupt1dsk","time":1614455792,"event":{"mods":["BaseMod","Colored Powertips","Hermit","Koishi","Minty Spire (QoL Compilation)","StSLib","The Cursed","The Druid","The Exalted","The Forsaken","The Hierophant","The Servant 0.9.4"],"gold_per_floor":[116,127,127,143,143,143,16,16,70,70,70,70,103,116,116,218,218,232,242,267,285,285,285],"floor_reached":22,"language":"ENG","playtime":951,"items_purged":["hermit:Defend_Hermit"],"score":184,"play_id":"6974c79f-c307-4425-bfdd-e6b7cef2c7af","local_time":"20210227115632","is_ascension_mode":false,"campfire_choices":[{"data":"hermit:FatalDesire","floor":6,"key":"SMITH"},{"data":"hermit:Malice","floor":8,"key":"SMITH"},{"floor":11,"key":"REST"},{"floor":15,"key":"REST"}],"circlet_count":0,"master_deck":["hermit:Strike_Hermit+1","hermit:Strike_Hermit","hermit:Strike_Hermit","hermit:Defend_Hermit","hermit:Defend_Hermit+1","hermit:Defend_Hermit","hermit:Snapshot","hermit:Covet","hermit:FatalDesire+1","hermit:Malice+1","hermit:Malice","hermit:Determination+1","hermit:HighCaliber","hermit:TakeAim","hermit:EternalForm","CurseOfTheBell","hermit:ItchyTrigger+1"],"relics":["hermit:Momento","Pen Nib","Bag of Marbles","Calling Bell","Vajra","Letter Opener","Peace Pipe","Bromod:ArcaneNullifier"],"acts_visited":["Exordium","TheCity"],"potions_floor_usage":[13,13,21],"damage_taken":[{"damage":2,"enemies":"2 Louse","floor":1,"turns":4},{"damage":0,"enemies":"Cultist","floor":2,"turns":4},{"damage":7,"enemies":"Small Slimes","floor":4,"turns":2},{"damage":14,"enemies":"3 Sentries","floor":13,"turns":4},{"damage":16,"enemies":"Looter","floor":14,"turns":4},{"damage":35,"enemies":"Slime Boss","floor":16,"turns":6},{"damage":10,"enemies":"Chosen","floor":18,"turns":2},{"damage":20,"enemies":"3 Byrds","floor":19,"turns":5},{"damage":27,"enemies":"Shelled Parasite and Fungi","floor":21,"turns":5},{"damage":14,"enemies":"Chosen and Byrds","floor":22,"turns":2}],"seed_played":"5601481978899989754","potions_obtained":[{"floor":1,"key":"Swift Potion"},{"floor":4,"key":"SpeedPotion"},{"floor":13,"key":"SpeedPotion"},{"floor":16,"key":"hermit:Eclipse"},{"floor":19,"key":"LiquidMemories"}],"is_trial":false,"path_per_floor":["M","M","?","M","?","R","$","R","T","$","R","?","E","M","R","B",null,"M","M","T","M","M"],"character_chosen":"HERMIT","items_purchased":["hermit:HighCaliber"],"campfire_rested":2,"item_purchase_floors":[7],"current_hp_per_floor":[66,66,52,45,38,38,38,38,38,38,58,58,44,28,48,13,68,58,38,38,11,0,0],"gold":285,"neow_bonus":"THREE_RARE_CARDS","is_daily":false,"chose_seed":false,"campfire_upgraded":2,"win_rate":0.0,"timestamp":1614455792,"path_taken":["M","M","?","M","?","R","$","R","T","$","R","?","E","M","R","BOSS","M","M","?","?","M"],"items_purchased_type":["Card"],"build_version":"2020-12-22","purchased_purges":1,"victory":false,"max_hp_per_floor":[68,68,68,68,68,68,68,68,68,68,68,68,68,68,68,68,68,68,68,68,68,68,68],"card_choices":[{"not_picked":["hermit:Dissolve","hermit:FinalCanter"],"picked":"hermit:FatalDesire","floor":0},{"not_picked":["hermit:PistolWhip","hermit:Grudge"],"picked":"hermit:Malice","floor":1},{"not_picked":["hermit:Misfire","hermit:ItchyTrigger"],"picked":"hermit:Malice","floor":2},{"not_picked":["hermit:Scavenge","hermit:Coalescence"],"picked":"hermit:Determination","floor":4},{"not_picked":["hermit:Adapt","hermit:Cheat"],"picked":"hermit:TakeAim","floor":13},{"not_picked":["hermit:SprayPray","hermit:Ricochet","hermit:HoleUp"],"picked":"SKIP","floor":14},{"not_picked":["hermit:Roughhouse","hermit:BlackWind"],"picked":"hermit:EternalForm","floor":16},{"not_picked":["hermit:PistolWhip+1","hermit:SprayPray+1","hermit:LowProfile"],"picked":"SKIP","floor":18},{"not_picked":["hermit:FullyLoaded","hermit:Manifest+1"],"picked":"hermit:ItchyTrigger+1","floor":19},{"not_picked":["hermit:Brawl","hermit:GhostlyPresence","hermit:Snipe"],"picked":"SKIP","floor":21}],"player_experience":1523009,"relics_obtained":[{"floor":9,"key":"Pen Nib"},{"floor":13,"key":"Bag of Marbles"},{"floor":17,"key":"Vajra"},{"floor":17,"key":"Letter Opener"},{"floor":17,"key":"Peace Pipe"},{"floor":20,"key":"Bromod:ArcaneNullifier"}],"event_choices":[{"damage_healed":0,"gold_gain":0,"player_choice":"Entered Light","damage_taken":14,"max_hp_gain":0,"max_hp_loss":0,"event_name":"Shining Light","floor":3,"gold_loss":0,"cards_upgraded":["hermit:Strike_Hermit","hermit:Defend_Hermit"]},{"cards_removed":["hermit:Strike_Hermit"],"damage_healed":0,"gold_gain":0,"player_choice":"Card Removal","damage_taken":7,"max_hp_gain":0,"max_hp_loss":0,"event_name":"Golden Wing","floor":5,"gold_loss":0},{"damage_healed":0,"gold_gain":0,"player_choice":"Upgraded","damage_taken":0,"max_hp_gain":0,"max_hp_loss":0,"event_name":"Upgrade Shrine","floor":12,"gold_loss":0,"cards_upgraded":["hermit:Determination"]}],"is_beta":false,"boss_relics":[{"not_picked":["Fusion Hammer","Ectoplasm"],"picked":"Calling Bell"}],"items_purged_floors":[7],"is_endless":false,"potions_floor_spawned":[1,4,13,16,19],"killed_by":"Chosen and Byrds","ascension_level":0}}