{"host":"u6i4tuckh9ieu6fx","time":1614417804,"event":{"mods":["100% Spire Juice","ATMod(阿瑾Mod)","Act Like it!","Arknights","Ascension Reborn","Aspiration","Bard","BaseMod","Better Vampires","Chen","Colored Powertips","Conspire","Decade(王小明)","Dota2Spire","Downfall","Gensokyo","GifTheSpireLib","Hallownest","Highlight Path","Jedi Mod","Jorbs\u0027s Wanderer Trilogy","KinomotoSakuraMod(木之本樱)","Koishi","KomeijiMod","LagranYue(拉格朗・月)","Library of Ruina","Library of Ruina Extra","Lobotomy","LobotomyExtend","Luminous","Marisa（F雨　魔理沙）","Minty Spire (QoL Compilation)","MostiFishMod","Reimu（博丽灵梦）","Reliquary","Remilia（蕾米莉亚）","RumiaBox-露米娅的神秘盒子","SIMod","StSLib","Td1madao Mod","TestMod","The Administrix","The Animator","The Bug Knight","The Marked","WarShipGirlsR/战舰少女R mod","Youmu（魂魄妖梦）","Yuyuko","[GremlinLeader]The Maniac","[IsaacMod]以撒尖塔","【功能Mod】混沌之环修复补丁","【遗物卡牌】REMEMod","残留之物","篝火指南"],"gold_per_floor":[115,115,126,144,154,188,208,218,269,269,284,307,307,307,307,403,403,416,434,434,510,510,363,844,844,844,858,384,410,420,435,261,437,437,437,257,172,172,27,27,58,78,78,89,89,100,131,226,149,149,149,149],"floor_reached":53,"language":"ZHS","playtime":5688,"items_purged":[],"score":1089,"play_id":"1d8d2429-782e-43d3-b93a-afa7a3d658c9","local_time":"20210227172324","is_ascension_mode":true,"campfire_choices":[{"floor":13.0,"key":"RECALL"},{"data":"HollowMod:NewGlowingWomb","floor":15.0,"key":"SMITH"},{"data":"HollowMod:MawleksShell","floor":25.0,"key":"SMITH"},{"data":"testmod-TaurusBlackCat","floor":40.0,"key":"SMITH"}],"circlet_count":0,"master_deck":["ApocalypseBird","PunishingBird","LongBird","BigBird","HollowMod:FocusHealStart","HollowMod:PogoStrike","Pride","testmod-Lust","testmod-Wrath","testmod-Sloth","testmod-Envy","testmod-Greed","testmod-Gluttony","testmod-Gluttony","AT_EssenceShift+1","MHz","Dazed","EpicFetus+1","HollowMod:NewGlowingWomb+1","HollowMod:InfectedAttack","HollowMod:MantisMark","HollowMod:LifebloodCocoon+1","HollowMod:SoulShaman","BeautyBeast","HollowMod:DreamGate+1","testmod-Gluttony","OldLady","HollowMod:MawleksShell+1","testmod-Gluttony","HollowMod:HornetsHelp","HollowMod:NewInfectedGuardian","HollowMod:SlysStrikes","FieryBird","HollowMod:TaintedHusks","MeatLantern","HollowMod:InfectedCysts","HollowMod:InfectionAssault","LaLuna","HollowMod:NewJinnsSoul","OSAHOGD","HollowMod:LifebloodCore","testmod-TaurusBlackCat+1","testmod-Gluttony","BlackArmy","HollowMod:MantisMark+1","HollowMod:HuntersJournal","HollowMod:CloakDash","REME_WheelOfFate","HollowMod:Hiveblood","HollowMod:Hiveblood+1","HollowMod:DoubleDash+1","HollowMod:TaintedHusks+1","testmod-Librarian","HollowMod:SoulEater+1","Hallownest:skillKingdomsEdgeMap","HollowMod:FastStrike+1","NakedNest","HollowMod:InfectedAttack+1","QueenOfHatred","HollowMod:ChannelNail","testmod-Gluttony","HollowMod:DashSlash+1","GreedKing","SnowQueen","HollowMod:CloakDash","HollowMod:SoulStrike+1","HollowMod:MothsMistake"],"relics":["HollowMod:VesselMask","testmod-TestBox","AT_ATBox","REME_ComplimentaryCards","DaveBox","HushsDoor","testmod-SevenDeadlySins","Du-Vu Doll","Darkstone Periapt","Blue Candle","MetatronsCube","SatanicBible","CogitoBucket","SynthV:TestCard","LetterFromLob","Justitia_r","Dota2Spire:MagicBottle","HonorFeather","Pen Nib","Heaven_r","TimeKeys","testmod-Temperance","GuppysTail","GuppysHairball","PillsDrop","TentaclePot:ReiMu","PageOfDeadButterflies","BookOfRevelations","conspire:InfiniteJournal","DianPoetry","MealTicket","Lamp_r","Busted Crown","Astrolabe","Twilight","Hallownest:StagBellRelic1","Dota2Spire:Vanguard","Happy Flower","SolemnVow_r","conspire:Flyswatter","MagicDraw2"],"acts_visited":["Hallownest:Greenpath","Hallownest:CityofTears","Hallownest:KingdomsEdge"],"potions_floor_usage":[],"damage_taken":[{"damage":9.0,"enemies":"Hallownest:monsterHuskGuard","floor":1.0,"turns":2.0},{"damage":0.0,"enemies":"Hallownest:2_Baldur","floor":3.0,"turns":1.0},{"damage":23.0,"enemies":"Hallownest:2_Tiktiks_and_1_Crawlid","floor":4.0,"turns":3.0},{"damage":5.0,"enemies":"Hallownest:Wandering_and_Horned","floor":5.0,"turns":1.0},{"damage":31.0,"enemies":"Hallownest:eliteMossKnight","floor":6.0,"turns":3.0},{"damage":47.0,"enemies":"Hallownest:1_Ooma_and_2_Uuma","floor":7.0,"turns":5.0},{"damage":28.0,"enemies":"Hallownest:MossCreep_and_Mosskin","floor":8.0,"turns":5.0},{"damage":5.0,"enemies":"Hallownest:Guard_and_Warrior","floor":10.0,"turns":1.0},{"damage":26.0,"enemies":"Hallownest:Guard_and_Warrior","floor":11.0,"turns":5.0},{"damage":93.0,"enemies":"Hallownest:Guard_and_Warrior","floor":14.0,"turns":3.0},{"damage":19.0,"enemies":"Hallownest:Guard_and_Warrior","floor":14.0,"turns":2.0},{"damage":49.0,"enemies":"Hallownest:BossFalseKnight","floor":16.0,"turns":5.0},{"damage":9.0,"enemies":"Hallownest:Guard_and_Sentry","floor":18.0,"turns":2.0},{"damage":45.0,"enemies":"Hallownest:2_Mistakes","floor":19.0,"turns":3.0},{"damage":1.00000011E8,"enemies":"Hallownest:3_Mistakes","floor":24.0,"turns":2.0},{"damage":16.0,"enemies":"Hallownest:Warrior_and_Youth","floor":27.0,"turns":3.0},{"damage":3.0,"enemies":"Hallownest:eliteSoulWarrior","floor":29.0,"turns":3.0},{"damage":1.0,"enemies":"Hallownest:Master_and_Novice","floor":30.0,"turns":2.0},{"damage":10.0,"enemies":"Hallownest:3_Mistakes","floor":31.0,"turns":3.0},{"damage":0.0,"enemies":"Hallownest:BossSoulMaster","floor":33.0,"turns":3.0},{"damage":0.0,"enemies":"Hallownest:2_Littles","floor":35.0,"turns":3.0},{"damage":6.0,"enemies":"Hallownest:StalkingDevout","floor":41.0,"turns":3.0},{"damage":0.0,"enemies":"Hallownest:3_Siblings","floor":42.0,"turns":1.0},{"damage":11,"enemies":"Hallownest:Shield_Sturdy","floor":44,"turns":2},{"damage":27,"enemies":"Hallownest:2_Soldiers_and_1_Guardian","floor":46,"turns":2},{"damage":1,"enemies":"Hallownest:eliteCollector","floor":47,"turns":3},{"damage":0,"enemies":"Hallownest:monsterPrimalAspid","floor":48,"turns":1},{"damage":67,"enemies":"Hallownest:BossHollowKnight","floor":50,"turns":3}],"seed_played":"540980047951626854","potions_obtained":[{"floor":3.0,"key":"LiquidBronze"},{"floor":6.0,"key":"Fire Potion"},{"floor":7.0,"key":"SkillPotion"},{"floor":11.0,"key":"Dota2Spire:HealingSalve"},{"floor":16.0,"key":"Dexterity Potion"},{"floor":19.0,"key":"FairyPotion"},{"floor":24.0,"key":"Weak Potion"},{"floor":24.0,"key":"AttackPotion"}],"is_trial":false,"path_per_floor":["M","?","M","M","M","E","M","M","T","M","M","T","R","?","R","B",null,"M","M","?","T","?","R","M","R","T","M","$","E","M","M","R","B",null,"M","?","?","?","$","R","E","M","T","M","$","M","E","M","R","B",null,null,null],"character_chosen":"THE_BUGKNIGHT","items_purchased":["GuppysTail","GuppysHairball","HollowMod:NewInfectedGuardian","HollowMod:SlysStrikes","TentaclePot:ReiMu","DianPoetry","testmod-TaurusBlackCat","REME_WheelOfFate","testmod-Librarian","Dota2Spire:Vanguard","HollowMod:MothsMistake"],"campfire_rested":0,"item_purchase_floors":[17,17,17,17,23,28,28,32,34,39,49],"current_hp_per_floor":[114,114,114,91,86,61,42,32,32,129,109,109,130,137,137,91,111,102,61,61,61,61,111,33,111,111,100,100,110,110,104,110,110,105,105,105,105,105,105,105,105,105,105,96,105,94,109,109,109,42,42,42],"gold":149,"neow_bonus":"","is_daily":false,"chose_seed":false,"campfire_upgraded":3,"win_rate":0.0,"timestamp":1614417804,"path_taken":["M","?","M","?","M","E","M","?","T","M","M","?","R","?","R","BOSS","M","?","?","?","?","R","M","R","T","M","$","E","M","?","R","BOSS","M","?","?","?","?","R","E","M","T","?","$","M","E","M","R","BOSS"],"items_purchased_type":["Relic","Relic","Card","Card","Relic","Relic","Card","Card","Card","Relic","Card"],"build_version":"2020-12-22","purchased_purges":0,"victory":true,"max_hp_per_floor":[123,123,123,123,123,123,123,123,123,130,130,130,130,137,137,137,111,111,111,111,111,111,111,111,111,111,106,106,115,110,110,110,110,105,105,105,105,105,105,105,105,105,105,105,105,114,109,109,109,109,109,109],"card_choices":[{"not_picked":[],"picked":"SuicideKing","floor":0.0},{"not_picked":["Rudolta","CherryBlossoms"],"picked":"MHz","floor":1.0},{"not_picked":["HollowMod:CloakDash","HollowMod:BaldurShell"],"picked":"HollowMod:InfectedCysts","floor":1.0},{"not_picked":["MostiFishMod:BrokenBlackCloak","Bomb","Swift Strike","testmod-BloodBlade"],"picked":"EpicFetus","floor":2.0},{"not_picked":["HollowMod:SoulSplash","HollowMod:ShapeofUnn","HollowMod:ChannelNail","HollowMod:MonarchWings"],"picked":"HollowMod:NewGlowingWomb","floor":2.0},{"not_picked":["ShyLook","WallGazer"],"picked":"LongBird","floor":3.0},{"not_picked":["HollowMod:NewJinnsSoul","HollowMod:MantisMark","HollowMod:SiblingsSouls","HollowMod:ShadowDash"],"picked":"HollowMod:InfectedAttack","floor":3.0},{"not_picked":["HollowMod:DashSlash","HollowMod:GrimmsGift","HollowMod:DescendingDark","HollowMod:CloakDash"],"picked":"HollowMod:MantisMark","floor":4.0},{"not_picked":["HappyTeddy","OSAHOGD"],"picked":"Yin","floor":4.0},{"not_picked":["HollowMod:HuntersJournal","HollowMod:FastStrike","HollowMod:GreatSlash","HollowMod:SoulShaman"],"picked":"HollowMod:LifebloodCocoon","floor":5.0},{"not_picked":["HollowMod:SiblingsShadow","HollowMod:DescendingDark","HollowMod:ShapeofUnn","HollowMod:BaldurShell","HollowMod:VengefulVoid"],"picked":"SKIP","floor":6.0},{"not_picked":["FairyFestival","HappyTeddy","HeroicMonk"],"picked":"Singing Bowl","floor":7.0},{"not_picked":["HollowMod:ShadowDash","HollowMod:CoiledNail","HollowMod:DashSlash","HollowMod:SiblingsSouls"],"picked":"HollowMod:SoulShaman","floor":7.0},{"not_picked":["UniverseFragment","FairyFestival"],"picked":"BeautyBeast","floor":8.0},{"not_picked":["HollowMod:HeavyBlow","HollowMod:SharpenedNail","HollowMod:WraithStrike","HollowMod:SoulShaman"],"picked":"HollowMod:DreamGate","floor":8.0},{"not_picked":["Mercenary","Scorched"],"picked":"OldLady","floor":11.0},{"not_picked":["HollowMod:HeavyBlow","HollowMod:ShadowDash","HollowMod:LifebloodCocoon","HollowMod:CloakDash"],"picked":"HollowMod:MawleksShell","floor":11.0},{"not_picked":["HollowMod:SoulMaster","HollowMod:LifebloodCore","HollowMod:VoidDash","HollowMod:Hiveblood"],"picked":"HollowMod:HornetsHelp","floor":16.0},{"not_picked":["WallGazer","ShyLook"],"picked":"PunishingBird","floor":16.0},{"not_picked":["LittleHelper","Freischutz"],"picked":"FieryBird","floor":18.0},{"not_picked":["HollowMod:CloakDash","HollowMod:VengefulVoid+1","HollowMod:SiblingsSouls","HollowMod:DashSlash"],"picked":"HollowMod:TaintedHusks","floor":18.0},{"not_picked":["UniverseFragment","RedShoes"],"picked":"MeatLantern","floor":19.0},{"not_picked":["HollowMod:CycloneSlash","HollowMod:SoulShaman","HollowMod:CornifersMapStart+1","HollowMod:PureNailStrike+1"],"picked":"HollowMod:InfectedCysts","floor":19.0},{"not_picked":["HollowMod:NewJinnsSoul+1","HollowMod:SoulSplash+1","HollowMod:CloakDash","HollowMod:SoulStrike"],"picked":"HollowMod:InfectionAssault","floor":24.0},{"not_picked":["GreedKing","UniverseFragment","BlackSwan"],"picked":"Singing Bowl","floor":24.0},{"not_picked":["Murderer","VoidDream"],"picked":"LaLuna","floor":24.0},{"not_picked":["HollowMod:AbyssShriek+1","HollowMod:DashSlash+1","HollowMod:SoulSplash+1","HollowMod:SoulEater"],"picked":"HollowMod:NewJinnsSoul","floor":24.0},{"not_picked":["BlackSwan","GalaxyChild"],"picked":"OSAHOGD","floor":27.0},{"not_picked":["HollowMod:CoiledNail+1","HollowMod:SharpenedShadows","HollowMod:VengefulVoid+1","HollowMod:DescendingDark"],"picked":"HollowMod:LifebloodCore","floor":27.0},{"not_picked":["BlackSwan","Murderer"],"picked":"BlackArmy","floor":29.0},{"not_picked":["HollowMod:TaintedHusks+1","HollowMod:NewJinnsSoul","HollowMod:SharpenedNail","HollowMod:VengefulSpirit+1"],"picked":"HollowMod:MantisMark+1","floor":29.0},{"not_picked":["VoidDream","Rudolta","LittlePrince"],"picked":"Singing Bowl","floor":30.0},{"not_picked":["SingingMachine","Murderer"],"picked":"MeltingLove","floor":30.0},{"not_picked":["HollowMod:NewLittleFool+1","HollowMod:ElderbugsWisdom","HollowMod:NewJinnsSoul","HollowMod:LifebloodCocoon"],"picked":"HollowMod:HuntersJournal","floor":30.0},{"not_picked":["Scorched","Alriune"],"picked":"BigBird","floor":31.0},{"not_picked":["HollowMod:NewJinnsSoul","HollowMod:NewInfectedGuardian","HollowMod:LifebloodCocoon","HollowMod:WraithStrike"],"picked":"HollowMod:CloakDash","floor":31.0},{"not_picked":["VoidDream","SilentOrchestra","SnowQueen"],"picked":"Singing Bowl","floor":33.0},{"not_picked":["Alriune","GalaxyChild"],"picked":"Funeral","floor":33.0},{"not_picked":["HollowMod:LifebloodCore","HollowMod:theNailsmith","HollowMod:AwokenDreamNail","HollowMod:MidwifesHunger"],"picked":"HollowMod:Hiveblood","floor":33.0},{"not_picked":["HollowMod:WraithStrike","HollowMod:Grubsong+1"],"picked":"HollowMod:SoulEater+1","floor":35.0},{"not_picked":["LittlePrince","Alriune"],"picked":"Woodsman","floor":41.0},{"not_picked":["HollowMod:MawleksShell+1","HollowMod:GreatSlash"],"picked":"HollowMod:FastStrike+1","floor":41.0},{"not_picked":["Scorched","GalaxyChild"],"picked":"NakedNest","floor":42.0},{"not_picked":["HollowMod:NewGlowingWomb","HollowMod:SoulSplash"],"picked":"HollowMod:InfectedAttack+1","floor":42.0},{"not_picked":["LittlePrince","BlackSwan"],"picked":"QueenOfHatred","floor":44},{"not_picked":["HollowMod:TaintedHusks","HollowMod:PureNailStrike"],"picked":"HollowMod:ChannelNail","floor":44},{"not_picked":["HollowMod:NewJinnsSoul+1","HollowMod:SoulEater+1"],"picked":"HollowMod:DashSlash+1","floor":46},{"not_picked":["WhitesApple","HeroicMonk"],"picked":"GreedKing","floor":46},{"not_picked":["DreamingCurrent","BigBadWolf"],"picked":"SnowQueen","floor":47},{"not_picked":["HollowMod:VengefulVoid","HollowMod:SlysStrikes"],"picked":"HollowMod:CloakDash","floor":47},{"not_picked":["Porccubus","LittleHelper"],"picked":"DespairKnight","floor":48},{"not_picked":["HollowMod:CycloneSlash+1","HollowMod:BaldurShell"],"picked":"HollowMod:SoulStrike+1","floor":48}],"player_experience":110354,"relics_obtained":[{"floor":1.0,"key":"SynthV:TestCard"},{"floor":1.0,"key":"LetterFromLob"},{"floor":6.0,"key":"Dota2Spire:MagicBottle"},{"floor":12.0,"key":"Pen Nib"},{"floor":21.0,"key":"PillsDrop"},{"floor":24.0,"key":"PageOfDeadButterflies"},{"floor":24.0,"key":"BookOfRevelations"},{"floor":26.0,"key":"conspire:InfiniteJournal"},{"floor":29.0,"key":"MealTicket"},{"floor":35.0,"key":"Twilight"},{"floor":41.0,"key":"Happy Flower"},{"floor":43.0,"key":"conspire:Flyswatter"},{"floor":47,"key":"MagicDraw2"}],"event_choices":[],"is_beta":false,"boss_relics":[{"not_picked":["Velvet Choker","Transparent"],"picked":"testmod-Temperance"},{"not_picked":[]},{"not_picked":["FixedStarFall","conspire:RoyalGoblet"],"picked":"Astrolabe"},{"not_picked":[]}],"items_purged_floors":[],"is_endless":false,"potions_floor_spawned":[3,6,7,10,11,14,16,19,24,30,35,42,47,48],"ascension_level":0}}