{"host":"7s0ipaqx8m4pdduf","time":1614384609,"event":{"mods":["BaseMod","BetterRewards","Colored Map","Infinite Spire","Minty Spire (QoL Compilation)","StSLib","SuperFastMode"],"gold_per_floor":[109,109,259,277,301,301,319,346,346,362,388,404,433,444,444,520,520,533,544,544,544],"floor_reached":20,"language":"ENG","playtime":622,"items_purged":[],"score":382,"play_id":"a5dd0181-e0d3-44f7-8071-3b1082e52055","local_time":"20210227011009","is_ascension_mode":true,"campfire_choices":[{"data":"Neutralize","floor":6,"key":"SMITH"},{"floor":15,"key":"REST"}],"circlet_count":0,"master_deck":["AscendersBane","Strike_G","Strike_G","Strike_G","Strike_G","Strike_G","Defend_G","Defend_G","Defend_G","Defend_G","Defend_G","Survivor","Neutralize+1","Flying Knee","Doubt","Terror","Noxious Fumes","Phantasmal Killer","PiercingWail","Tools of the Trade","Dash","Catalyst","Noxious Fumes","Corpse Explosion","Crippling Poison+1","Deadly Poison"],"relics":["Ring of the Snake","infinitespire:WardingShard","PreservedInsect","Question Card","Matryoshka","The Courier","Strawberry","Philosopher\u0027s Stone"],"acts_visited":["Exordium","TheCity"],"potions_floor_usage":[8,13,13,16,16],"damage_taken":[{"damage":1,"enemies":"Small Slimes","floor":1,"turns":7},{"damage":0,"enemies":"Jaw Worm","floor":4,"turns":6},{"damage":0,"enemies":"Cultist","floor":7,"turns":4},{"damage":12,"enemies":"Gremlin Nob","floor":8,"turns":4},{"damage":2,"enemies":"Looter","floor":10,"turns":4},{"damage":22,"enemies":"Lagavulin","floor":11,"turns":5},{"damage":0,"enemies":"Exordium Wildlife","floor":12,"turns":4},{"damage":5,"enemies":"Gremlin Nob","floor":13,"turns":3},{"damage":0,"enemies":"2 Fungi Beasts","floor":14,"turns":4},{"damage":18,"enemies":"Hexaghost","floor":16,"turns":8},{"damage":30,"enemies":"Shell Parasite","floor":18,"turns":6},{"damage":30,"enemies":"2 Thieves","floor":19,"turns":3},{"damage":11,"enemies":"Chosen and Byrds","floor":20,"turns":3}],"seed_played":"6730963054942636535","potions_obtained":[{"floor":7,"key":"Block Potion"},{"floor":10,"key":"Explosive Potion"},{"floor":12,"key":"Poison Potion"},{"floor":13,"key":"EntropicBrew"}],"is_trial":false,"path_per_floor":["M","?","?","M","T","R","M","E","T","M","E","M","E","M","R","B",null,"M","M","M"],"character_chosen":"THE_SILENT","items_purchased":[],"campfire_rested":1,"item_purchase_floors":[],"current_hp_per_floor":[64,53,53,53,53,53,53,41,41,39,17,17,19,19,42,24,65,35,5,0,0],"gold":544,"neow_bonus":"TEN_PERCENT_HP_BONUS","is_daily":false,"chose_seed":false,"campfire_upgraded":1,"win_rate":0.0,"timestamp":1614384609,"path_taken":["M","?","?","M","?","R","M","E","T","M","E","M","E","M","R","BOSS","M","M","M"],"items_purchased_type":[],"build_version":"2020-12-22","purchased_purges":0,"victory":false,"max_hp_per_floor":[72,72,72,72,72,72,72,72,72,72,72,72,79,79,79,79,79,79,79,79,79],"card_choices":[{"not_picked":["Bane","Sucker Punch"],"picked":"Flying Knee","floor":1},{"not_picked":["Bouncing Flask","Poisoned Stab"],"picked":"Terror","floor":4},{"not_picked":["Dodge and Roll","Distraction"],"picked":"Noxious Fumes","floor":7},{"not_picked":["Backflip","Finisher"],"picked":"Phantasmal Killer","floor":8},{"not_picked":["Deadly Poison","Dodge and Roll","Poisoned Stab"],"picked":"PiercingWail","floor":10},{"not_picked":["Slice","Underhanded Strike","Dagger Spray"],"picked":"Tools of the Trade","floor":11},{"not_picked":["Dagger Throw","Quick Slash","Caltrops"],"picked":"Dash","floor":12},{"not_picked":["Flying Knee","Riddle With Holes","Blur"],"picked":"Catalyst","floor":13},{"not_picked":["Leg Sweep","Underhanded Strike","Blade Dance"],"picked":"Noxious Fumes","floor":14},{"not_picked":["Malaise","Phantasmal Killer","Venomology"],"picked":"Corpse Explosion","floor":16},{"not_picked":["Underhanded Strike","Dagger Spray","Blade Dance"],"picked":"Crippling Poison+1","floor":18},{"not_picked":["Underhanded Strike","Distraction","Bane"],"picked":"Deadly Poison","floor":19}],"player_experience":2149133,"relics_obtained":[{"floor":5,"key":"PreservedInsect"},{"floor":8,"key":"Question Card"},{"floor":9,"key":"Matryoshka"},{"floor":11,"key":"The Courier"},{"floor":13,"key":"Strawberry"}],"event_choices":[{"damage_healed":0,"gold_gain":0,"player_choice":"Success","damage_taken":11,"relics_obtained":["infinitespire:WardingShard"],"max_hp_gain":0,"max_hp_loss":0,"event_name":"Scrap Ooze","floor":2,"gold_loss":0},{"damage_healed":0,"gold_gain":150,"player_choice":"AGREE","damage_taken":0,"max_hp_gain":0,"max_hp_loss":0,"event_name":"Liars Game","floor":3,"gold_loss":0,"cards_obtained":["Doubt"]}],"is_beta":false,"boss_relics":[{"not_picked":["Runic Pyramid","Snecko Eye"],"picked":"Philosopher\u0027s Stone"}],"items_purged_floors":[],"is_endless":false,"potions_floor_spawned":[7,10,12,13],"killed_by":"Chosen and Byrds","ascension_level":19}}