{"host":"jqkewjmybebgw3gd","time":1614435813,"event":{"mods":["AchievementEnabler","BaseMod","Colored Map","DeckTracker","Keyboard Shortcuts","Minty Spire (QoL Compilation)","StSLib","SuperFastMode"],"gold_per_floor":[114,133,145,165,177,208,51,77,77,108,127,127,127,137,137,241,241,255,180,194,213,69,69,103,103,103,112,112,112,112,148,148,254,317,336,354,354,379,406,447,447,427,477,477,506,336,367,386,386,386,386,386,89,118,118],"floor_reached":56,"language":"KOR","playtime":3936,"items_purged":["Strike_R","Power Through"],"score":1367,"play_id":"c8f01515-fcfd-4e78-a6dd-7ab32f2ba9cd","local_time":"20210227232333","is_ascension_mode":true,"campfire_choices":[{"data":"Armaments","floor":12.0,"key":"SMITH"},{"data":"Entrench","floor":15.0,"key":"SMITH"},{"floor":23.0,"key":"RECALL"},{"data":"Whirlwind","floor":25.0,"key":"SMITH"},{"data":"Demon Form","floor":30.0,"key":"SMITH"},{"floor":32.0,"key":"REST"},{"data":"Second Wind","floor":41.0,"key":"SMITH"},{"data":"Disarm","floor":44.0,"key":"SMITH"},{"data":"Impervious","floor":49.0,"key":"SMITH"},{"data":"Feel No Pain","floor":52.0,"key":"SMITH"}],"circlet_count":0,"master_deck":["Bash","Second Wind","Armaments+1","Sword Boomerang","Shrug It Off","Reckless Charge","Thunderclap","Battle Trance","Spot Weakness","Entrench+1","Offering","Ghostly Armor","Corruption","Body Slam+1","Whirlwind+1","Demon Form+1","Disarm+1","Fire Breathing","Body Slam+1","Bludgeon+1","Pummel","Impervious+1","Second Wind+1","Impervious","Spot Weakness","Sentinel","Pommel Strike+1","Flame Barrier","Madness","Madness","Heavy Blade+1","Twin Strike+1","Intimidate+1","Warcry+1","Feel No Pain+1"],"relics":["Burning Blood","Centennial Puzzle","Anchor","Prayer Wheel","Sundial","Bottled Lightning","Strawberry","Snecko Eye","Pen Nib","CeramicFish","Bronze Scales","Red Skull","Orichalcum","Pandora\u0027s Box","Dead Branch","Whetstone","Incense Burner","Bag of Marbles"],"acts_visited":["Exordium","TheCity","TheBeyond","TheEnding"],"potions_floor_usage":[55,55,55],"damage_taken":[{"damage":6.0,"enemies":"Cultist","floor":1.0,"turns":3.0},{"damage":7.0,"enemies":"2 Louse","floor":2.0,"turns":3.0},{"damage":2.0,"enemies":"Small Slimes","floor":3.0,"turns":5.0},{"damage":14.0,"enemies":"Blue Slaver","floor":4.0,"turns":4.0},{"damage":11.0,"enemies":"Exordium Thugs","floor":5.0,"turns":5.0},{"damage":22.0,"enemies":"Gremlin Nob","floor":6.0,"turns":5.0},{"damage":14.0,"enemies":"3 Sentries","floor":8.0,"turns":9.0},{"damage":24.0,"enemies":"Gremlin Nob","floor":10.0,"turns":5.0},{"damage":3.0,"enemies":"2 Fungi Beasts","floor":11.0,"turns":3.0},{"damage":2.0,"enemies":"Blue Slaver","floor":14.0,"turns":3.0},{"damage":44.0,"enemies":"Slime Boss","floor":16.0,"turns":9.0},{"damage":14.0,"enemies":"Shell Parasite","floor":18.0,"turns":4.0},{"damage":5.0,"enemies":"2 Thieves","floor":20.0,"turns":3.0},{"damage":17.0,"enemies":"Snake Plant","floor":21.0,"turns":3.0},{"damage":20.0,"enemies":"Book of Stabbing","floor":24.0,"turns":5.0},{"damage":7.0,"enemies":"Colosseum Slavers","floor":28.0,"turns":4.0},{"damage":6.0,"enemies":"Gremlin Leader","floor":31.0,"turns":4.0},{"damage":29.0,"enemies":"Champ","floor":33.0,"turns":7.0},{"damage":0.0,"enemies":"Orb Walker","floor":35.0,"turns":1.0},{"damage":20.0,"enemies":"3 Shapes","floor":38.0,"turns":6.0},{"damage":3.0,"enemies":"Maw","floor":39.0,"turns":5.0},{"damage":5.0,"enemies":"Giant Head","floor":40.0,"turns":5.0},{"damage":8.0,"enemies":"Sphere and 2 Shapes","floor":45.0,"turns":3.0},{"damage":11.0,"enemies":"Reptomancer","floor":47.0,"turns":4.0},{"damage":3.0,"enemies":"3 Darklings","floor":48.0,"turns":4.0},{"damage":7.0,"enemies":"Awakened One","floor":50.0,"turns":5.0},{"damage":0.0,"enemies":"Shield and Spear","floor":54.0,"turns":2.0},{"damage":42,"enemies":"The Heart","floor":55,"turns":5}],"seed_played":"-1444382222736688792","potions_obtained":[{"floor":1.0,"key":"SkillPotion"},{"floor":3.0,"key":"AttackPotion"},{"floor":6.0,"key":"BloodPotion"},{"floor":10.0,"key":"Explosive Potion"},{"floor":11.0,"key":"GamblersBrew"},{"floor":14.0,"key":"SkillPotion"},{"floor":18.0,"key":"Energy Potion"},{"floor":21.0,"key":"Swift Potion"},{"floor":31.0,"key":"SteroidPotion"},{"floor":35.0,"key":"Weak Potion"},{"floor":42.0,"key":"DuplicationPotion"},{"floor":48.0,"key":"Swift Potion"}],"is_trial":false,"path_per_floor":["M","M","M","M","M","E","$","E","T","E","M","R","?","M","R","B",null,"M","$","M","M","$","R","E","R","T","?","?","T","R","E","R","B",null,"M","?","?","M","M","E","R","?","T","R","M","$","E","M","R","B",null,"R","$","E","B",null],"character_chosen":"IRONCLAD","items_purchased":["Anchor","Pen Nib","Feel No Pain","Incense Burner"],"campfire_rested":1,"item_purchase_floors":[7,22,46,53],"current_hp_per_floor":[80,79,80,72,67,51,51,43,43,25,28,28,35,39,39,18,87,79,79,80,69,69,69,55,55,55,55,54,54,54,54,80,57,87,87,76,76,62,65,66,66,66,66,66,64,64,59,62,62,61,87,87,87,87,51],"gold":118,"neow_bonus":"REMOVE_CARD","is_daily":false,"chose_seed":false,"campfire_upgraded":8,"win_rate":0.0,"timestamp":1614435813,"path_taken":["M","M","M","M","M","E","$","E","T","E","?","R","?","M","R","BOSS","M","$","M","?","$","R","E","R","T","?","?","?","R","E","R","BOSS","M","?","?","M","?","E","R","?","T","R","M","$","E","M","R","BOSS","R","$","E","BOSS"],"items_purchased_type":["Relic","Relic","Card","Relic"],"build_version":"2020-12-22","purchased_purges":2,"victory":true,"max_hp_per_floor":[80,80,80,80,80,80,80,80,80,80,80,80,87,87,87,87,87,87,87,87,87,87,87,87,87,87,87,87,87,87,87,87,87,87,87,87,87,87,87,87,87,87,87,87,87,87,87,87,87,87,87,87,87,87,87],"card_choices":[{"not_picked":["Rupture","Warcry"],"picked":"Second Wind","floor":1.0},{"not_picked":["Clothesline","Wild Strike"],"picked":"Armaments","floor":2.0},{"not_picked":["Entrench","Fire Breathing"],"picked":"Sword Boomerang","floor":3.0},{"not_picked":["Thunderclap","Sword Boomerang"],"picked":"Shrug It Off","floor":4.0},{"not_picked":["Perfected Strike","Second Wind"],"picked":"Reckless Charge","floor":5.0},{"not_picked":["Armaments","Twin Strike"],"picked":"Thunderclap","floor":6.0},{"not_picked":["Headbutt","Inflame"],"picked":"Battle Trance","floor":8.0},{"not_picked":["Armaments","Inflame"],"picked":"Spot Weakness","floor":10.0},{"not_picked":["Ghostly Armor","Clothesline"],"picked":"Entrench","floor":11.0},{"not_picked":["Rampage","Havoc","Clash"],"picked":"SKIP","floor":11.0},{"not_picked":["Rampage","Havoc","Clash"],"picked":"SKIP","floor":11.0},{"not_picked":["Intimidate","Burning Pact"],"picked":"Offering","floor":14.0},{"not_picked":["Dual Wield","Wild Strike"],"picked":"Ghostly Armor","floor":14.0},{"not_picked":["Impervious","Berserk"],"picked":"Corruption","floor":16.0},{"not_picked":["Feel No Pain","Armaments"],"picked":"Body Slam+1","floor":18.0},{"not_picked":["Wild Strike","Perfected Strike","Dropkick"],"picked":"SKIP","floor":18.0},{"not_picked":["Havoc","Iron Wave"],"picked":"Whirlwind","floor":20.0},{"not_picked":["Perfected Strike","Flex"],"picked":"Power Through","floor":20.0},{"not_picked":["Anger+1","Perfected Strike"],"picked":"Demon Form","floor":21.0},{"not_picked":["True Grit","Sword Boomerang+1","Thunderclap+1"],"picked":"SKIP","floor":21.0},{"not_picked":["Warcry","Headbutt+1"],"picked":"Disarm","floor":24.0},{"not_picked":["Demon Form","Metallicize+1"],"picked":"Body Slam+1","floor":31.0},{"not_picked":["Feed","Berserk"],"picked":"Bludgeon","floor":33.0},{"not_picked":["Body Slam+1","Rage+1"],"picked":"Flame Barrier","floor":35.0},{"not_picked":["Dual Wield+1","Warcry+1","Armaments+1"],"picked":"SKIP","floor":35.0},{"not_picked":["Body Slam","Brutality"],"picked":"Heavy Blade+1","floor":38.0},{"not_picked":["Headbutt","Body Slam+1","Thunderclap"],"picked":"SKIP","floor":38.0},{"not_picked":["Warcry","Flex"],"picked":"Twin Strike+1","floor":39.0},{"not_picked":["Wild Strike+1","Iron Wave","Combust+1"],"picked":"SKIP","floor":39.0},{"not_picked":["Shrug It Off","Headbutt"],"picked":"Intimidate+1","floor":40.0},{"not_picked":["Twin Strike+1","Shrug It Off"],"picked":"Warcry+1","floor":45.0},{"not_picked":["Rampage","Pommel Strike+1","Warcry"],"picked":"SKIP","floor":45.0},{"not_picked":["Clash+1","Thunderclap+1","Demon Form"],"picked":"SKIP","floor":47.0},{"not_picked":["Clash+1","Thunderclap+1","Demon Form"],"picked":"SKIP","floor":47.0},{"not_picked":["Whirlwind","Twin Strike+1","Infernal Blade+1"],"picked":"SKIP","floor":48.0},{"not_picked":["Perfected Strike","Pommel Strike+1","Wild Strike"],"picked":"SKIP","floor":48.0},{"not_picked":["Twin Strike","Seeing Red","Havoc+1"],"picked":"SKIP","floor":54.0},{"not_picked":["Twin Strike","Seeing Red","Havoc+1"],"picked":"SKIP","floor":54.0}],"player_experience":580727,"relics_obtained":[{"floor":6.0,"key":"Centennial Puzzle"},{"floor":8.0,"key":"Prayer Wheel"},{"floor":9.0,"key":"Sundial"},{"floor":10.0,"key":"Bottled Lightning"},{"floor":24.0,"key":"CeramicFish"},{"floor":26.0,"key":"Bronze Scales"},{"floor":29.0,"key":"Red Skull"},{"floor":31.0,"key":"Orichalcum"},{"floor":40.0,"key":"Dead Branch"},{"floor":47.0,"key":"Whetstone"},{"floor":54.0,"key":"Bag of Marbles"}],"event_choices":[{"damage_healed":0.0,"max_hp_gain":0.0,"max_hp_loss":0.0,"gold_gain":0.0,"event_name":"WeMeetAgain","player_choice":"Gave Potion","floor":13.0,"gold_loss":0.0,"damage_taken":0.0,"relics_obtained":["Strawberry"]},{"damage_healed":0.0,"max_hp_gain":0.0,"max_hp_loss":0.0,"gold_gain":0.0,"event_name":"The Library","player_choice":"Read","floor":27.0,"gold_loss":0.0,"damage_taken":0.0,"cards_obtained":["Fire Breathing"]},{"damage_healed":0.0,"max_hp_gain":0.0,"max_hp_loss":0.0,"gold_gain":0.0,"event_name":"Colosseum","player_choice":"Fight","floor":28.0,"gold_loss":0.0,"damage_taken":0.0},{"damage_healed":0.0,"max_hp_gain":0.0,"max_hp_loss":0.0,"gold_gain":0.0,"event_name":"Colosseum","player_choice":"Fled From Nobs","floor":28.0,"gold_loss":0.0,"damage_taken":0.0},{"damage_healed":0.0,"max_hp_gain":0.0,"max_hp_loss":0.0,"gold_gain":0.0,"event_name":"Winding Halls","player_choice":"Embrace Madness","floor":36.0,"gold_loss":0.0,"damage_taken":11.0,"cards_obtained":["Madness","Madness"]},{"damage_healed":0.0,"max_hp_gain":0.0,"max_hp_loss":0.0,"gold_gain":0.0,"event_name":"SecretPortal","player_choice":"Ignored","floor":37.0,"gold_loss":0.0,"damage_taken":0.0},{"damage_healed":0.0,"max_hp_gain":0.0,"max_hp_loss":0.0,"gold_gain":0.0,"event_name":"The Woman in Blue","player_choice":"Bought 1 Potion","floor":42.0,"gold_loss":0.0,"damage_taken":0.0}],"is_beta":false,"boss_relics":[{"not_picked":["Busted Crown","Sozu"],"picked":"Snecko Eye"},{"not_picked":["Black Star","Empty Cage"],"picked":"Pandora\u0027s Box"}],"items_purged_floors":[19,46],"is_endless":false,"potions_floor_spawned":[1,3,6,10,11,14,18,21,28,31,35,48,54],"ascension_level":1}}