{"host":"ptk1shuto3uimndw","time":1614441343,"event":{"mods":["AchievementEnabler","BaseMod","Bestiary","Colored Map","Colored Powertips","Curses Come First","Minty Spire (QoL Compilation)","Quick Restart","Rare Cards Sparkle","Relic Stats","StSLib","Uncapped"],"gold_per_floor":[115,30,30,50,63,98,148,148,148],"floor_reached":8,"language":"ENG","playtime":234,"items_purged":[],"score":101,"play_id":"d8256fe9-accf-4d71-9b67-f76bf3a14e3e","local_time":"20210227165543","is_ascension_mode":true,"campfire_choices":[],"circlet_count":0,"master_deck":["AscendersBane","Strike_B","Strike_B","Strike_B","Defend_B","Defend_B","Defend_B","Defend_B","Zap","Dualcast","Cold Snap","Seek","Consume","Compile Driver","Echo Form"],"relics":["Cracked Core","Bird Faced Urn","Dead Branch"],"acts_visited":["Exordium"],"potions_floor_usage":[8],"damage_taken":[{"damage":7,"enemies":"Small Slimes","floor":1,"turns":3},{"damage":0,"enemies":"Cultist","floor":4,"turns":4},{"damage":0,"enemies":"2 Louse","floor":5,"turns":3},{"damage":35,"enemies":"3 Sentries","floor":6,"turns":10},{"damage":16,"enemies":"Gremlin Nob","floor":8,"turns":2}],"seed_played":"9127954878569242606","potions_obtained":[{"floor":6,"key":"SkillPotion"}],"is_trial":false,"path_per_floor":["M","$","?","M","M","E","?","E"],"character_chosen":"DEFECT","items_purchased":["Seek"],"campfire_rested":0,"item_purchase_floors":[2],"current_hp_per_floor":[39,39,39,39,39,4,4,0,0],"gold":148,"neow_bonus":"ONE_RARE_RELIC","is_daily":false,"chose_seed":false,"campfire_upgraded":0,"win_rate":0.0,"timestamp":1614441343,"path_taken":["M","$","?","?","M","E","?","E"],"items_purchased_type":["Card"],"build_version":"2020-12-22","purchased_purges":0,"victory":false,"max_hp_per_floor":[71,71,71,71,71,71,71,71,71],"relic_stats":{"counters":[5,22],"Bird Faced Urn":[0],"Dead Branch":[0],"obtain_stats":[{"Bird Faced Urn":0,"Dead Branch":6,"Cracked Core":0},{"Bird Faced Urn":0,"Dead Branch":4,"Cracked Core":0},{"Bird Faced Urn":0,"Dead Branch":20,"Cracked Core":0}]},"card_choices":[{"not_picked":["Sweeping Beam","Go for the Eyes"],"picked":"Cold Snap","floor":1},{"not_picked":["Aggregate","Stack"],"picked":"Consume","floor":4},{"not_picked":["Turbo","Heatsinks"],"picked":"Compile Driver","floor":5},{"not_picked":["Rebound","Defragment"],"picked":"Echo Form","floor":6}],"player_experience":291587,"relics_obtained":[{"floor":6,"key":"Dead Branch"}],"event_choices":[{"cards_removed":["Strike_B"],"damage_healed":0,"gold_gain":0,"player_choice":"Purged","damage_taken":0,"max_hp_gain":0,"max_hp_loss":0,"event_name":"Purifier","floor":3,"gold_loss":0},{"damage_healed":0,"gold_gain":50,"player_choice":"Pray","damage_taken":0,"max_hp_gain":0,"max_hp_loss":0,"event_name":"Golden Shrine","floor":7,"gold_loss":0}],"is_beta":false,"boss_relics":[],"items_purged_floors":[],"is_endless":false,"potions_floor_spawned":[6],"killed_by":"Gremlin Nob","ascension_level":16}}