{"host":"180gexyoiure5zz4","time":1614389340,"event":{"mods":["BaseMod","Minty Spire (QoL Compilation)"],"gold_per_floor":[119,119,119,132,187,220,232,232,280,280,315,334,334,187,187,187,187],"floor_reached":16,"language":"ENG","playtime":522,"items_purged":[],"score":119,"play_id":"3e4855a4-8295-4d6c-a939-a690e24538d9","local_time":"20210226202900","is_ascension_mode":true,"campfire_choices":[{"floor":8,"key":"RECALL"},{"floor":10,"key":"REST"},{"data":"Infernal Blade","floor":15,"key":"SMITH"}],"circlet_count":0,"master_deck":["Strike_R","Strike_R","Strike_R","Defend_R","Defend_R","Defend_R","Bash","Reckless Charge","Whirlwind","Infernal Blade+1","Evolve"],"relics":["Burning Blood","PreservedInsect","FossilizedHelix","Anchor","Mercury Hourglass","Happy Flower"],"acts_visited":["Exordium"],"potions_floor_usage":[16,16,16],"damage_taken":[{"damage":0,"enemies":"Small Slimes","floor":1,"turns":3},{"damage":9,"enemies":"Jaw Worm","floor":4,"turns":3},{"damage":30,"enemies":"Lagavulin","floor":6,"turns":4},{"damage":0,"enemies":"Cultist","floor":7,"turns":2},{"damage":9,"enemies":"3 Sentries","floor":11,"turns":4},{"damage":11,"enemies":"Exordium Thugs","floor":12,"turns":3},{"damage":70,"enemies":"The Guardian","floor":16,"turns":12}],"seed_played":"-3912311504294837265","potions_obtained":[{"floor":1,"key":"Fire Potion"},{"floor":4,"key":"Strength Potion"},{"floor":11,"key":"Explosive Potion"}],"is_trial":false,"path_per_floor":["M","?","?","M","T","E","M","R","T","R","E","M","?","$","R","B"],"character_chosen":"IRONCLAD","items_purchased":["Happy Flower"],"campfire_rested":1,"item_purchase_floors":[14],"current_hp_per_floor":[80,73,73,70,70,46,52,52,52,76,73,68,68,68,68,0,0],"gold":187,"neow_bonus":"TRANSFORM_TWO_CARDS","is_daily":false,"chose_seed":false,"campfire_upgraded":1,"win_rate":0.0,"timestamp":1614389340,"path_taken":["M","?","?","M","?","E","M","R","T","R","E","?","?","$","R","BOSS"],"items_purchased_type":["Relic"],"build_version":"2020-12-22","purchased_purges":0,"victory":false,"max_hp_per_floor":[80,80,80,80,80,80,80,80,80,80,80,80,80,80,80,80,80],"card_choices":[{"not_picked":["Uppercut","Shockwave","Sword Boomerang"],"picked":"SKIP","floor":1},{"not_picked":["Flex","Sword Boomerang","Iron Wave"],"picked":"SKIP","floor":4},{"not_picked":["Cleave","Reaper"],"picked":"Infernal Blade","floor":6},{"not_picked":["Pommel Strike","Dropkick"],"picked":"Evolve","floor":7},{"not_picked":["Whirlwind","Carnage","Body Slam"],"picked":"SKIP","floor":11},{"not_picked":["Anger","Wild Strike","Twin Strike"],"picked":"SKIP","floor":12}],"player_experience":340567,"relics_obtained":[{"floor":6,"key":"FossilizedHelix"},{"floor":9,"key":"Anchor"},{"floor":11,"key":"Mercury Hourglass"}],"event_choices":[{"damage_healed":0,"gold_gain":0,"player_choice":"Success","damage_taken":7,"relics_obtained":["PreservedInsect"],"max_hp_gain":0,"max_hp_loss":0,"event_name":"Scrap Ooze","floor":2,"gold_loss":0},{"cards_removed":["Shame"],"damage_healed":0,"gold_gain":0,"player_choice":"Forget","damage_taken":0,"max_hp_gain":0,"max_hp_loss":0,"event_name":"Living Wall","floor":3,"gold_loss":0},{"cards_removed":["Strike_R"],"damage_healed":0,"gold_gain":0,"player_choice":"Purged","damage_taken":0,"max_hp_gain":0,"max_hp_loss":0,"event_name":"Purifier","floor":13,"gold_loss":0}],"is_beta":false,"boss_relics":[],"items_purged_floors":[],"is_endless":false,"potions_floor_spawned":[1,4,11],"killed_by":"The Guardian","ascension_level":2}}