{"host":"40e4adzyl212zebh","time":1614432007,"event":{"mods":["Act Like it!","BaseMod","Beaked The Cultist","Colored Map","Colored Powertips","Gensokyo","Minty Spire (QoL Compilation)","Quick Restart","Random Character Button","Relic Stats","StSLib","The Disciple"],"gold_per_floor":[113,21,37,352,563,598,598,610,610,134,134,134,169,169,169,271,271,288,288,188,188,188,188,188,220,220,220,220,30,30,56,56,56,56],"floor_reached":33,"language":"JPN","playtime":2379,"items_purged":["beaked:Strike_Y","beaked:Strike_Y"],"score":292,"play_id":"008c94e2-e8fd-409f-8c98-a504fe869ddc","local_time":"20210227222007","is_ascension_mode":false,"campfire_choices":[{"data":"beaked:LiftOff","floor":7.0,"key":"SMITH"},{"data":"beaked:Ceremony","floor":15.0,"key":"SMITH"},{"data":"Gensokyo:TekeTeke","floor":23.0,"key":"SMITH"},{"floor":27,"key":"RECALL"},{"data":"beaked:SurvivalInstinct","floor":32,"key":"SMITH"}],"circlet_count":0,"master_deck":["beaked:Strike_Y+1","beaked:Defend_Y+1","beaked:Defend_Y","beaked:Defend_Y","beaked:Defend_Y","beaked:Ceremony+1","beaked:Ceremony","beaked:Ceremony+1","beaked:LiftOff+1","beaked:WarriorEssence+1","beaked:CursingBlood","beaked:SurvivalInstinct+1","beaked:SurvivalInstinct+1","beaked:Negation","beaked:DarkTribute","Enlightenment+1","beaked:Resilience+1","beaked:ShadowFade+1","beaked:Roost+1","beaked:Struggle+1","beaked:MimicWarrior+1","beaked:FeelMyPain+1","Gensokyo:TekeTeke+1","Gensokyo:FourOfAKind+1","Gensokyo:FourOfAKind+1","Gensokyo:FourOfAKind+1","Gensokyo:FourOfAKind+1","beaked:ScreechingChant+1","Gensokyo:MenInBlack+1","Shame"],"relics":["beaked:MendingPlumage","Matryoshka","Tiny Chest","Toxic Egg 2","Strange Spoon","Juzu Bracelet","Gensokyo:PortableGap","Happy Flower","Thread and Needle","Bronze Scales","Ornamental Fan","Astrolabe","Gensokyo:ConquerorOfFear","Molten Egg 2","Gremlin Horn","Darkstone Periapt","Whetstone"],"acts_visited":["Exordium","Gensokyo:Gensokyo"],"potions_floor_usage":[],"damage_taken":[{"damage":4.0,"enemies":"Gensokyo:Gryphon","floor":1.0,"turns":4.0},{"damage":19.0,"enemies":"Gensokyo:Python","floor":3.0,"turns":6.0},{"damage":22.0,"enemies":"Gensokyo:2_Kodama","floor":4.0,"turns":7.0},{"damage":25.0,"enemies":"Gensokyo:2_Rabbits","floor":5.0,"turns":10.0},{"damage":8.0,"enemies":"Gensokyo:Mamizou","floor":6.0,"turns":11.0},{"damage":12.0,"enemies":"Gensokyo:3_Kodama","floor":8.0,"turns":6.0},{"damage":72.0,"enemies":"Gensokyo:Cirno","floor":13.0,"turns":10.0},{"damage":28.0,"enemies":"Gensokyo:Kokoro","floor":16.0,"turns":12.0},{"damage":35.0,"enemies":"Gensokyo:2_Gloops","floor":18.0,"turns":11.0},{"damage":33,"enemies":"Gensokyo:Reisen","floor":25,"turns":6},{"damage":101,"enemies":"Gensokyo:Eternal_Rivals","floor":33,"turns":9}],"seed_played":"-613450551563275009","potions_obtained":[{"floor":1.0,"key":"GamblersBrew"},{"floor":5.0,"key":"Fruit Juice"},{"floor":16.0,"key":"Dexterity Potion"}],"is_trial":false,"path_per_floor":["M","COS","M","M","M","E","R","M","T","$","?","?","E","T","R","B",null,"M","?","$","?","T","R","?","E","T","R","T","COS","?","T","R","B"],"character_chosen":"BEAKED_THE_CULTIST","items_purchased":["Strange Spoon","Enlightenment+1","Juzu Bracelet"],"campfire_rested":0,"item_purchase_floors":[10,10,10],"current_hp_per_floor":[50,50,42,35,35,50,50,50,50,50,45,42,29,29,29,42,42,42,38,38,38,38,38,27,18,18,18,18,18,24,24,24,0,0],"gold":56,"neow_bonus":"ONE_RANDOM_RARE_CARD","is_daily":false,"chose_seed":false,"campfire_upgraded":4,"win_rate":0.0,"timestamp":1614432007,"path_taken":["M","COS","M","M","?","E","R","M","T","?","?","?","E","?","R","BOSS","M","?","?","?","?","R","?","E","T","R","?","COS","?","?","R","BOSS"],"items_purchased_type":["Relic","Card","Relic"],"build_version":"2020-12-22","purchased_purges":2,"victory":false,"max_hp_per_floor":[50,50,50,50,50,50,50,50,50,50,45,42,42,42,42,42,42,42,38,38,38,38,38,27,27,27,27,24,21,27,27,27,27,27],"relic_stats":{"Darkstone Periapt":6,"Strange Spoon":[12],"Happy Flower":[16],"Gremlin Horn":[0,0],"counters":[11,92],"Ornamental Fan":[12],"Bronze Scales":[90],"Astrolabe":["beaked:Roost","beaked:Struggle","beaked:MimicWarrior"],"Tiny Chest":3,"Juzu Bracelet":3,"Whetstone":["beaked:Strike_Y","beaked:WarriorEssence"],"obtain_stats":[{"Darkstone Periapt":28,"Happy Flower":12,"Gremlin Horn":26,"Astrolabe":17,"Gensokyo:UndefinedDarkness":21,"Thread and Needle":13,"Juzu Bracelet":10,"Gensokyo:ConquerorOfFear":25,"Whetstone":31,"Gensokyo:PortableGap":11,"Strange Spoon":10,"Matryoshka":6,"Ornamental Fan":14,"Bronze Scales":14,"Tiny Chest":9,"Molten Egg 2":25,"beaked:MendingPlumage":0,"Toxic Egg 2":9},{"Darkstone Periapt":10,"Happy Flower":6,"Gremlin Horn":10,"Astrolabe":8,"Gensokyo:UndefinedDarkness":9,"Thread and Needle":7,"Juzu Bracelet":6,"Gensokyo:ConquerorOfFear":10,"Whetstone":10,"Gensokyo:PortableGap":6,"Strange Spoon":6,"Matryoshka":5,"Ornamental Fan":7,"Bronze Scales":7,"Tiny Chest":6,"Molten Egg 2":10,"beaked:MendingPlumage":0,"Toxic Egg 2":6},{"Darkstone Periapt":83,"Happy Flower":44,"Gremlin Horn":83,"Astrolabe":66,"Gensokyo:UndefinedDarkness":77,"Thread and Needle":54,"Juzu Bracelet":44,"Gensokyo:ConquerorOfFear":83,"Whetstone":83,"Gensokyo:PortableGap":44,"Strange Spoon":44,"Matryoshka":38,"Ornamental Fan":54,"Bronze Scales":54,"Tiny Chest":44,"Molten Egg 2":83,"beaked:MendingPlumage":0,"Toxic Egg 2":44}]},"card_choices":[{"not_picked":["beaked:DigDeep","beaked:Foresight"],"picked":"beaked:WarriorEssence","floor":1.0},{"not_picked":["beaked:BraceForImpact","beaked:Daydream"],"picked":"beaked:CursingBlood","floor":3.0},{"not_picked":["beaked:FullHouse","beaked:DarkTribute"],"picked":"beaked:Caw","floor":4.0},{"not_picked":["beaked:DigDeep","beaked:Resilience"],"picked":"beaked:SurvivalInstinct","floor":4.0},{"not_picked":["beaked:BarbedWire","beaked:Recite"],"picked":"beaked:SurvivalInstinct","floor":5.0},{"not_picked":["beaked:Poke","beaked:Resilience"],"picked":"beaked:Negation","floor":6.0},{"not_picked":["beaked:DigDeep","beaked:DesperateSwing"],"picked":"beaked:DarkTribute","floor":8.0},{"not_picked":["beaked:DesperateSwing","beaked:Poke"],"picked":"beaked:Resilience+1","floor":13.0},{"not_picked":["beaked:DarkTribute+1","beaked:ScreechingChant+1"],"picked":"beaked:ShadowFade+1","floor":16.0},{"not_picked":["beaked:WindBringer","beaked:VigorBurst+1"],"picked":"beaked:FeelMyPain+1","floor":18.0},{"not_picked":["Gensokyo:LittleGreenMen+1","Gensokyo:MissMary+1"],"picked":"Gensokyo:TekeTeke","floor":19.0},{"not_picked":["beaked:Overpower+1","beaked:RitualOfBody"],"picked":"beaked:ScreechingChant+1","floor":25}],"player_experience":659279,"relics_obtained":[{"floor":6.0,"key":"Matryoshka"},{"floor":9.0,"key":"Tiny Chest"},{"floor":9.0,"key":"Toxic Egg 2"},{"floor":13.0,"key":"Thread and Needle"},{"floor":14.0,"key":"Bronze Scales"},{"floor":14.0,"key":"Ornamental Fan"},{"floor":25,"key":"Gensokyo:ConquerorOfFear"},{"floor":25,"key":"Molten Egg 2"},{"floor":26,"key":"Gremlin Horn"},{"floor":28,"key":"Darkstone Periapt"},{"floor":31,"key":"Whetstone"}],"event_choices":[],"is_beta":false,"boss_relics":[{"not_picked":["Calling Bell","Ectoplasm"],"picked":"Astrolabe"}],"items_purged_floors":[10,20],"is_endless":false,"potions_floor_spawned":[1,5,16],"killed_by":"Gensokyo:Eternal_Rivals","ascension_level":0}}