{"host":"94b9qghhxjd69c4t","time":1614450562,"event":{"mods":["BaseMod","Colored Powertips","Minty Spire (QoL Compilation)","StSLib"],"gold_per_floor":[109,125,140,159,175,175,24,34,60,60,91,91,108,120,120,120,120],"floor_reached":16,"language":"ENG","playtime":684,"items_purged":[],"score":138,"play_id":"04a4b817-ad47-41f1-9dfd-a8a7e44c5db3","local_time":"20210227192922","is_ascension_mode":true,"campfire_choices":[{"data":"Noxious Fumes","floor":6,"key":"SMITH"},{"data":"Neutralize","floor":10,"key":"SMITH"},{"data":"Survivor","floor":12,"key":"SMITH"},{"data":"Blur","floor":15,"key":"SMITH"}],"circlet_count":0,"master_deck":["Strike_G","Strike_G","Strike_G","Strike_G","Strike_G","Defend_G","Defend_G","Defend_G","Defend_G","Defend_G","Survivor+1","Neutralize+1","PiercingWail","Noxious Fumes+1","Blur+1","Poisoned Stab","Burst","Heel Hook"],"relics":["Ring of the Snake","NeowsBlessing","ClockworkSouvenir","Juzu Bracelet","Happy Flower"],"acts_visited":["Exordium"],"potions_floor_usage":[11],"damage_taken":[{"damage":0,"enemies":"Cultist","floor":1,"turns":1},{"damage":0,"enemies":"Small Slimes","floor":2,"turns":1},{"damage":0,"enemies":"2 Louse","floor":3,"turns":1},{"damage":1,"enemies":"Blue Slaver","floor":4,"turns":5},{"damage":11,"enemies":"Large Slime","floor":5,"turns":9},{"damage":2,"enemies":"Looter","floor":8,"turns":5},{"damage":17,"enemies":"Gremlin Nob","floor":11,"turns":4},{"damage":0,"enemies":"Exordium Wildlife","floor":13,"turns":4},{"damage":3,"enemies":"Red Slaver","floor":14,"turns":5},{"damage":30,"enemies":"Hexaghost","floor":16,"turns":12}],"seed_played":"2027357410745990165","potions_obtained":[{"floor":1,"key":"SteroidPotion"},{"floor":4,"key":"Strength Potion"},{"floor":5,"key":"BlessingOfTheForge"},{"floor":13,"key":"SteroidPotion"}],"is_trial":false,"path_per_floor":["M","M","M","M","M","R","$","M","T","R","E","R","M","M","R","B"],"character_chosen":"THE_SILENT","items_purchased":["ClockworkSouvenir"],"campfire_rested":0,"item_purchase_floors":[7],"current_hp_per_floor":[63,63,63,62,51,51,51,49,49,49,32,32,32,29,29,0,0],"gold":120,"neow_bonus":"THREE_ENEMY_KILL","is_daily":false,"chose_seed":false,"campfire_upgraded":4,"win_rate":0.0,"timestamp":1614450562,"path_taken":["M","?","M","M","M","R","$","M","T","R","E","R","M","M","R","BOSS"],"items_purchased_type":["Relic"],"build_version":"2020-12-22","purchased_purges":0,"victory":false,"max_hp_per_floor":[70,70,70,70,70,70,70,70,70,70,70,70,70,70,70,70,70],"card_choices":[{"not_picked":["Accuracy","Cloak And Dagger"],"picked":"PiercingWail","floor":1},{"not_picked":["Deadly Poison","Flechettes"],"picked":"Noxious Fumes","floor":2},{"not_picked":["Calculated Gamble","Setup","PiercingWail"],"picked":"SKIP","floor":3},{"not_picked":["Outmaneuver","Underhanded Strike","Accuracy"],"picked":"SKIP","floor":4},{"not_picked":["Deflect","Caltrops"],"picked":"Blur","floor":5},{"not_picked":["Deadly Poison","Slice"],"picked":"Poisoned Stab","floor":8},{"not_picked":["Accuracy","Masterful Stab"],"picked":"Burst","floor":11},{"not_picked":["Reflex","Eviscerate","Slice"],"picked":"SKIP","floor":13},{"not_picked":["Outmaneuver","Setup"],"picked":"Heel Hook","floor":14}],"player_experience":564971,"relics_obtained":[{"floor":9,"key":"Juzu Bracelet"},{"floor":11,"key":"Happy Flower"}],"event_choices":[],"is_beta":false,"boss_relics":[],"items_purged_floors":[],"is_endless":false,"potions_floor_spawned":[1,4,5,13],"killed_by":"Hexaghost","ascension_level":6}}