{"host":"338bkdl2yirdp2ct","time":1614439670,"event":{"mods":["AchievementEnabler","BaseMod","Colored Powertips","Highlight Path","Minty Spire (QoL Compilation)","Quick Restart","Relic Sorter","Unceasing Turn Reminder","slay the spire mod where everything is the same but ironclad has a cowboy hat"],"gold_per_floor":[119,136,311,311,311,311,351,376,458,458,501,525,541,556,556,556,556],"floor_reached":16,"language":"ENG","playtime":542,"items_purged":[],"score":137,"play_id":"c131c532-2102-4546-81f7-b08a53883470","local_time":"20210227072750","is_ascension_mode":false,"campfire_choices":[{"data":"Headbutt","floor":6,"key":"SMITH"},{"data":"Barricade","floor":10,"key":"SMITH"},{"floor":15,"key":"REST"}],"circlet_count":0,"master_deck":["Strike_R","Strike_R","Strike_R","Strike_R","Strike_R","Defend_R","Defend_R","Defend_R","Defend_R","Bash","True Grit","Headbutt+1","Doubt","Barricade+1","Headbutt","Burning Pact","Sword Boomerang","Clothesline"],"relics":["Burning Blood","NeowsBlessing","Golden Idol","PreservedInsect","Pantograph","StrikeDummy"],"acts_visited":["Exordium"],"potions_floor_usage":[14,16,16],"damage_taken":[{"damage":0,"enemies":"2 Louse","floor":1,"turns":1},{"damage":0,"enemies":"Cultist","floor":2,"turns":1},{"damage":0,"enemies":"Lagavulin","floor":7,"turns":1},{"damage":3,"enemies":"Small Slimes","floor":8,"turns":5},{"damage":28,"enemies":"Gremlin Nob","floor":11,"turns":4},{"damage":19,"enemies":"Blue Slaver","floor":12,"turns":3},{"damage":21,"enemies":"2 Fungi Beasts","floor":13,"turns":4},{"damage":4,"enemies":"Large Slime","floor":14,"turns":4},{"damage":77,"enemies":"Hexaghost","floor":16,"turns":11}],"seed_played":"4022441614120012450","potions_obtained":[{"floor":1,"key":"FearPotion"},{"floor":8,"key":"DistilledChaos"},{"floor":11,"key":"SteroidPotion"}],"is_trial":false,"path_per_floor":["M","M","?","?","?","R","E","M","T","R","E","M","M","M","R","B"],"character_chosen":"IRONCLAD","items_purchased":[],"campfire_rested":1,"item_purchase_floors":[],"current_hp_per_floor":[80,80,80,74,74,74,74,74,74,74,52,39,24,26,48,0,0],"gold":556,"neow_bonus":"THREE_ENEMY_KILL","is_daily":false,"chose_seed":false,"campfire_upgraded":2,"win_rate":0.0,"timestamp":1614439670,"path_taken":["M","M","?","?","?","R","E","M","T","R","E","M","M","?","R","BOSS"],"items_purchased_type":[],"build_version":"2020-12-22","purchased_purges":0,"victory":false,"max_hp_per_floor":[80,80,80,74,74,74,74,74,74,74,74,74,74,74,74,74,74],"card_choices":[{"not_picked":["Blood for Blood","Pommel Strike"],"picked":"True Grit","floor":1},{"not_picked":["Iron Wave","Intimidate"],"picked":"Headbutt","floor":2},{"not_picked":["Fire Breathing","Wild Strike"],"picked":"Barricade","floor":7},{"not_picked":["Shrug It Off","Rupture"],"picked":"Headbutt","floor":8},{"not_picked":["Wild Strike","Perfected Strike"],"picked":"Burning Pact","floor":11},{"not_picked":["Cleave","Demon Form"],"picked":"Sword Boomerang","floor":12},{"not_picked":["Havoc","Metallicize","Reckless Charge"],"picked":"SKIP","floor":13},{"not_picked":["Armaments","Searing Blow"],"picked":"Clothesline","floor":14}],"player_experience":1178584,"relics_obtained":[{"floor":7,"key":"PreservedInsect"},{"floor":9,"key":"Pantograph"},{"floor":11,"key":"StrikeDummy"}],"event_choices":[{"damage_healed":0,"gold_gain":175,"player_choice":"AGREE","damage_taken":0,"max_hp_gain":0,"max_hp_loss":0,"event_name":"Liars Game","floor":3,"gold_loss":0,"cards_obtained":["Doubt"]},{"damage_healed":0,"gold_gain":0,"player_choice":"Lose Max HP","damage_taken":0,"relics_obtained":["Golden Idol"],"max_hp_gain":0,"max_hp_loss":6,"event_name":"Golden Idol","floor":4,"gold_loss":0},{"damage_healed":0,"gold_gain":0,"player_choice":"Ignored","damage_taken":0,"max_hp_gain":0,"max_hp_loss":0,"event_name":"NoteForYourself","floor":5,"gold_loss":0}],"is_beta":false,"boss_relics":[],"items_purged_floors":[],"is_endless":false,"potions_floor_spawned":[1,8,11],"killed_by":"Hexaghost","ascension_level":0}}