{"host":"yx5rao87132cy5xq","time":1614386269,"event":{"mods":["2.2 Compatiblity","AchievementEnabler","BaseMod","Bestiary","Colored Map","Colored Powertips","Highlight Path","Minty Spire (QoL Compilation)","Quick Restart","Relic Stats","Slay-I","SuperFastMode"],"gold_per_floor":[111,1,11,23,23,23,48,48,48,48,58,86,105,138,138,238,238,257,257,272,40,59,85,85,85,85,85,114,114,40,70,70,171,171,191,236,253,253,265,297,297,297,297,297,326,326,354,354,354,354],"floor_reached":51,"language":"ENG","playtime":5042,"items_purged":[],"score":1117,"play_id":"30d795cf-0dd7-4930-8804-bfd8407f93a0","local_time":"20210227013749","is_ascension_mode":true,"campfire_choices":[{"data":"Noxious Fumes","floor":8.0,"key":"SMITH"},{"floor":15.0,"key":"REST"},{"data":"Dash","floor":24.0,"key":"SMITH"},{"data":"Neutralize","floor":27.0,"key":"SMITH"},{"data":"Footwork","floor":29.0,"key":"SMITH"},{"data":"All Out Attack","floor":32.0,"key":"SMITH"},{"data":"Survivor","floor":41.0,"key":"SMITH"},{"data":"Finisher","floor":44.0,"key":"SMITH"},{"data":"Skewer","floor":49.0,"key":"SMITH"}],"circlet_count":0,"master_deck":["Strike_G","Strike_G","Defend_G","Defend_G+1","Defend_G","Survivor+1","Neutralize+1","Dash+1","Skewer+1","All Out Attack+1","Noxious Fumes+1","Blade Dance+1","Distraction+1","Deflect+1","Cloak And Dagger+1","Footwork+1","Finisher+1","Phantasmal Killer+1","Dodge and Roll+1","Dagger Spray+1","Secret Technique+1","Blur+1","Dodge and Roll+1","Blade Dance+1","Adrenaline+1","Blade Dance+1","Deflect+1","Acrobatics+1","Night Terror+1"],"relics":["Ring of the Snake","Toxic Egg 2","Eternal Feather","Paper Crane","War Paint","Philosopher\u0027s Stone","HornCleat","Potion Belt","Anchor","Oddly Smooth Stone","Empty Cage","Calipers","PreservedInsect","Dead Branch","Ancient Tea Set","Molten Egg 2","Omamori"],"acts_visited":["Exordium","TheCity","TheBeyond"],"potions_floor_usage":[],"damage_taken":[{"damage":3.0,"enemies":"Jaw Worm","floor":1.0,"turns":5.0},{"damage":0.0,"enemies":"Small Slimes","floor":3.0,"turns":3.0},{"damage":0.0,"enemies":"Cultist","floor":4.0,"turns":4.0},{"damage":30.0,"enemies":"Lagavulin","floor":7.0,"turns":6.0},{"damage":7.0,"enemies":"Looter","floor":11.0,"turns":3.0},{"damage":3.0,"enemies":"Gremlin Nob","floor":12.0,"turns":3.0},{"damage":6.0,"enemies":"Gremlin Gang","floor":13.0,"turns":4.0},{"damage":5.0,"enemies":"Lagavulin","floor":14.0,"turns":5.0},{"damage":15.0,"enemies":"Hexaghost","floor":16.0,"turns":10.0},{"damage":0.0,"enemies":"Spheric Guardian","floor":18.0,"turns":3.0},{"damage":7.0,"enemies":"3 Byrds","floor":20.0,"turns":2.0},{"damage":36.0,"enemies":"Snake Plant","floor":22.0,"turns":5.0},{"damage":0.0,"enemies":"Gremlin Leader","floor":23.0,"turns":8.0},{"damage":17.0,"enemies":"Book of Stabbing","floor":28.0,"turns":6.0},{"damage":1.0,"enemies":"Gremlin Leader","floor":31.0,"turns":6.0},{"damage":30.0,"enemies":"Collector","floor":33.0,"turns":7.0},{"damage":0.0,"enemies":"3 Shapes","floor":35.0,"turns":2.0},{"damage":35.0,"enemies":"2 Orb Walkers","floor":36.0,"turns":6.0},{"damage":0.0,"enemies":"Orb Walker","floor":37.0,"turns":2.0},{"damage":0.0,"enemies":"Spire Growth","floor":39.0,"turns":4.0},{"damage":0.0,"enemies":"Reptomancer","floor":40.0,"turns":4.0},{"damage":0.0,"enemies":"Nemesis","floor":45.0,"turns":7.0},{"damage":6.0,"enemies":"Reptomancer","floor":47.0,"turns":3.0},{"damage":0.0,"enemies":"Writhing Mass","floor":48.0,"turns":1.0},{"damage":8,"enemies":"Donu and Deca","floor":50,"turns":5}],"seed_played":"8541852357177465894","potions_obtained":[{"floor":1.0,"key":"Poison Potion"},{"floor":3.0,"key":"SkillPotion"},{"floor":10.0,"key":"GhostInAJar"},{"floor":10.0,"key":"Fire Potion"},{"floor":10.0,"key":"Weak Potion"},{"floor":12.0,"key":"PowerPotion"},{"floor":23.0,"key":"LiquidBronze"},{"floor":31.0,"key":"SteroidPotion"},{"floor":33.0,"key":"SmokeBomb"},{"floor":37.0,"key":"Poison Potion"},{"floor":39.0,"key":"DistilledChaos"},{"floor":47.0,"key":"AttackPotion"}],"is_trial":false,"path_per_floor":["M","$","M","M","?","?","E","R","T","?","M","E","M","E","R","B",null,"M","?","M","$","M","E","R","?","T","R","E","R","$","E","R","B",null,"M","?","M","?","M","E","R","T","T","R","E","?","E","M","R","B",null],"character_chosen":"THE_SILENT","items_purchased":["All Out Attack","Noxious Fumes","Secret Technique+1","BlessingOfTheForge","LiquidMemories"],"campfire_rested":1,"item_purchase_floors":[2,2,21,21,30],"current_hp_per_floor":[60,60,60,60,65,58,28,28,28,28,21,18,12,7,41,26,63,63,63,56,56,20,20,35,35,35,50,33,48,48,47,62,32,64,64,29,29,29,29,29,44,44,44,59,59,75,69,69,75,67],"gold":354,"neow_bonus":"THREE_CARDS","is_daily":false,"chose_seed":false,"campfire_upgraded":8,"win_rate":0.0,"timestamp":1614386269,"path_taken":["M","$","M","M","?","?","E","R","T","?","M","E","?","E","R","BOSS","M","?","M","$","?","E","R","?","T","R","E","R","?","E","R","BOSS","M","?","M","?","?","E","R","?","T","R","E","?","E","?","R","BOSS"],"items_purchased_type":["Card","Card","Card","Potion","Potion"],"build_version":"2020-12-22","purchased_purges":0,"victory":true,"max_hp_per_floor":[70,70,70,70,75,75,75,75,75,75,75,75,75,75,75,75,75,75,75,75,75,75,75,75,75,75,75,75,75,75,75,75,75,75,75,75,75,75,75,75,75,75,75,75,75,75,75,75,75,75],"relic_stats":{"counters":[25,114],"Dead Branch":[63],"Eternal Feather":108,"PreservedInsect":107,"War Paint":["Blade Dance","Defend_G"],"obtain_stats":[{"Potion Belt":26,"Calipers":36,"Dead Branch":42,"Oddly Smooth Stone":31,"Eternal Feather":9,"PreservedInsect":40,"Omamori":47,"Paper Crane":12,"War Paint":14,"Empty Cage":34,"Ancient Tea Set":43,"Anchor":28,"HornCleat":23,"Philosopher\u0027s Stone":17,"Molten Egg 2":45,"Toxic Egg 2":7,"Ring of the Snake":0},{"Potion Belt":13,"Calipers":18,"Dead Branch":21,"Oddly Smooth Stone":15,"Eternal Feather":4,"PreservedInsect":21,"Omamori":23,"Paper Crane":6,"War Paint":8,"Empty Cage":16,"Ancient Tea Set":21,"Anchor":14,"HornCleat":13,"Philosopher\u0027s Stone":9,"Molten Egg 2":22,"Toxic Egg 2":4,"Ring of the Snake":0},{"Potion Belt":61,"Calipers":88,"Dead Branch":98,"Oddly Smooth Stone":73,"Eternal Feather":18,"PreservedInsect":98,"Omamori":108,"Paper Crane":24,"War Paint":33,"Empty Cage":80,"Ancient Tea Set":98,"Anchor":67,"HornCleat":61,"Philosopher\u0027s Stone":43,"Molten Egg 2":105,"Toxic Egg 2":18,"Ring of the Snake":0}],"Ring of the Snake":[50]},"card_choices":[{"not_picked":["Endless Agony","Cloak And Dagger"],"picked":"Dash","floor":0.0},{"not_picked":["Deflect","Crippling Poison"],"picked":"Skewer","floor":1.0},{"not_picked":["Flying Knee","Quick Slash"],"picked":"Riddle With Holes","floor":3.0},{"not_picked":["PiercingWail","Deadly Poison"],"picked":"Blade Dance","floor":4.0},{"not_picked":["Dagger Spray","Underhanded Strike"],"picked":"Distraction+1","floor":7.0},{"not_picked":["Prepared+1","Masterful Stab"],"picked":"Deflect+1","floor":11.0},{"not_picked":["Riddle With Holes","Escape Plan+1"],"picked":"Cloak And Dagger+1","floor":12.0},{"not_picked":["Deadly Poison+1","PiercingWail+1"],"picked":"Footwork","floor":13.0},{"not_picked":["Backflip+1","Deflect+1"],"picked":"Finisher","floor":14.0},{"not_picked":["Storm of Steel+1","Glass Knife"],"picked":"Phantasmal Killer+1","floor":16.0},{"not_picked":["Flying Knee+1","Outmaneuver+1"],"picked":"Dodge and Roll+1","floor":18.0},{"not_picked":["Backflip+1","Cloak And Dagger+1"],"picked":"Dagger Spray+1","floor":20.0},{"not_picked":["Footwork","Slice+1"],"picked":"Blur+1","floor":22.0},{"not_picked":["Outmaneuver+1","Catalyst+1"],"picked":"Dodge and Roll+1","floor":23.0},{"not_picked":["Prepared+1","Sucker Punch","Poisoned Stab"],"picked":"SKIP","floor":28.0},{"not_picked":["All Out Attack","Setup+1"],"picked":"Blade Dance+1","floor":31.0},{"not_picked":["Phantasmal Killer+1","Storm of Steel+1"],"picked":"Adrenaline+1","floor":33.0},{"not_picked":["Prepared+1","Poisoned Stab","Deadly Poison+1"],"picked":"SKIP","floor":35.0},{"not_picked":["Escape Plan+1","Heel Hook"],"picked":"Blade Dance+1","floor":36.0},{"not_picked":["Blade Dance+1","Flying Knee","Outmaneuver+1"],"picked":"SKIP","floor":37.0},{"not_picked":["Riddle With Holes+1","Bane","Blade Dance+1"],"picked":"SKIP","floor":39.0},{"not_picked":["Distraction+1","Deadly Poison+1"],"picked":"Deflect+1","floor":40.0},{"not_picked":["Underhanded Strike+1","Dagger Throw+1"],"picked":"Acrobatics+1","floor":45.0},{"not_picked":["Dodge and Roll+1","Predator+1"],"picked":"Night Terror+1","floor":47.0}],"player_experience":1219818,"relics_obtained":[{"floor":7.0,"key":"Toxic Egg 2"},{"floor":9.0,"key":"Eternal Feather"},{"floor":12.0,"key":"Paper Crane"},{"floor":14.0,"key":"War Paint"},{"floor":23.0,"key":"HornCleat"},{"floor":26.0,"key":"Potion Belt"},{"floor":28.0,"key":"Anchor"},{"floor":31.0,"key":"Oddly Smooth Stone"},{"floor":36.0,"key":"Calipers"},{"floor":40.0,"key":"PreservedInsect"},{"floor":42.0,"key":"Dead Branch"},{"floor":43.0,"key":"Ancient Tea Set"},{"floor":45.0,"key":"Molten Egg 2"},{"floor":47.0,"key":"Omamori"}],"event_choices":[{"damage_healed":0.0,"max_hp_gain":5.0,"max_hp_loss":0.0,"gold_gain":0.0,"event_name":"Big Fish","player_choice":"Donut","floor":5.0,"gold_loss":0.0,"damage_taken":0.0},{"cards_removed":["Strike_G"],"damage_healed":0.0,"max_hp_gain":0.0,"max_hp_loss":0.0,"gold_gain":0.0,"event_name":"Golden Wing","player_choice":"Card Removal","floor":6.0,"gold_loss":0.0,"damage_taken":7.0},{"damage_healed":0.0,"max_hp_gain":0.0,"max_hp_loss":0.0,"gold_gain":0.0,"event_name":"Lab","player_choice":"Got Potions","floor":10.0,"gold_loss":0.0,"damage_taken":0.0},{"cards_removed":["Defend_G"],"damage_healed":0.0,"max_hp_gain":0.0,"max_hp_loss":0.0,"gold_gain":0.0,"event_name":"Wheel of Change","player_choice":"Card Removal","floor":19.0,"gold_loss":0.0,"damage_taken":0.0},{"damage_healed":0.0,"max_hp_gain":0.0,"max_hp_loss":0.0,"gold_gain":0.0,"event_name":"Ghosts","player_choice":"Ignored","floor":25.0,"gold_loss":0.0,"damage_taken":0.0},{"damage_healed":0.0,"max_hp_gain":0.0,"max_hp_loss":0.0,"gold_gain":0.0,"event_name":"Mysterious Sphere","player_choice":"Fight","floor":36.0,"gold_loss":0.0,"damage_taken":0.0},{"cards_removed":["Strike_G"],"damage_healed":0.0,"max_hp_gain":0.0,"max_hp_loss":0.0,"gold_gain":0.0,"event_name":"Purifier","player_choice":"Purged","floor":38.0,"gold_loss":0.0,"damage_taken":0.0},{"cards_removed":["Riddle With Holes"],"damage_healed":16.0,"max_hp_gain":0.0,"max_hp_loss":0.0,"gold_gain":0.0,"event_name":"Bonfire Elementals","player_choice":"Offered Uncommon","floor":46.0,"gold_loss":0.0,"damage_taken":0.0}],"is_beta":false,"boss_relics":[{"not_picked":["Cursed Key","Tiny House"],"picked":"Philosopher\u0027s Stone"},{"not_picked":["Sozu","HoveringKite"],"picked":"Empty Cage"}],"items_purged_floors":[],"is_endless":false,"potions_floor_spawned":[1,3,11,12,23,31,33,37,39,47,48],"ascension_level":6}}