{"host":"9pm4ffml2aj85aj7","time":1614441625,"event":{"mods":["Act Like it!","BaseMod","BetterRewards","Bossed Relics","GifTheSpireLib","Library of Ruina","Library of Ruina Extra","Lobotomy","LobotomyExtend","Minty Spire (QoL Compilation)","Relic Filter Mod","Remilia£®¿Ÿ√◊¿Ú—«£©","Replay The Spire","Shop Mod","StSLib","The Jungle","Wide Potions"],"gold_per_floor":[119,0,0,15,90,90,90,90,113,145,145,145,145,145,145,246,246,246,8,0,0,0,0,0,0,0,0,0,0,0,0,0,104,104,116,41,41,41,41,41,41,69,69,69,69,69,134,134,134,179,179],"floor_reached":52,"language":"ZHS","playtime":1268,"items_purged":["TheWillOfTheCity+1"],"score":708,"play_id":"eb580aee-0085-423c-ba81-3c14a4e17033","local_time":"20210228000025","daily_mods":["SealedDeck","Heirloom","Time Dilation","Flight","Lethality"],"is_ascension_mode":false,"campfire_choices":[{"data":"PreemptiveStrike","floor":6,"key":"SMITH"},{"data":"UnavoidableGaze","floor":7,"key":"SMITH"},{"data":"TheWillOfTheCity","floor":8,"key":"SMITH"},{"data":"TheWillOfTheCity","floor":12,"key":"SMITH"},{"data":"DesperateStruggle","floor":13,"key":"SMITH"},{"data":"Wallop_lor","floor":15,"key":"SMITH"},{"data":"TendonChords","floor":23,"key":"SMITH"},{"data":"WrathOfTorment","floor":24,"key":"SMITH"},{"data":"Transpierce","floor":25,"key":"SMITH"},{"data":"OminousPower","floor":30,"key":"SMITH"},{"data":"SpearedSweep","floor":32,"key":"SMITH"},{"data":"FlamingDragonFist","floor":40,"key":"SMITH"},{"data":"Slice_lor","floor":41,"key":"SMITH"},{"data":"SpearedSweep","floor":44,"key":"SMITH"},{"data":"ViolentFlame","floor":46,"key":"SMITH"},{"data":"Unlock1","floor":49,"key":"SMITH"}],"circlet_count":0,"master_deck":["WrathOfTorment+1","TendonChords+1","Wallop_lor+1","DesperateStruggle+1","UnavoidableGaze+1","Unlock1+1","SpearedSweep+1","PreemptiveStrike+1","Transpierce+1","SpearedSweep+1","OminousPower+1","FlamingDragonFist+1","OminousPower+1","Slice_lor+1","PreemptiveStrike+1","ViolentFlame+1"],"relics":["PageOfLibrarian","replay:Trail_Library","CaptainsWheel","LetterFromLob","Replay:Baseball","Sundial","Thread and Needle","PageOfBlackSwan","HonorFeather","Gaze_r","LaetitiaHeart","PageOfScorchedGirl","Replay:Mystery Machine","NeowsBlessing","ReplayTheSpireMod:Ring of Challenge","Ring of Panic","Philosopher\u0027s Stone","TungstenRod","Onion Ring","NeowsBlessing"],"acts_visited":["Exordium","TheCity","TheBeyond"],"potions_floor_usage":[10,51],"damage_taken":[{"damage":2,"enemies":"2 Louse","floor":1,"turns":1},{"damage":0,"enemies":"Small Slimes","floor":4,"turns":1},{"damage":6,"enemies":"3 Sentries","floor":10,"turns":1},{"damage":6,"enemies":"Slime Boss","floor":16,"turns":1},{"damage":6,"enemies":"Shell Parasite","floor":18,"turns":1},{"damage":6,"enemies":"Shell Parasite","floor":18,"turns":1},{"damage":0,"enemies":"Automaton","floor":33,"turns":1},{"damage":0,"enemies":"Orb Walker","floor":35,"turns":1},{"damage":0,"enemies":"R_Hoarder","floor":42,"turns":1},{"damage":1,"enemies":"3 Shapes","floor":47,"turns":2},{"damage":0,"enemies":"Time Eater","floor":50,"turns":1},{"damage":0,"enemies":"Time Eater","floor":51,"turns":2}],"seed_played":"-8977677886302413508","potions_obtained":[{"floor":4,"key":"Block Potion"},{"floor":16,"key":"Strength Potion"},{"floor":33,"key":"FearPotion"}],"is_trial":true,"path_per_floor":["M","WH","?","M","?","R","R","R","T","E","R","R","R","T","R","B",null,"M","$","WH","WH","WH","R","R","R","T","WH","?","WH","R","?","R","B",null,"M","$","?","WH","?","R","R","E","T","R","WH","R","M","WH","R","B",null,null],"character_chosen":"Librarian","items_purchased":["PageOfScorchedGirl"],"campfire_rested":0,"item_purchase_floors":[19],"current_hp_per_floor":[58,58,58,58,47,47,47,47,47,41,41,41,41,41,41,38,79,73,73,73,73,73,79,79,79,79,72,59,59,77,77,77,77,91,91,91,91,91,86,86,86,86,86,86,94,94,93,93,94,94,94],"gold":179,"neow_bonus":"THREE_ENEMY_KILL","is_daily":false,"chose_seed":false,"campfire_upgraded":16,"win_rate":0.0,"timestamp":1614441625,"path_taken":["M","WH","?","M","?","R","R","R","T","E","R","R","R","?","R","BOSS","M","$","WH","WH","WH","R","R","R","T","WH","?","WH","R","?","R","BOSS","M","$","?","WH","?","R","R","E","T","R","WH","R","?","WH","R","BOSS"],"items_purchased_type":["Relic"],"build_version":"2020-12-22","purchased_purges":1,"victory":true,"max_hp_per_floor":[79,79,79,79,79,79,79,79,79,79,79,79,79,79,79,79,79,79,79,79,79,79,79,79,79,79,72,77,77,77,77,77,91,91,91,91,91,91,86,86,86,86,86,86,94,94,94,94,94,94,94],"card_choices":[{"not_picked":["SnakesPrey","UpbeatPerformance","HighSpeedStabbing"],"picked":"SpearedSweep","floor":1},{"not_picked":["Collision","WaitUp","StructuralAnalysis"],"picked":"PreemptiveStrike","floor":4},{"not_picked":["TheWillOfTheCity","RepressedFlesh","FervidEmotions","Quickness"],"picked":"SKIP","floor":10},{"not_picked":["ChargeUp","EnergyBeam"],"picked":"Transpierce","floor":16},{"not_picked":["DaringDecision","Decapitation"],"picked":"FlamingDragonFist","floor":33},{"not_picked":["Quickness","Parry+1","Multislash"],"picked":"OminousPower+1","floor":35},{"not_picked":["DesperateStruggle","EndlessBattle","SnakesPrey"],"picked":"PreemptiveStrike+1","floor":42},{"not_picked":["ViolentFlame","UpbeatPerformance","DarkCloud+1","Transpierce"],"picked":"SKIP","floor":47}],"player_experience":68035,"relics_obtained":[{"floor":1,"key":"LetterFromLob"},{"floor":9,"key":"Replay:Baseball"},{"floor":10,"key":"Sundial"},{"floor":14,"key":"Thread and Needle"},{"floor":26,"key":"Replay:Mystery Machine"},{"floor":31,"key":"ReplayTheSpireMod:Ring of Challenge"},{"floor":31,"key":"Ring of Panic"},{"floor":42,"key":"TungstenRod"},{"floor":43,"key":"Onion Ring"}],"event_choices":[{"damage_healed":0,"gold_gain":0,"player_choice":"Ignored","damage_taken":0,"max_hp_gain":0,"max_hp_loss":0,"event_name":"Liars Game","floor":3,"gold_loss":0},{"damage_healed":0,"gold_gain":75,"player_choice":"Gather Gold","damage_taken":11,"max_hp_gain":0,"max_hp_loss":0,"event_name":"World of Goop","floor":5,"gold_loss":0},{"damage_healed":0,"gold_gain":0,"player_choice":"Shed Blood","damage_taken":18,"max_hp_gain":5,"max_hp_loss":0,"event_name":"Forgotten Altar","floor":28,"gold_loss":0},{"damage_healed":0,"gold_gain":0,"player_choice":"Memory 1","damage_taken":0,"max_hp_gain":0,"max_hp_loss":0,"event_name":"SensoryStone","floor":37,"gold_loss":0},{"damage_healed":0,"gold_gain":0,"player_choice":"Max HP","damage_taken":0,"max_hp_gain":0,"max_hp_loss":5,"event_name":"Winding Halls","floor":39,"gold_loss":0}],"is_beta":false,"boss_relics":[{"not_picked":["Fusion Hammer","Replay:Fungal Core"],"picked":"PageOfBlackSwan"},{"not_picked":["Replay:Grab Bag","ChewingGum"],"picked":"Philosopher\u0027s Stone"}],"items_purged_floors":[36],"is_endless":false,"potions_floor_spawned":[4,16,18,33],"ascension_level":0}}