{"host":"z8uivwf40jrpk7h3","time":1614430741,"event":{"mods":["BaseMod","Minty Spire (QoL Compilation)","Replay The Spire","StSLib","[IsaacMod]ÒÔÈö¼âËþ"],"gold_per_floor":[119,119,126,76,87,87,12,41,66,120,134,152,215,16,16,131,131,477,219,253,266,291,291,322,322,348,348,378,378,406,406,406,498,498],"floor_reached":33,"language":"ZHS","playtime":1547,"items_purged":["Defend_G","Strike_G","Strike_G"],"score":924,"play_id":"389915c8-68ba-485e-a0be-0a958b3c1978","local_time":"20210227205901","is_ascension_mode":true,"campfire_choices":[{"data":"Neutralize","floor":6.0,"key":"SMITH"},{"data":"Cloak And Dagger","floor":15.0,"key":"SMITH"},{"data":"Cloak And Dagger","floor":23,"key":"SMITH"},{"data":"Adrenaline","floor":25,"key":"SMITH"},{"data":"After Image","floor":29,"key":"SMITH"},{"data":"ReplayTheSpireMod:Necrosis","floor":32,"key":"PURGE"}],"circlet_count":0,"master_deck":["Strike_G","Defend_G+1","Defend_G","Survivor+1","Neutralize+1","Dash","Footwork","Cloak And Dagger+1","After Image+1","Adrenaline+1","Acrobatics","Cloak And Dagger+1","Dash"],"relics":["Ring of the Snake","HushsDoor","NeowsBlessing","SalivaCoin","Quantum Egg","War Paint","ReplayTheSpireMod:Lightbulb","Orichalcum","TheBean","ReplayTheSpireMod:TigerMarble","ChampionBelt","GuppysCollar","DeathBook","Replay:Baseball","Blue Doll","GnawedLeaf","ReplayTheSpireMod:Shallot","Toy Ornithopter","Singing Bowl","Prayer Wheel","Tiny Chest","Nunchaku","Vampiric Spirits","Happy Flower"],"acts_visited":["Exordium","TheCity"],"potions_floor_usage":[33,33],"damage_taken":[{"damage":0.0,"enemies":"Cultist","floor":1.0,"turns":1.0},{"damage":0.0,"enemies":"Jaw Worm","floor":5.0,"turns":1.0},{"damage":0.0,"enemies":"Gremlin Nob","floor":8.0,"turns":1.0},{"damage":17.0,"enemies":"3 Sentries","floor":10.0,"turns":10.0},{"damage":0.0,"enemies":"2 Louse","floor":11.0,"turns":2.0},{"damage":2.0,"enemies":"2 Fungi Beasts","floor":12.0,"turns":4.0},{"damage":6.0,"enemies":"Lagavulin","floor":13.0,"turns":10.0},{"damage":7.0,"enemies":"Hexaghost","floor":16.0,"turns":12.0},{"damage":1.0,"enemies":"3 Byrds","floor":18.0,"turns":7.0},{"damage":0.0,"enemies":"Book of Stabbing","floor":20.0,"turns":7.0},{"damage":0,"enemies":"Shell Parasite","floor":21,"turns":5},{"damage":0,"enemies":"Slavers","floor":24,"turns":9},{"damage":0,"enemies":"Gremlin Leader","floor":28,"turns":4},{"damage":0,"enemies":"Replay:Snechameleon","floor":30,"turns":6},{"damage":63,"enemies":"Champ","floor":33,"turns":15}],"seed_played":"-6595695674081667712","potions_obtained":[{"floor":1.0,"key":"DuplicationPotion"},{"floor":10.0,"key":"Milkshake"},{"floor":13.0,"key":"Milkshake"},{"floor":16.0,"key":"Languid Potion"},{"floor":18.0,"key":"Explosive Potion"},{"floor":18.0,"key":"Block Potion"},{"floor":20.0,"key":"Adrenaline Potion"}],"is_trial":false,"path_per_floor":["M","T","?","?","M","R","$","E","T","E","M","M","E","$","R","B",null,"M","$","M","M","?","R","E","R","T","?","M","R","M","?","R","B"],"character_chosen":"THE_SILENT","items_purchased":["ReplayTheSpireMod:TigerMarble","Cloak And Dagger","GuppysCollar","DeathBook","Adrenaline","GhostInAJar","Toy Ornithopter"],"campfire_rested":0,"item_purchase_floors":[14,14,17,17,17,17,19],"current_hp_per_floor":[70,70,63,63,63,63,63,63,63,46,46,44,38,38,38,31,33,1,1,6,8,3,3,5,5,5,5,7,7,16,16,16,0,0],"gold":498,"neow_bonus":"THREE_ENEMY_KILL","is_daily":false,"chose_seed":false,"campfire_upgraded":5,"win_rate":0.0,"timestamp":1614430741,"path_taken":["M","?","?","?","M","R","$","E","T","E","M","?","E","$","R","BOSS","M","$","M","M","?","R","E","R","T","?","M","R","?","?","R","BOSS"],"items_purchased_type":["Relic","Card","Relic","Relic","Card","Potion","Relic"],"build_version":"2020-12-22","purchased_purges":3,"victory":false,"max_hp_per_floor":[70,70,70,70,70,70,70,70,70,70,70,70,70,70,70,70,34,34,34,34,36,38,38,40,40,40,40,42,42,44,44,44,44,44],"card_choices":[{"not_picked":[],"picked":"SuicideKing","floor":0.0},{"not_picked":["Crippling Poison","Noxious Fumes","Acrobatics"],"picked":"SKIP","floor":1.0},{"not_picked":["Leg Sweep","Heel Hook","Blade Dance"],"picked":"SKIP","floor":5.0},{"not_picked":["Skewer","ReplayTheSpireMod:Necrosis"],"picked":"Dash","floor":8.0},{"not_picked":["Predator","Calculated Gamble"],"picked":"Footwork","floor":10.0},{"not_picked":["Deflect","Outmaneuver"],"picked":"Bomb","floor":11.0},{"not_picked":["Replay:Poison Smokescreen","Deflect","Underhanded Strike"],"picked":"SKIP","floor":12.0},{"not_picked":["Hidden Blade","Blur","Quick Slash"],"picked":"SKIP","floor":13.0},{"not_picked":["Storm of Steel","Replay:Bag of Tricks"],"picked":"After Image","floor":16.0},{"not_picked":["Flying Knee","Prepared"],"picked":"Acrobatics","floor":18.0},{"not_picked":["Sucker Punch","ReplayTheSpireMod:Shiv Toss","Deadly Poison"],"picked":"SKIP","floor":18.0},{"not_picked":["Deflect","Outmaneuver"],"picked":"Cloak And Dagger","floor":20.0},{"not_picked":["Flechettes","Calculated Gamble","Outmaneuver"],"picked":"Singing Bowl","floor":21},{"not_picked":["ReplayTheSpireMod:Tripwire","Cloak And Dagger","Quick Slash"],"picked":"Singing Bowl","floor":22},{"not_picked":["Flying Knee","Infinite Blades+1","Crippling Poison"],"picked":"Singing Bowl","floor":24},{"not_picked":["Blade Dance","Backflip","Corpse Explosion"],"picked":"Singing Bowl","floor":28},{"not_picked":["Dodge and Roll","Hidden Blade+1","Dash"],"picked":"Singing Bowl","floor":30}],"player_experience":119833,"relics_obtained":[{"floor":2.0,"key":"Quantum Egg"},{"floor":8.0,"key":"War Paint"},{"floor":9.0,"key":"ReplayTheSpireMod:Lightbulb"},{"floor":10.0,"key":"Orichalcum"},{"floor":13.0,"key":"TheBean"},{"floor":18.0,"key":"Replay:Baseball"},{"floor":18.0,"key":"Blue Doll"},{"floor":18.0,"key":"GnawedLeaf"},{"floor":18.0,"key":"ReplayTheSpireMod:Shallot"},{"floor":20.0,"key":"Singing Bowl"},{"floor":22,"key":"Prayer Wheel"},{"floor":24,"key":"Tiny Chest"},{"floor":26,"key":"Nunchaku"},{"floor":28,"key":"Vampiric Spirits"},{"floor":30,"key":"Happy Flower"}],"event_choices":[{"cards_removed":["Strike_G"],"damage_healed":0.0,"max_hp_gain":0.0,"max_hp_loss":0.0,"gold_gain":0.0,"event_name":"Golden Wing","player_choice":"Card Removal","floor":3.0,"gold_loss":0.0,"damage_taken":7.0},{"cards_removed":["Defend_G"],"damage_healed":0.0,"max_hp_gain":0.0,"max_hp_loss":0.0,"gold_gain":0.0,"event_name":"The Cleric","player_choice":"Card Removal","floor":4.0,"gold_loss":50.0,"damage_taken":0.0},{"damage_healed":0,"gold_gain":0,"cards_transformed":["Strike_G","Defend_G"],"player_choice":"Became Test Subject","damage_taken":0,"max_hp_gain":0,"max_hp_loss":0,"event_name":"Drug Dealer","floor":31,"gold_loss":0,"cards_obtained":["ReplayTheSpireMod:Necrosis","Dash"]}],"is_beta":false,"boss_relics":[{"not_picked":["HoveringKite","Cursed Key"],"picked":"ChampionBelt"},{"not_picked":[]}],"items_purged_floors":[7,17,19],"is_endless":false,"potions_floor_spawned":[1,10,13,16,20,24],"killed_by":"Champ","ascension_level":20}}