{"host":"cijwx898anu8dehj","time":1614432414,"event":{"mods":["AchievementEnabler","AlwaysNeverKeys","BaseMod","Colored Map","Colored Powertips","Highlight Path","Minty Spire (QoL Compilation)","Rare Cards Sparkle","Relic Stats","Slay-I"],"gold_per_floor":[144,144,189,234,279,279,369,369,394,484,484,493,315,369,369,687,687,741,741,795,795,849,849,241,241,250,340,255,345,654,708,708,1026,1026,1080,1134,433,442,142,142,142,151,185,239,293,383,437,12,12,21],"floor_reached":51,"language":"ENG","playtime":3777,"items_purged":["Strike_B","Writhe","Regret","Regret","Regret"],"score":1023,"play_id":"51fac334-8493-4414-9e52-6d8d783b5be2","local_time":"20210227102654","daily_mods":["Cursed Run","Diverse","Midas"],"is_ascension_mode":false,"campfire_choices":[{"floor":6.0,"key":"REST"},{"floor":8.0,"key":"REST"},{"floor":15.0,"key":"REST"},{"floor":23,"key":"REST"},{"floor":25,"key":"REST"},{"floor":32,"key":"REST"},{"floor":40,"key":"REST"},{"floor":49,"key":"DIG"}],"circlet_count":0,"master_deck":["Strike_B+1","Strike_B+1","Defend_B+1","Defend_B+1","Defend_B+1","Defend_B+1","Zap+1","Dualcast","Infernal Blade","Glacier","Protect","Cold Snap","Wallop+1","Writhe","Swift Strike","Iron Wave","Blur","Uppercut","Double Tap","CarveReality","Melter","Wallop","Armaments","The Bomb","Ghostly Armor+1","Tempest","Wraith Form v2","Whirlwind+1","Cold Snap+1","Apotheosis","Parasite","Wallop+1","Dash+1","Omniscience","Hologram+1","Writhe"],"relics":["Cursed Key","Darkstone Periapt","Du-Vu Doll","Matryoshka","CeramicFish","Blood Vial","Ancient Tea Set","Velvet Choker","Nilry\u0027s Codex","DataDisk","Toolbox","Tiny Chest","StrikeDummy","Sundial","Lizard Tail","Potion Belt","TungstenRod","Cables","Runic Pyramid","ClockworkSouvenir","HornCleat","Symbiotic Virus","Anchor","Centennial Puzzle","Shovel","Letter Opener","Gambling Chip"],"acts_visited":["Exordium","TheCity","TheBeyond"],"potions_floor_usage":[22,30,50,50,50],"damage_taken":[{"damage":0.0,"enemies":"Small Slimes","floor":1.0,"turns":4.0},{"damage":0.0,"enemies":"Cultist","floor":3.0,"turns":3.0},{"damage":1.0,"enemies":"2 Louse","floor":4.0,"turns":2.0},{"damage":1.0,"enemies":"Large Slime","floor":5.0,"turns":5.0},{"damage":9.0,"enemies":"3 Sentries","floor":7.0,"turns":10.0},{"damage":23.0,"enemies":"Gremlin Nob","floor":10.0,"turns":5.0},{"damage":0.0,"enemies":"Exordium Thugs","floor":14.0,"turns":4.0},{"damage":0.0,"enemies":"The Guardian","floor":16.0,"turns":11.0},{"damage":0.0,"enemies":"Spheric Guardian","floor":18.0,"turns":5.0},{"damage":16,"enemies":"Shell Parasite","floor":20,"turns":5},{"damage":12,"enemies":"Centurion and Healer","floor":22,"turns":4},{"damage":0,"enemies":"Book of Stabbing","floor":27,"turns":5},{"damage":15,"enemies":"Gremlin Leader","floor":29,"turns":8},{"damage":3,"enemies":"Colosseum Slavers","floor":30,"turns":5},{"damage":2,"enemies":"Colosseum Nobs","floor":30,"turns":6},{"damage":0,"enemies":"3 Cultists","floor":31,"turns":4},{"damage":21,"enemies":"Collector","floor":33,"turns":8},{"damage":8,"enemies":"3 Darklings","floor":35,"turns":6},{"damage":3,"enemies":"3 Shapes","floor":36,"turns":4},{"damage":2,"enemies":"3 Darklings","floor":44,"turns":5},{"damage":0,"enemies":"Sphere and 2 Shapes","floor":45,"turns":3},{"damage":0,"enemies":"Reptomancer","floor":46,"turns":6},{"damage":0,"enemies":"Transient","floor":47,"turns":5},{"damage":0,"enemies":"Awakened One","floor":50,"turns":10}],"seed_played":"-2463471341485849212","potions_obtained":[{"floor":1.0,"key":"BlessingOfTheForge"},{"floor":4.0,"key":"LiquidBronze"},{"floor":5.0,"key":"SpeedPotion"},{"floor":18.0,"key":"FearPotion"},{"floor":20,"key":"FearPotion"},{"floor":30,"key":"FocusPotion"},{"floor":31,"key":"SpeedPotion"},{"floor":35,"key":"Energy Potion"},{"floor":36,"key":"PowerPotion"},{"floor":45,"key":"Block Potion"}],"is_trial":false,"path_per_floor":["M","?","M","M","M","R","E","R","T","E","?","?","$","M","R","B",null,"M","?","M","?","M","R","$","R","T","E","?","E","?","M","R","B",null,"M","M","$","T","$","R","$","?","T","M","M","E","M","$","R","B",null],"character_chosen":"DEFECT","items_purchased":["Iron Wave","Blur","DataDisk","Toolbox","Armaments","The Bomb","ClockworkSouvenir","Apotheosis","HornCleat","Anchor","Letter Opener"],"campfire_rested":7,"item_purchase_floors":[13,13,24,24,24,24,37,37,37,39,48],"current_hp_per_floor":[75,75,75,74,73,75,66,75,81,58,42,42,42,44,68,76,87,87,71,57,57,47,73,73,87,93,93,93,78,77,79,93,78,99,91,90,90,96,96,105,105,105,111,109,111,111,111,111,111,117],"gold":21,"neow_bonus":"","is_daily":true,"chose_seed":false,"campfire_upgraded":0,"win_rate":0.0,"timestamp":1614432414,"path_taken":["M","?","M","M","M","R","E","R","T","E","?","?","$","?","R","BOSS","M","?","M","?","M","R","$","R","T","E","?","E","?","?","R","BOSS","M","M","$","?","$","R","$","?","T","M","M","E","?","?","R","BOSS"],"items_purchased_type":["Card","Card","Relic","Relic","Card","Card","Relic","Card","Relic","Relic","Relic"],"build_version":"2020-12-22","purchased_purges":5,"victory":true,"max_hp_per_floor":[75,75,75,75,75,75,75,75,81,81,81,81,81,81,81,87,87,87,87,87,87,87,87,87,87,93,93,93,93,93,93,93,99,99,99,99,99,105,105,105,105,105,111,111,111,111,111,111,111,117],"relic_stats":{"Darkstone Periapt":42,"counters":[24,133],"CeramicFish":234,"Letter Opener":[30],"Cursed Key":4,"Cables":[45,15,12,18,0],"Blood Vial":18,"Lizard Tail":0,"Centennial Puzzle":[3],"Shovel":1,"Sundial":[2],"Gambling Chip":[2],"Tiny Chest":1,"obtain_stats":[{"Darkstone Periapt":0,"Nilry\u0027s Codex":19,"CeramicFish":9,"Cursed Key":0,"Ancient Tea Set":10,"ClockworkSouvenir":37,"Blood Vial":9,"Lizard Tail":28,"Centennial Puzzle":43,"Matryoshka":7,"HornCleat":37,"Shovel":46,"Sundial":27,"Gambling Chip":49,"Toolbox":24,"Tiny Chest":26,"Runic Pyramid":34,"Potion Belt":29,"Velvet Choker":17,"Letter Opener":48,"Cables":30,"Du-Vu Doll":0,"DataDisk":24,"Anchor":39,"StrikeDummy":26,"Symbiotic Virus":38,"TungstenRod":30},{"Darkstone Periapt":0,"Nilry\u0027s Codex":9,"CeramicFish":5,"Cursed Key":0,"Ancient Tea Set":6,"ClockworkSouvenir":19,"Blood Vial":5,"Lizard Tail":12,"Centennial Puzzle":19,"Matryoshka":5,"HornCleat":19,"Shovel":22,"Sundial":12,"Gambling Chip":23,"Toolbox":11,"Tiny Chest":11,"Runic Pyramid":17,"Potion Belt":13,"Velvet Choker":8,"Letter Opener":23,"Cables":15,"Du-Vu Doll":0,"DataDisk":11,"Anchor":19,"StrikeDummy":11,"Symbiotic Virus":19,"TungstenRod":15},{"Darkstone Periapt":0,"Nilry\u0027s Codex":49,"CeramicFish":24,"Cursed Key":0,"Ancient Tea Set":29,"ClockworkSouvenir":104,"Blood Vial":24,"Lizard Tail":63,"Centennial Puzzle":104,"Matryoshka":24,"HornCleat":104,"Shovel":118,"Sundial":63,"Gambling Chip":123,"Toolbox":58,"Tiny Chest":58,"Runic Pyramid":94,"Potion Belt":71,"Velvet Choker":44,"Letter Opener":123,"Cables":82,"Du-Vu Doll":0,"DataDisk":58,"Anchor":104,"StrikeDummy":58,"Symbiotic Virus":104,"TungstenRod":82}],"TungstenRod":11},"card_choices":[{"not_picked":["Slice","Catalyst"],"picked":"Infernal Blade","floor":1.0},{"not_picked":["PathToVictory","Poisoned Stab"],"picked":"Glacier","floor":3.0},{"not_picked":["EmptyFist","Skewer"],"picked":"Protect","floor":4.0},{"not_picked":["Footwork","Consecrate"],"picked":"Cold Snap","floor":5.0},{"not_picked":["A Thousand Cuts","Disarm"],"picked":"Wallop","floor":7.0},{"not_picked":["Barrage","Indignation","Hologram"],"picked":"SKIP","floor":10.0},{"not_picked":["Thunderclap","Blood for Blood"],"picked":"Uppercut","floor":14.0},{"not_picked":["Thunder Strike","Night Terror"],"picked":"Double Tap","floor":16.0},{"not_picked":["Aggregate","Study"],"picked":"CarveReality","floor":18.0},{"not_picked":["DeceiveReality","Headbutt"],"picked":"Melter","floor":20},{"not_picked":["BowlingBash","Bloodletting"],"picked":"Wallop","floor":22},{"not_picked":["Steam Power+1","Flying Knee","Heavy Blade"],"picked":"SKIP","floor":27},{"not_picked":["Double Energy+1","Perfected Strike","Slice+1"],"picked":"SKIP","floor":29},{"not_picked":["Halt","Beam Cell+1"],"picked":"Ghostly Armor+1","floor":30},{"not_picked":["Pummel","Go for the Eyes"],"picked":"Tempest","floor":31},{"not_picked":["Judgement","Thunder Strike"],"picked":"Wraith Form v2","floor":33},{"not_picked":["Flying Knee","Cleave+1"],"picked":"Whirlwind+1","floor":35},{"not_picked":["Fasting2+1","Stack+1"],"picked":"Cold Snap+1","floor":36},{"not_picked":["Sweeping Beam","Darkness+1"],"picked":"Dash+1","floor":44},{"not_picked":["Go for the Eyes","EmptyBody+1"],"picked":"Omniscience","floor":45},{"not_picked":["Steam","Skewer","Halt+1"],"picked":"SKIP","floor":46},{"not_picked":["Dodge and Roll+1","Undo+1"],"picked":"Hologram+1","floor":47}],"player_experience":1189305,"relics_obtained":[{"floor":7.0,"key":"Matryoshka"},{"floor":9.0,"key":"CeramicFish"},{"floor":9.0,"key":"Blood Vial"},{"floor":10.0,"key":"Ancient Tea Set"},{"floor":19.0,"key":"Nilry\u0027s Codex"},{"floor":26,"key":"Tiny Chest"},{"floor":26,"key":"StrikeDummy"},{"floor":27,"key":"Sundial"},{"floor":29,"key":"Potion Belt"},{"floor":30,"key":"TungstenRod"},{"floor":30,"key":"Cables"},{"floor":38,"key":"Symbiotic Virus"},{"floor":43,"key":"Centennial Puzzle"},{"floor":46,"key":"Shovel"},{"floor":49,"key":"Gambling Chip"}],"event_choices":[{"cards_removed":["Strike_B"],"damage_healed":0.0,"max_hp_gain":0.0,"max_hp_loss":0.0,"gold_gain":0.0,"event_name":"Living Wall","player_choice":"Forget","floor":2.0,"gold_loss":0.0,"damage_taken":0.0},{"damage_healed":0.0,"max_hp_gain":0.0,"max_hp_loss":0.0,"gold_gain":0.0,"event_name":"Shining Light","player_choice":"Entered Light","floor":11.0,"gold_loss":0.0,"damage_taken":16.0,"cards_upgraded":["Zap","Wallop"]},{"damage_healed":0.0,"max_hp_gain":0.0,"max_hp_loss":0.0,"gold_gain":0.0,"event_name":"Match and Keep!","player_choice":"1 cards matched","floor":12.0,"gold_loss":0.0,"damage_taken":0.0,"cards_obtained":["Swift Strike"]},{"damage_healed":0.0,"max_hp_gain":0.0,"max_hp_loss":0.0,"gold_gain":0.0,"event_name":"Cursed Tome","player_choice":"Obtained Book","floor":19.0,"gold_loss":0.0,"damage_taken":16.0},{"damage_healed":0,"gold_gain":0,"player_choice":"Simplicity","damage_taken":0,"max_hp_gain":0,"max_hp_loss":0,"event_name":"Back to Basics","floor":21,"gold_loss":0,"cards_upgraded":["Strike_B","Strike_B","Defend_B","Defend_B","Defend_B","Defend_B"]},{"damage_healed":0,"gold_gain":0,"player_choice":"Obtained Relic","damage_taken":0,"relics_obtained":["Lizard Tail"],"max_hp_gain":0,"max_hp_loss":0,"event_name":"Addict","floor":28,"gold_loss":85},{"damage_healed":0,"gold_gain":0,"player_choice":"Fight","damage_taken":0,"max_hp_gain":0,"max_hp_loss":0,"event_name":"Colosseum","floor":30,"gold_loss":0},{"damage_healed":0,"gold_gain":0,"player_choice":"Fought Nobs","damage_taken":0,"max_hp_gain":0,"max_hp_loss":0,"event_name":"Colosseum","floor":30,"gold_loss":0},{"damage_healed":0,"gold_gain":0,"player_choice":"Copied","damage_taken":0,"max_hp_gain":0,"max_hp_loss":0,"event_name":"Duplicator","floor":42,"gold_loss":0,"cards_obtained":["Wallop"]}],"is_beta":false,"boss_relics":[{"not_picked":["Coffee Dripper","Runic Dome"],"picked":"Velvet Choker"},{"not_picked":["Black Star","Busted Crown"],"picked":"Runic Pyramid"}],"items_purged_floors":[13,24,37,39,48],"is_endless":false,"potions_floor_spawned":[1,4,5,18,20,30,30,31,35,36,45,47],"ascension_level":0}}