{"host":"92108ef2q9tm8rod","time":1614384726,"event":{"mods":["BaseMod","Defuse TimeMaze Blight","Minty Spire (QoL Compilation)","StSLib","The Jungle"],"gold_per_floor":[111,111,124,142,157,187,221,221,244,244,276,276,305,19,19,116,116,132,132,252,30,180,212,240,240,240,269,269,269,111,125,125,230,230,242,242,260,277,293,293,322,352,387,396,406,356,366,378,378,378],"floor_reached":51,"language":"ENG","playtime":4181,"items_purged":["WreathOfFlame+1","Pain"],"score":916,"play_id":"6f871397-0c1f-4ca1-87af-6100f0b20961","local_time":"20210227001206","daily_mods":["SealedDeck","Colorless Cards","Heirloom","Flight"],"is_ascension_mode":false,"campfire_choices":[{"floor":8.0,"key":"REST"},{"floor":10.0,"key":"REST"},{"data":"Establishment","floor":12.0,"key":"SMITH"},{"data":"Blind","floor":15.0,"key":"SMITH"},{"data":"Finesse","floor":25,"key":"SMITH"},{"data":"JustLucky","floor":28,"key":"SMITH"},{"data":"WindmillStrike","floor":29,"key":"SMITH"},{"data":"FollowUp","floor":32,"key":"SMITH"},{"data":"Deep Breath","floor":40,"key":"SMITH"},{"data":"Swift Strike","floor":49,"key":"SMITH"}],"circlet_count":0,"master_deck":["BowlingBash+1","BowlingBash+1","FollowUp+1","Deep Breath+1","JustLucky+1","ThirdEye","Protect","Swift Strike+1","Blind+1","Prostrate+1","Establishment+1","WindmillStrike+1","Prostrate+1","Finesse+1","Panacea","Finesse+1"],"relics":["PureWater","Bird Faced Urn","Gremlin Horn","Whetstone","Art of War","Dream Catcher","Nunchaku","GoldenEye","Black Star","Membership Card","War Paint","Eternal Feather","Ginger","Akabeko","Bag of Marbles","Singing Bowl","Incense Burner","Bottled Flame","Yang","Cursed Key","InkBottle","Toy Ornithopter","CeramicFish","Mango","Vajra"],"acts_visited":["Exordium","Exordium","TheBeyond"],"potions_floor_usage":[33,50,50,50],"damage_taken":[{"damage":0.0,"enemies":"Small Slimes","floor":1.0,"turns":2.0},{"damage":5.0,"enemies":"2 Louse","floor":3.0,"turns":2.0},{"damage":9.0,"enemies":"Jaw Worm","floor":4.0,"turns":3.0},{"damage":0.0,"enemies":"Gremlin Gang","floor":5.0,"turns":4.0},{"damage":33.0,"enemies":"Gremlin Nob","floor":6.0,"turns":6.0},{"damage":3.0,"enemies":"3 Sentries","floor":7.0,"turns":6.0},{"damage":2.0,"enemies":"Lagavulin","floor":11.0,"turns":8.0},{"damage":7.0,"enemies":"Gremlin Nob","floor":13.0,"turns":4.0},{"damage":2.0,"enemies":"Slime Boss","floor":16.0,"turns":9.0},{"damage":0.0,"enemies":"theJungle:MUSHROOMGANG","floor":18.0,"turns":4.0},{"damage":0,"enemies":"theJungle:MamaSnecko","floor":23,"turns":3},{"damage":7,"enemies":"theJungle:2_Phrogs","floor":24,"turns":5},{"damage":0,"enemies":"theJungle:MamaSnecko","floor":27,"turns":3},{"damage":1,"enemies":"theJungle:Flameango_and_Byrd","floor":31,"turns":3},{"damage":8,"enemies":"theJungle:FunGuy","floor":33,"turns":8},{"damage":0,"enemies":"3 Shapes","floor":35,"turns":4},{"damage":2,"enemies":"3 Darklings","floor":37,"turns":3},{"damage":0,"enemies":"Jaw Worm Horde","floor":38,"turns":4},{"damage":19,"enemies":"Spire Growth","floor":39,"turns":5},{"damage":3,"enemies":"Reptomancer","floor":41,"turns":6},{"damage":0,"enemies":"Giant Head","floor":42,"turns":6},{"damage":6,"enemies":"Sphere and 2 Shapes","floor":45,"turns":4},{"damage":0,"enemies":"Writhing Mass","floor":47,"turns":4},{"damage":0,"enemies":"4 Shapes","floor":48,"turns":3},{"damage":11,"enemies":"Donu and Deca","floor":50,"turns":8}],"seed_played":"-7823398776037542216","potions_obtained":[{"floor":1.0,"key":"SteroidPotion"},{"floor":4.0,"key":"Block Potion"},{"floor":5.0,"key":"SteroidPotion"},{"floor":24,"key":"ColorlessPotion"},{"floor":31,"key":"SpeedPotion"},{"floor":35,"key":"SpeedPotion"},{"floor":38,"key":"SpeedPotion"},{"floor":45,"key":"Ancient Potion"}],"is_trial":true,"path_per_floor":["M","?","M","M","M","E","E","R","T","R","E","R","E","$","R","B",null,"M","?","?","$","?","E","E","R","T","E","R","R","$","M","R","B",null,"M","$","M","M","M","R","E","E","T","?","M","$","M","M","R","B",null],"character_chosen":"WATCHER","items_purchased":["GoldenEye","Membership Card","War Paint","Yang"],"campfire_rested":2,"item_purchase_floors":[14,21,21,30],"current_hp_per_floor":[72,72,67,58,58,25,22,43,43,64,64,64,59,59,59,59,72,72,72,62,62,62,64,59,68,68,72,74,74,74,75,76,70,78,80,80,80,84,65,74,75,93,93,93,91,91,95,99,108,97],"gold":378,"neow_bonus":"","is_daily":false,"chose_seed":false,"campfire_upgraded":8,"win_rate":0.0,"timestamp":1614384726,"path_taken":["M","?","M","M","M","E","E","R","T","R","E","R","E","$","R","BOSS","M","?","?","$","?","E","E","R","T","E","R","R","$","M","R","BOSS","M","$","M","M","?","R","E","E","T","?","M","$","M","M","R","BOSS"],"items_purchased_type":["Relic","Relic","Relic","Relic"],"build_version":"2020-12-22","purchased_purges":2,"victory":true,"max_hp_per_floor":[72,72,72,72,72,72,72,72,72,72,72,72,72,72,72,72,72,72,72,72,72,72,72,72,72,72,74,74,74,74,76,76,78,78,80,80,82,84,84,84,86,102,102,102,104,104,106,108,108,108],"card_choices":[{"not_picked":["JustLucky","Mind Blast","EmptyFist"],"picked":"SKIP","floor":1.0},{"not_picked":["Halt","Forethought","FlurryOfBlows"],"picked":"SKIP","floor":3.0},{"not_picked":["FollowUp","Protect","Sanctity"],"picked":"SKIP","floor":4.0},{"not_picked":["Good Instincts","ThirdEye","CrushJoints"],"picked":"SKIP","floor":5.0},{"not_picked":["Good Instincts","Halt"],"picked":"Prostrate","floor":6.0},{"not_picked":["EmptyFist","ClearTheMind"],"picked":"Establishment","floor":7.0},{"not_picked":["SashWhip","WreathOfFlame"],"picked":"WindmillStrike","floor":11.0},{"not_picked":["Impatience","Pray","Crescendo"],"picked":"SKIP","floor":13.0},{"not_picked":["Forethought","FlurryOfBlows"],"picked":"Prostrate+1","floor":18.0},{"not_picked":["Impatience","ThirdEye","Prostrate"],"picked":"SKIP","floor":23},{"not_picked":["Panacea","Consecrate"],"picked":"Finesse","floor":24},{"not_picked":["Consecrate","Enlightenment","Establishment"],"picked":"Singing Bowl","floor":27},{"not_picked":["Purity","FlyingSleeves","Worship"],"picked":"Singing Bowl","floor":31},{"not_picked":["The Bomb","Secret Technique","Chrysalis"],"picked":"Singing Bowl","floor":33},{"not_picked":["Worship","FlurryOfBlows+1","SashWhip"],"picked":"Singing Bowl","floor":35},{"not_picked":["FlurryOfBlows","JustLucky+1","EmptyFist+1"],"picked":"Singing Bowl","floor":37},{"not_picked":["FollowUp","ForeignInfluence","InnerPeace+1"],"picked":"Singing Bowl","floor":38},{"not_picked":["FearNoEvil","WindmillStrike"],"picked":"Panacea","floor":39},{"not_picked":["FollowUp","Bandage Up","CrushJoints+1"],"picked":"Singing Bowl","floor":41},{"not_picked":["Consecrate","Protect","Ragnarok"],"picked":"Singing Bowl","floor":42},{"not_picked":["Pray","Enlightenment+1","Prostrate+1"],"picked":"Singing Bowl","floor":45},{"not_picked":["FlyingSleeves+1","Dramatic Entrance","PathToVictory"],"picked":"Singing Bowl","floor":47},{"not_picked":["CrushJoints","Meditate","Pray+1"],"picked":"Singing Bowl","floor":48}],"player_experience":3472328,"relics_obtained":[{"floor":6.0,"key":"Gremlin Horn"},{"floor":7.0,"key":"Whetstone"},{"floor":9.0,"key":"Art of War"},{"floor":11.0,"key":"Dream Catcher"},{"floor":13.0,"key":"Nunchaku"},{"floor":23,"key":"Eternal Feather"},{"floor":23,"key":"Ginger"},{"floor":24,"key":"Akabeko"},{"floor":24,"key":"Bag of Marbles"},{"floor":26,"key":"Singing Bowl"},{"floor":27,"key":"Incense Burner"},{"floor":27,"key":"Bottled Flame"},{"floor":41,"key":"InkBottle"},{"floor":41,"key":"Toy Ornithopter"},{"floor":42,"key":"CeramicFish"},{"floor":42,"key":"Mango"},{"floor":43,"key":"Vajra"}],"event_choices":[{"damage_healed":0.0,"max_hp_gain":0.0,"max_hp_loss":0.0,"gold_gain":0.0,"event_name":"Scrap Ooze","player_choice":"Fled","floor":2.0,"gold_loss":0.0,"damage_taken":0.0},{"damage_healed":0,"gold_gain":0,"player_choice":"Copied","damage_taken":0,"max_hp_gain":0,"max_hp_loss":0,"event_name":"Duplicator","floor":44,"gold_loss":0,"cards_obtained":["Finesse"]}],"is_beta":false,"boss_relics":[{"not_picked":["Velvet Choker","Sozu"],"picked":"Black Star"},{"not_picked":["Fusion Hammer","SacredBark"],"picked":"Cursed Key"}],"items_purged_floors":[30,46],"is_endless":false,"potions_floor_spawned":[1,4,5,24,31,35,38,45,47,48],"ascension_level":0}}