{"host":"9c9syrivwe4sfpe0","time":1614407621,"event":{"mods":["AchievementEnabler","BaseMod","Colored Powertips","DeckTracker","GifTheSpireLib","Highlight Path","Minty Spire (QoL Compilation)","Quick Restart","Random Character Button","StSLib","SuperFastMode"],"gold_per_floor":[109,57,57,7,17,50,50,82,94,116,128,166,178,206,218,230,337,349,380,392,404,430,442,454,495,519,557,569,581,604,616,662,674,787,799,824,216,233,253,253,253,282,282,302,302,302,302,302,205,218,218,218,218,218,51,51,51],"floor_reached":56,"language":"ENG","playtime":2194,"items_purged":[],"score":1046,"play_id":"0f3383b9-14f7-4397-a263-b30e3b26fea4","local_time":"20210227173341","is_ascension_mode":true,"campfire_choices":[{"data":"Armaments","floor":7,"key":"SMITH"},{"data":"Bash","floor":15,"key":"SMITH"},{"data":"Havoc","floor":16,"key":"SMITH"},{"floor":24,"key":"REST"},{"floor":28,"key":"RECALL"},{"floor":33,"key":"REST"},{"data":"Corruption","floor":43,"key":"SMITH"},{"data":"Mind Blast","floor":46,"key":"SMITH"},{"data":"Feel No Pain","floor":48,"key":"SMITH"},{"data":"Demon Form","floor":51,"key":"SMITH"},{"data":"Exhume","floor":54,"key":"SMITH"}],"circlet_count":0,"master_deck":["Strike_R","Strike_R","Strike_R","Strike_R","Defend_R","Bash+1","Heavy Blade","Armaments+1","Burning Pact","Pommel Strike","Heavy Blade","Clash","Havoc+1","Demon Form+1","Fiend Fire+1","Shrug It Off+1","Flex+1","Power Through","Corruption+1","Rampage","Havoc+1","Writhe","Iron Wave","Thunderclap+1","Feel No Pain+1","Flame Barrier+1","Limit Break","Searing Blow+1","Sever Soul","Mind Blast+1","Inflame+1","Exhume+1","Writhe","Flex","Clash","Forethought","Parasite","Dual Wield","Apotheosis"],"relics":["Burning Blood","NeowsBlessing","PreservedInsect","Toy Ornithopter","MawBank","Shuriken","Dead Branch","WarpedTongs","Astrolabe","Nilry\u0027s Codex","Orichalcum","Vajra","Ginger","Empty Cage","Eternal Feather","Pantograph","Mummified Hand","Ancient Tea Set"],"acts_visited":["Exordium","TheCity","TheBeyond","TheEnding"],"potions_floor_usage":[8,17,30,30,32,32,34,38,39,39,39,39,42],"damage_taken":[{"damage":0,"enemies":"2 Louse","floor":1,"turns":1},{"damage":0,"enemies":"Jaw Worm","floor":5,"turns":1},{"damage":0,"enemies":"Gremlin Nob","floor":6,"turns":1},{"damage":5,"enemies":"3 Sentries","floor":8,"turns":5},{"damage":5,"enemies":"Cultist","floor":10,"turns":4},{"damage":27,"enemies":"Lagavulin","floor":12,"turns":5},{"damage":1,"enemies":"2 Fungi Beasts","floor":14,"turns":2},{"damage":42,"enemies":"Hexaghost","floor":17,"turns":8},{"damage":37,"enemies":"Chosen","floor":19,"turns":5},{"damage":13,"enemies":"Shell Parasite","floor":22,"turns":3},{"damage":13,"enemies":"Book of Stabbing","floor":25,"turns":3},{"damage":0,"enemies":"Snecko","floor":26,"turns":2},{"damage":21,"enemies":"Snake Plant","floor":30,"turns":4},{"damage":24,"enemies":"Gremlin Leader","floor":32,"turns":2},{"damage":20,"enemies":"Champ","floor":34,"turns":7},{"damage":28,"enemies":"3 Shapes","floor":36,"turns":5},{"damage":21,"enemies":"3 Darklings","floor":38,"turns":6},{"damage":34,"enemies":"Transient","floor":39,"turns":5},{"damage":15,"enemies":"Reptomancer","floor":42,"turns":3},{"damage":0,"enemies":"Jaw Worm Horde","floor":44,"turns":4},{"damage":34,"enemies":"Writhing Mass","floor":50,"turns":3},{"damage":45,"enemies":"Donu and Deca","floor":52,"turns":6},{"damage":94,"enemies":"Shield and Spear","floor":56,"turns":3}],"seed_played":"2675113406216888239","potions_obtained":[{"floor":5,"key":"HeartOfIron"},{"floor":6,"key":"AttackPotion"},{"floor":12,"key":"BlessingOfTheForge"},{"floor":22,"key":"FearPotion"},{"floor":26,"key":"Block Potion"},{"floor":30,"key":"AttackPotion"},{"floor":31,"key":"LiquidMemories"},{"floor":31,"key":"Block Potion"},{"floor":36,"key":"Weak Potion"},{"floor":38,"key":"EntropicBrew"},{"floor":39,"key":"SkillPotion"},{"floor":44,"key":"Strength Potion"}],"is_trial":false,"path_per_floor":["M","$","?","?","M","E","R","E","T","M","$","E","?","M","R","R","B",null,"M","?","?","M","?","R","E","M","T","R","?","M","?","E","R","B",null,"M","$","M","M","M","?","E","R","M","T","R","?","R","$","M","R","B",null,"R","$","E"],"character_chosen":"IRONCLAD","items_purchased":["Armaments","Eternal Feather","Pantograph","Sever Soul","Mind Blast","Forethought","Apotheosis"],"campfire_rested":2,"item_purchase_floors":[2,37,37,37,37,49,55],"current_hp_per_floor":[78,78,78,78,80,80,80,80,80,80,80,59,59,64,64,64,33,68,37,21,21,14,14,38,31,37,37,37,37,32,32,24,48,39,70,48,48,38,30,30,50,46,67,73,73,80,80,80,80,52,73,41,70,80,80,0,0],"gold":51,"neow_bonus":"THREE_ENEMY_KILL","is_daily":false,"chose_seed":false,"campfire_upgraded":8,"win_rate":0.0,"timestamp":1614407621,"path_taken":["M","$","?","?","M","E","R","E","T","M","?","E","?","M","R","R","BOSS","M","?","?","?","?","R","E","M","T","R","?","?","?","E","R","BOSS","M","$","M","M","M","?","E","R","M","T","R","?","R","$","M","R","BOSS","R","$","E"],"items_purchased_type":["Card","Relic","Relic","Card","Card","Card","Card"],"build_version":"2020-12-22","purchased_purges":0,"victory":false,"max_hp_per_floor":[80,80,80,80,80,80,80,80,80,80,80,80,80,80,80,80,80,80,80,80,80,80,80,80,80,80,80,80,80,80,80,80,80,80,80,80,80,80,80,80,80,80,80,80,80,80,80,80,80,80,80,80,80,80,80,80,80],"card_choices":[{"not_picked":["Metallicize","True Grit"],"picked":"Heavy Blade","floor":1},{"not_picked":["Body Slam","Burning Pact","True Grit"],"picked":"SKIP","floor":5},{"not_picked":["Body Slam","True Grit"],"picked":"Burning Pact","floor":5},{"not_picked":["Headbutt","Whirlwind"],"picked":"Flex","floor":6},{"not_picked":["Havoc","Warcry"],"picked":"Pommel Strike","floor":8},{"not_picked":["Havoc","Armaments"],"picked":"Heavy Blade","floor":10},{"not_picked":["Dark Embrace","Iron Wave"],"picked":"Clash","floor":12},{"not_picked":["Pommel Strike","Whirlwind"],"picked":"Havoc","floor":14},{"not_picked":["Reaper","Offering"],"picked":"Demon Form","floor":17},{"not_picked":["Whirlwind","True Grit"],"picked":"Power Through","floor":19},{"not_picked":["Dark Embrace+1","Iron Wave"],"picked":"Havoc+1","floor":22},{"not_picked":["Burning Pact+1","Armaments"],"picked":"Iron Wave","floor":25},{"not_picked":["Armaments+1","Dropkick"],"picked":"Thunderclap+1","floor":26},{"not_picked":["Heavy Blade","Flex+1"],"picked":"Feel No Pain","floor":30},{"not_picked":["Offering","Body Slam+1"],"picked":"Flame Barrier+1","floor":32},{"not_picked":["Exhume","Corruption"],"picked":"Limit Break","floor":34},{"not_picked":["Clash+1","Body Slam"],"picked":"Searing Blow+1","floor":36},{"not_picked":["Warcry","Armaments"],"picked":"Inflame+1","floor":38},{"not_picked":["Inflame","Wild Strike"],"picked":"Exhume","floor":39},{"not_picked":["Carnage+1","Hemokinesis"],"picked":"Flex","floor":42},{"not_picked":["Wild Strike","Blood for Blood+1"],"picked":"Clash","floor":44},{"not_picked":["Dropkick+1","Rupture"],"picked":"Dual Wield","floor":50}],"player_experience":871902,"relics_obtained":[{"floor":6,"key":"Toy Ornithopter"},{"floor":8,"key":"MawBank"},{"floor":9,"key":"Shuriken"},{"floor":12,"key":"Dead Branch"},{"floor":20,"key":"Nilry\u0027s Codex"},{"floor":25,"key":"Vajra"},{"floor":32,"key":"Ginger"},{"floor":42,"key":"Mummified Hand"},{"floor":45,"key":"Ancient Tea Set"}],"event_choices":[{"damage_healed":0,"gold_gain":0,"player_choice":"Box","damage_taken":0,"relics_obtained":["PreservedInsect"],"max_hp_gain":0,"max_hp_loss":0,"event_name":"Big Fish","floor":3,"gold_loss":0,"cards_obtained":["Regret"]},{"cards_removed":["Regret"],"damage_healed":0,"gold_gain":0,"player_choice":"Card Removal","damage_taken":0,"max_hp_gain":0,"max_hp_loss":0,"event_name":"The Cleric","floor":4,"gold_loss":50},{"damage_healed":0,"gold_gain":0,"player_choice":"Rummage","damage_taken":0,"relics_obtained":["WarpedTongs"],"max_hp_gain":0,"max_hp_loss":0,"event_name":"Accursed Blacksmith","floor":13,"gold_loss":0,"cards_obtained":["Pain"]},{"damage_healed":0,"gold_gain":0,"player_choice":"Obtained Book","damage_taken":16,"max_hp_gain":0,"max_hp_loss":0,"event_name":"Cursed Tome","floor":20,"gold_loss":0},{"damage_healed":0,"gold_gain":0,"player_choice":"2 cards matched","damage_taken":0,"max_hp_gain":0,"max_hp_loss":0,"event_name":"Match and Keep!","floor":21,"gold_loss":0,"cards_obtained":["Corruption","Rampage"]},{"damage_healed":0,"gold_gain":0,"player_choice":"Opened","damage_taken":0,"relics_obtained":["Orichalcum"],"max_hp_gain":0,"max_hp_loss":0,"event_name":"The Mausoleum","floor":23,"gold_loss":0,"cards_obtained":["Writhe"]},{"damage_healed":0,"gold_gain":0,"player_choice":"Ignored","damage_taken":0,"max_hp_gain":0,"max_hp_loss":0,"event_name":"N\u0027loth","floor":29,"gold_loss":0},{"damage_healed":0,"gold_gain":0,"player_choice":"Got Potions","damage_taken":0,"max_hp_gain":0,"max_hp_loss":0,"event_name":"Lab","floor":31,"gold_loss":0},{"damage_healed":20,"gold_gain":0,"player_choice":"Writhe","damage_taken":0,"max_hp_gain":0,"max_hp_loss":0,"event_name":"Winding Halls","floor":41,"gold_loss":0,"cards_obtained":["Writhe"]},{"cards_removed":["Flex"],"damage_healed":0,"gold_gain":0,"player_choice":"Removed Skill","damage_taken":0,"max_hp_gain":0,"max_hp_loss":0,"event_name":"Falling","floor":47,"gold_loss":0}],"is_beta":false,"boss_relics":[{"not_picked":["Runic Dome","Pandora\u0027s Box"],"picked":"Astrolabe"},{"not_picked":["Busted Crown","Velvet Choker"],"picked":"Empty Cage"}],"items_purged_floors":[],"is_endless":false,"potions_floor_spawned":[5,6,12,22,26,30,36,38,39,44],"killed_by":"Shield and Spear","ascension_level":7}}