{"host":"3l94tha3a4jgu0q4","time":1614403417,"event":{"mods":["2.2 Compatiblity","AchievementEnabler","Aspiration","BaseMod","Better Altar","Better Match","Better Note","Better Sensory Stone","Better Skull","Better Third Choice","Colored Map","Colored Powertips","Fox Events","Hermit","Highlight Path","Hubris","Humility","Minty Spire (QoL Compilation)","Monster B Gone","Permanent Neow","Relic Stats","Replay The Spire","StSLib","SuperFastMode","The IronCluck","Wandering Minibosses","slay the spire mod where everything is the same but ironclad has a cowboy hat"],"gold_per_floor":[116,116,116,126,146,146,146,146],"floor_reached":7,"language":"ENG","playtime":114,"items_purged":[],"score":80,"play_id":"1eb6ff42-311d-43cf-aa02-c99748506be6","local_time":"20210226212337","is_ascension_mode":true,"campfire_choices":[{"data":"Eruption","floor":6,"key":"SMITH"}],"circlet_count":0,"master_deck":["AscendersBane","Strike_P","Strike_P","Strike_P","Strike_P","Defend_P","Defend_P","Defend_P","Defend_P","Eruption+1","Vigilance","AbeCurse","Vengeance","Conclude","Meditate"],"relics":["Abe\u0027s Treasure"],"acts_visited":["Exordium"],"potions_floor_usage":[4],"damage_taken":[{"damage":14,"enemies":"2 Louse","floor":1,"turns":2},{"damage":16,"enemies":"Jaw Worm","floor":4,"turns":3},{"damage":0,"enemies":"Cultist","floor":5,"turns":2},{"damage":59,"enemies":"3 Sentries","floor":7,"turns":3}],"seed_played":"-5645657175122663686","potions_obtained":[{"floor":1,"key":"FearPotion"},{"floor":3,"key":"FairyPotion"}],"is_trial":false,"path_per_floor":["M","?","?","M","M","R","E"],"character_chosen":"WATCHER","items_purchased":[],"campfire_rested":0,"item_purchase_floors":[],"current_hp_per_floor":[47,47,47,31,31,31,0,0],"gold":146,"neow_bonus":"BOSS_RELIC","is_daily":false,"chose_seed":false,"campfire_upgraded":1,"win_rate":0.0,"timestamp":1614403417,"path_taken":["M","?","?","M","?","R","E"],"items_purchased_type":[],"build_version":"2020-12-22","purchased_purges":0,"victory":false,"max_hp_per_floor":[68,68,68,68,68,68,68,68],"relic_stats":{"counters":[4,10],"obtain_stats":[{"PureWater":0,"Abe\u0027s Treasure":0},{"PureWater":0,"Abe\u0027s Treasure":0},{"PureWater":0,"Abe\u0027s Treasure":0}]},"card_choices":[{"not_picked":["ForeignInfluence","Crescendo"],"picked":"Vengeance","floor":1},{"not_picked":["Replay:ManipulateFuture","Replay:Anticipation"],"picked":"Conclude","floor":4},{"not_picked":["CrushJoints","Pray"],"picked":"Meditate","floor":5}],"player_experience":2000039,"relics_obtained":[],"event_choices":[{"damage_healed":0,"gold_gain":0,"player_choice":"Got Potions","damage_taken":0,"max_hp_gain":0,"max_hp_loss":0,"event_name":"Lab","floor":3,"gold_loss":0}],"is_beta":false,"boss_relics":[],"items_purged_floors":[],"is_endless":false,"potions_floor_spawned":[1],"killed_by":"3 Sentries","ascension_level":19,"is_humility":true}}