{"host":"m7jrdcbl89w2s34c","time":1614445601,"event":{"mods":["AchievementEnabler","BaseMod","Bestiary","Block Reminder","Colored Map","Colored Powertips","Minty Spire (QoL Compilation)","Permanent Neow","Relic Stats","StSLib"],"gold_per_floor":[110,110,127,147,163,163,198,198,198,236,264,264,298,298,298,380,380,406,415,439,448,87,87,87],"floor_reached":23,"language":"ENG","playtime":1313,"items_purged":[],"score":418,"play_id":"81812c17-97d8-438b-b880-07982158cf31","local_time":"20210227180641","is_ascension_mode":true,"campfire_choices":[{"data":"Fission","floor":6,"key":"SMITH"},{"data":"Zap","floor":8,"key":"SMITH"},{"data":"Chaos","floor":12,"key":"SMITH"},{"data":"Dualcast","floor":15,"key":"SMITH"}],"circlet_count":0,"master_deck":["AscendersBane","Strike_B","Strike_B","Strike_B","Strike_B","Defend_B","Defend_B","Defend_B","Defend_B","Zap+1","Dualcast+1","Fission+1","Chill","Steam","Zap+1","Genetic Algorithm+1","Ball Lightning","Ball Lightning","Cold Snap","Chaos+1","Cold Snap","Compile Driver","Echo Form","Hologram+1","Fission+1","Self Repair","Defragment","Apotheosis"],"relics":["Cracked Core","Eternal Feather","Letter Opener","CeramicFish","Smiling Mask","Snecko Eye","Happy Flower"],"acts_visited":["Exordium","TheCity"],"potions_floor_usage":[10,16],"damage_taken":[{"damage":2,"enemies":"2 Louse","floor":1,"turns":2},{"damage":0,"enemies":"Cultist","floor":3,"turns":3},{"damage":0,"enemies":"Small Slimes","floor":4,"turns":4},{"damage":1,"enemies":"Blue Slaver","floor":5,"turns":4},{"damage":19,"enemies":"3 Sentries","floor":7,"turns":7},{"damage":20,"enemies":"Lagavulin","floor":10,"turns":4},{"damage":0,"enemies":"Red Slaver","floor":11,"turns":2},{"damage":1,"enemies":"Gremlin Nob","floor":13,"turns":3},{"damage":15,"enemies":"The Guardian","floor":16,"turns":11},{"damage":27,"enemies":"3 Byrds","floor":18,"turns":5},{"damage":14,"enemies":"Chosen","floor":20,"turns":4},{"damage":0,"enemies":"Sentry and Sphere","floor":23,"turns":2}],"seed_played":"6358076848781951918","potions_obtained":[{"floor":4,"key":"ColorlessPotion"},{"floor":5,"key":"DistilledChaos"},{"floor":16,"key":"SteroidPotion"},{"floor":20,"key":"LiquidMemories"}],"is_trial":false,"path_per_floor":["M","?","M","M","M","R","E","R","T","E","M","R","E","?","R","B",null,"M","?","M","?","$","M"],"character_chosen":"DEFECT","items_purchased":["Apotheosis","Happy Flower"],"campfire_rested":0,"item_purchase_floors":[22,22],"current_hp_per_floor":[62,62,62,62,61,61,42,51,51,31,31,43,42,23,35,20,53,26,26,12,12,12,12,12],"gold":87,"neow_bonus":"THREE_RARE_CARDS","is_daily":false,"chose_seed":false,"campfire_upgraded":4,"win_rate":0.0,"timestamp":1614445601,"path_taken":["M","?","M","?","M","R","E","R","T","E","M","R","E","?","R","BOSS","M","?","?","?","$","M"],"items_purchased_type":["Card","Relic"],"build_version":"2020-12-22","purchased_purges":0,"victory":false,"max_hp_per_floor":[64,64,64,64,64,64,64,64,64,64,64,64,64,64,64,64,64,64,64,64,64,64,64,64],"relic_stats":{"Happy Flower":[0],"counters":[12,51],"CeramicFish":81,"Snecko Eye":[17,16,18,23],"Eternal Feather":33,"Letter Opener":[70],"Smiling Mask":0,"obtain_stats":[{"Happy Flower":22,"CeramicFish":10,"Snecko Eye":17,"Eternal Feather":7,"Letter Opener":9,"Cracked Core":0,"Smiling Mask":13},{"Happy Flower":11,"CeramicFish":6,"Snecko Eye":9,"Eternal Feather":5,"Letter Opener":5,"Cracked Core":0,"Smiling Mask":8},{"Happy Flower":49,"CeramicFish":24,"Snecko Eye":40,"Eternal Feather":20,"Letter Opener":20,"Cracked Core":0,"Smiling Mask":29}]},"card_choices":[{"not_picked":["Reboot","Electrodynamics"],"picked":"Fission","floor":0},{"not_picked":["Gash","Reprogram"],"picked":"Chill","floor":1},{"not_picked":["Rebound","Sweeping Beam"],"picked":"Genetic Algorithm","floor":3},{"not_picked":["Rebound","Sweeping Beam"],"picked":"Ball Lightning","floor":4},{"not_picked":["Gash","Streamline"],"picked":"Ball Lightning","floor":5},{"not_picked":["Creative AI","Rebound"],"picked":"Cold Snap","floor":7},{"not_picked":["Electrodynamics","Stack"],"picked":"Chaos","floor":10},{"not_picked":["Hologram","Static Discharge"],"picked":"Cold Snap","floor":11},{"not_picked":["Lockon","Steam"],"picked":"Compile Driver","floor":13},{"not_picked":["Fission","Multi-Cast"],"picked":"Echo Form","floor":16},{"not_picked":["Conserve Battery","Gash"],"picked":"Hologram+1","floor":18},{"not_picked":["Cold Snap","Sweeping Beam"],"picked":"Self Repair","floor":20}],"player_experience":288494,"relics_obtained":[{"floor":7,"key":"Eternal Feather"},{"floor":9,"key":"Letter Opener"},{"floor":10,"key":"CeramicFish"},{"floor":13,"key":"Smiling Mask"}],"event_choices":[{"damage_healed":0,"gold_gain":0,"player_choice":"2 cards matched","damage_taken":0,"max_hp_gain":0,"max_hp_loss":0,"event_name":"Match and Keep!","floor":2,"gold_loss":0,"cards_obtained":["Steam","Zap"]},{"damage_healed":0,"gold_gain":0,"player_choice":"Entered Light","damage_taken":19,"max_hp_gain":0,"max_hp_loss":0,"event_name":"Shining Light","floor":14,"gold_loss":0,"cards_upgraded":["Genetic Algorithm","Zap"]},{"damage_healed":0,"gold_gain":0,"player_choice":"Copied","damage_taken":0,"max_hp_gain":0,"max_hp_loss":0,"event_name":"Duplicator","floor":19,"gold_loss":0,"cards_obtained":["Fission"]},{"damage_healed":0,"gold_gain":0,"player_choice":"Read","damage_taken":0,"max_hp_gain":0,"max_hp_loss":0,"event_name":"The Library","floor":21,"gold_loss":0,"cards_obtained":["Defragment"]}],"is_beta":false,"boss_relics":[{"not_picked":["Fusion Hammer","Inserter"],"picked":"Snecko Eye"}],"items_purged_floors":[],"is_endless":false,"potions_floor_spawned":[4,5,7,16,20],"killed_by":"Sentry and Sphere","ascension_level":20}}