{"host":"raai0vtvcfkt8csp","time":1614404411,"event":{"mods":["2.2 Compatiblity","BaseMod","Beaked The Cultist","Block Reminder","Booster Modes","Clockwork Mod","Custom Start","DeckTracker","Defective Defect","Defuse TimeMaze Blight","Dio Mod","GifTheSpireLib","Infinite Spire","Minty Spire (QoL Compilation)","Quick Restart","Random Character Button","Rare Cards Sparkle","StSLib","The Marked","Uncapped","Unceasing Turn Reminder"],"gold_per_floor":[113,125,125,136,156,190,44,56,56,75,75,103,103,138,138,233,233,251,56,56,71,88,88,187,221,271,302,402,412,440,116,116,220,220,238,238,238,198,212,245,245,270,270,310,337,365,392,404,416,428,428],"floor_reached":50,"language":"ENG","playtime":2363,"items_purged":[],"score":867,"play_id":"19cc42ae-d880-4a18-85c7-92ffc1cd4ad5","local_time":"20210227064011","daily_mods":["Hoarder","Specialized","Vintage"],"is_ascension_mode":true,"campfire_choices":[{"data":"1","floor":11,"key":"LIFT"},{"data":"2","floor":15,"key":"LIFT"},{"data":"3","floor":23,"key":"LIFT"},{"data":"Pummel","floor":32,"key":"SMITH"},{"data":"Pummel","floor":41,"key":"SMITH"},{"data":"Limit Break","floor":49,"key":"SMITH"}],"circlet_count":0,"master_deck":["Strike_R","Strike_R","Strike_R","Strike_R","Strike_R","Defend_R","Defend_R","Defend_R","Defend_R+1","Bash","Pummel","Pummel","Pummel","Pummel","Pummel","Pummel","Pummel","Pummel","Pummel","Pummel","Pummel","Pummel","Pummel","Pummel","Pummel+1","Feel No Pain+1","Feel No Pain+1","Feel No Pain+1","Sentinel+1","Sentinel","Sentinel","Reaper","Reaper","Reaper","Mayhem+1","Mayhem+1","Mayhem+1","infinitespire:NeuralNetwork+1","infinitespire:NeuralNetwork+1","Seeing Red+1","Seeing Red+1","Seeing Red+1","Pummel+1","Pummel+1","Pummel","Inflame+1","Inflame+1","Inflame+1","Fire Breathing+1","Fire Breathing+1","Fire Breathing+1","Feel No Pain+1","Feel No Pain+1","Feel No Pain+1","Demon Form+1","Demon Form+1","Demon Form+1","The Bomb+1","The Bomb","The Bomb","Limit Break","Limit Break+1","Limit Break"],"relics":["Burning Blood","infinitespire:Lucky Rock","Girya","Frozen Egg 2","Akabeko","Pear","Strange Spoon","infinitespire:FocusingShard","Self Forming Clay","Question Card","Sundial","Nunchaku","Runic Cube","Turnip","infinitespire:BottledMercury","Bronze Scales","Bag of Preparation","Juzu Bracelet","Pantograph","WingedGreaves","infinitespire:Bottled Soul","Omamori","Charon\u0027s Ashes","infinitespire:Beetle Shell","Mark of Pain","Thread and Needle","Blood Vial","War Paint","infinitespire:Satchel","MawBank","Strawberry","Blue Candle","Ancient Tea Set","Regal Pillow"],"acts_visited":["Exordium","TheCity","TheBeyond"],"potions_floor_usage":[4,8,14,16,27,28,31],"damage_taken":[{"damage":13,"enemies":"Jaw Worm","floor":1,"turns":3},{"damage":0,"enemies":"2 Louse","floor":2,"turns":2},{"damage":2,"enemies":"Small Slimes","floor":4,"turns":3},{"damage":10,"enemies":"Looter","floor":5,"turns":3},{"damage":22,"enemies":"3 Sentries","floor":6,"turns":4},{"damage":0,"enemies":"Exordium Thugs","floor":8,"turns":3},{"damage":4,"enemies":"2 Fungi Beasts","floor":10,"turns":2},{"damage":0,"enemies":"Gremlin Nob","floor":12,"turns":2},{"damage":11,"enemies":"Lagavulin","floor":14,"turns":6},{"damage":21,"enemies":"Slime Boss","floor":16,"turns":10},{"damage":1,"enemies":"Shell Parasite","floor":18,"turns":3},{"damage":10,"enemies":"Chosen","floor":21,"turns":2},{"damage":7,"enemies":"Sentry and Sphere","floor":22,"turns":4},{"damage":28,"enemies":"Nightmare","floor":25,"turns":8},{"damage":29,"enemies":"Slavers","floor":27,"turns":3},{"damage":24,"enemies":"Colosseum Slavers","floor":28,"turns":3},{"damage":11,"enemies":"Colosseum Nobs","floor":28,"turns":3},{"damage":3,"enemies":"Snecko","floor":29,"turns":3},{"damage":16,"enemies":"Book of Stabbing","floor":30,"turns":3},{"damage":29,"enemies":"Champ","floor":33,"turns":5},{"damage":11,"enemies":"3 Shapes","floor":35,"turns":5},{"damage":27,"enemies":"3 Darklings","floor":39,"turns":5},{"damage":36,"enemies":"Reptomancer","floor":40,"turns":7},{"damage":41,"enemies":"Nemesis","floor":42,"turns":3},{"damage":9,"enemies":"Giant Head","floor":44,"turns":5},{"damage":0,"enemies":"Jaw Worm Horde","floor":45,"turns":4},{"damage":1,"enemies":"Sphere and 2 Shapes","floor":46,"turns":3},{"damage":33,"enemies":"Writhing Mass","floor":47,"turns":3},{"damage":26,"enemies":"infinitespire:MassOfShapes","floor":50,"turns":2}],"seed_played":"7776147610963310701","potions_obtained":[{"floor":2,"key":"Fire Potion"},{"floor":5,"key":"DistilledChaos"},{"floor":8,"key":"Weak Potion"},{"floor":10,"key":"AttackPotion"},{"floor":16,"key":"LiquidMemories"},{"floor":18,"key":"FairyPotion"},{"floor":25,"key":"CultistPotion"},{"floor":28,"key":"SpeedPotion"},{"floor":30,"key":"BloodPotion"},{"floor":33,"key":"Regen Potion"}],"is_trial":true,"path_per_floor":["M","M","?","M","M","E","$","M","T","M","R","E","?","E","R","B",null,"M","$","?","M","M","R","?","NM","T","E","?","M","E","$","R","B",null,"M","?","?","?","M","E","R","E","T","E","M","M","M","?","R","B"],"character_chosen":"IRONCLAD","items_purchased":["Strange Spoon","Mayhem+1","Feel No Pain+1","Fruit Juice","infinitespire:Beetle Shell"],"campfire_rested":0,"item_purchase_floors":[7,19,31,31,31],"current_hp_per_floor":[73,79,79,80,76,70,70,76,76,78,78,84,84,79,79,64,90,90,90,72,78,77,77,77,67,67,92,90,95,95,100,100,84,100,95,95,95,95,100,92,92,78,78,84,92,107,107,107,107,81,81],"gold":428,"neow_bonus":"","is_daily":false,"chose_seed":false,"campfire_upgraded":3,"win_rate":0.0,"timestamp":1614404411,"path_taken":["M","M","?","M","M","E","$","M","T","M","R","E","?","E","R","BOSS","M","$","?","M","M","R","?","NM","T","E","?","M","E","$","R","BOSS","M","?","?","?","M","E","R","E","T","E","M","M","M","?","R","BOSS"],"items_purchased_type":["Relic","Card","Card","Potion","Relic"],"build_version":"2020-12-22","purchased_purges":0,"victory":false,"max_hp_per_floor":[80,80,80,80,80,90,90,90,90,90,90,90,90,90,90,90,90,90,90,95,95,95,95,95,95,95,95,95,95,95,100,100,100,100,100,100,100,100,100,100,100,100,100,107,107,107,107,107,107,107,107],"card_choices":[{"not_picked":["Warcry","Bloodletting"],"picked":"Feel No Pain+1","floor":6},{"not_picked":["Seeing Red","Second Wind","Body Slam"],"picked":"Sentinel","floor":12},{"not_picked":["Flame Barrier","Evolve+1","Warcry","Clothesline"],"picked":"SKIP","floor":14},{"not_picked":["Impervious","Berserk+1","Double Tap"],"picked":"Reaper","floor":16},{"not_picked":["infinitespire:TheBestDefense","infinitespire:SealOfDarkness+"],"picked":"infinitespire:NeuralNetwork","floor":25},{"not_picked":["Intimidate","Pommel Strike","Body Slam"],"picked":"Seeing Red+1","floor":25},{"not_picked":["Entrench","Clash","Burning Pact+1"],"picked":"Pummel","floor":27},{"not_picked":["Cleave","Power Through+1","True Grit"],"picked":"Inflame+1","floor":28},{"not_picked":["Clothesline","Bloodletting","Power Through+1"],"picked":"Fire Breathing+1","floor":30},{"not_picked":["Corruption+1","Berserk+1","Exhume"],"picked":"Demon Form+1","floor":33},{"not_picked":["Impatience","Discovery","Dark Shackles"],"picked":"The Bomb","floor":37},{"not_picked":["True Grit","Warcry","Wild Strike","Sever Soul"],"picked":"SKIP","floor":40},{"not_picked":["Clothesline+1","Shockwave+1","Pommel Strike"],"picked":"Limit Break","floor":42},{"not_picked":["Entrench","Sword Boomerang","Pommel Strike+1","Anger+1"],"picked":"SKIP","floor":44}],"player_experience":1105477,"relics_obtained":[{"floor":1,"key":"infinitespire:Lucky Rock"},{"floor":2,"key":"Girya"},{"floor":4,"key":"Frozen Egg 2"},{"floor":5,"key":"Akabeko"},{"floor":6,"key":"Pear"},{"floor":8,"key":"infinitespire:FocusingShard"},{"floor":9,"key":"Self Forming Clay"},{"floor":10,"key":"Question Card"},{"floor":12,"key":"Sundial"},{"floor":14,"key":"Nunchaku"},{"floor":18,"key":"Turnip"},{"floor":21,"key":"infinitespire:BottledMercury"},{"floor":22,"key":"Bronze Scales"},{"floor":25,"key":"Bag of Preparation"},{"floor":26,"key":"Juzu Bracelet"},{"floor":27,"key":"Pantograph"},{"floor":28,"key":"WingedGreaves"},{"floor":28,"key":"infinitespire:Bottled Soul"},{"floor":29,"key":"Omamori"},{"floor":30,"key":"Charon\u0027s Ashes"},{"floor":35,"key":"Thread and Needle"},{"floor":39,"key":"Blood Vial"},{"floor":40,"key":"War Paint"},{"floor":42,"key":"infinitespire:Satchel"},{"floor":43,"key":"MawBank"},{"floor":44,"key":"Strawberry"},{"floor":45,"key":"Blue Candle"},{"floor":46,"key":"Ancient Tea Set"},{"floor":47,"key":"Regal Pillow"}],"event_choices":[{"damage_healed":0,"gold_gain":0,"player_choice":"Grow","damage_taken":0,"max_hp_gain":0,"max_hp_loss":0,"event_name":"Living Wall","floor":3,"gold_loss":0,"cards_upgraded":["Pummel"]},{"damage_healed":0,"gold_gain":0,"player_choice":"Leave","damage_taken":0,"max_hp_gain":0,"max_hp_loss":0,"event_name":"The Cleric","floor":13,"gold_loss":0},{"damage_healed":0,"gold_gain":0,"player_choice":"Shed Blood","damage_taken":23,"max_hp_gain":5,"max_hp_loss":0,"event_name":"Forgotten Altar","floor":20,"gold_loss":0},{"damage_healed":0,"gold_gain":99,"player_choice":"Stole From Cult","damage_taken":0,"max_hp_gain":0,"max_hp_loss":0,"event_name":"Nest","floor":24,"gold_loss":0},{"damage_healed":0,"gold_gain":0,"player_choice":"Fight","damage_taken":0,"max_hp_gain":0,"max_hp_loss":0,"event_name":"Colosseum","floor":28,"gold_loss":0},{"damage_healed":0,"gold_gain":0,"player_choice":"Fought Nobs","damage_taken":0,"max_hp_gain":0,"max_hp_loss":0,"event_name":"Colosseum","floor":28,"gold_loss":0},{"cards_removed":["infinitespire:NeuralNetwork"],"damage_healed":0,"gold_gain":0,"player_choice":"Removed Power","damage_taken":0,"max_hp_gain":0,"max_hp_loss":0,"event_name":"Falling","floor":36,"gold_loss":0},{"damage_healed":0,"gold_gain":0,"player_choice":"Memory 1","damage_taken":0,"max_hp_gain":0,"max_hp_loss":0,"event_name":"SensoryStone","floor":37,"gold_loss":0},{"damage_healed":0,"gold_gain":0,"player_choice":"Upgrade","damage_taken":0,"max_hp_gain":0,"max_hp_loss":0,"event_name":"Designer","floor":38,"gold_loss":40,"cards_upgraded":["The Bomb"]},{"damage_healed":0,"gold_gain":0,"player_choice":"Ignored","damage_taken":0,"max_hp_gain":0,"max_hp_loss":0,"event_name":"Tomb of Lord Red Mask","floor":48,"gold_loss":0}],"is_beta":false,"boss_relics":[{"not_picked":["SacredBark","infinitespire:Cupcake"],"picked":"Runic Cube"},{"not_picked":["Tiny House","infinitespire:Burning Sword"],"picked":"Mark of Pain"}],"items_purged_floors":[],"is_endless":true,"potions_floor_spawned":[2,5,8,10,16,18,25,28,28,30,33,35,39,40,45],"killed_by":"infinitespire:MassOfShapes","ascension_level":1}}