{"host":"li2oyy8xcjugrjw6","time":1614419322,"event":{"mods":["AchievementEnabler","BaseMod","Colored Map","Minty Spire (QoL Compilation)","Permanent Neow","Replay The Spire","StSLib"],"gold_per_floor":[111,126,136,155,175,203,2,2,2,35,35,61,61,79,79,79,79],"floor_reached":16,"language":"ENG","playtime":1237,"items_purged":[],"score":168,"play_id":"8a6e17d7-5bfb-431f-aa2d-46b35b87faf9","local_time":"20210227014842","is_ascension_mode":true,"campfire_choices":[{"data":"Concentrate","floor":11,"key":"SMITH"},{"data":"Leg Sweep","floor":13,"key":"SMITH"},{"data":"A Thousand Cuts","floor":15,"key":"SMITH"}],"circlet_count":0,"master_deck":["AscendersBane","Strike_G","Strike_G","Strike_G","Strike_G","Strike_G","Defend_G","Defend_G","Defend_G","Survivor","Neutralize","Dash","Predator","Hidden Blade","Leg Sweep+1","Cloak And Dagger","Night Terror","Blade Dance","A Thousand Cuts+1","Dagger Spray","Hidden Blade","Acrobatics","All Out Attack","Concentrate+1","Escape Plan"],"relics":["Ring of the Snake","HornCleat","Orrery","Girya","Byrd Skull","Odd Mushroom"],"acts_visited":["Exordium"],"potions_floor_usage":[10,16,16],"damage_taken":[{"damage":4.0,"enemies":"Jaw Worm","floor":1.0,"turns":4.0},{"damage":0.0,"enemies":"Small Slimes","floor":2.0,"turns":4.0},{"damage":0.0,"enemies":"Cultist","floor":3.0,"turns":3.0},{"damage":7.0,"enemies":"Exordium Wildlife","floor":4.0,"turns":4.0},{"damage":4.0,"enemies":"3 Louse","floor":5.0,"turns":4.0},{"damage":30.0,"enemies":"3 Sentries","floor":6.0,"turns":12.0},{"damage":6,"enemies":"Lagavulin","floor":10,"turns":8},{"damage":0,"enemies":"The Mushroom Lair","floor":12,"turns":2},{"damage":8,"enemies":"Large Slime","floor":14,"turns":5},{"damage":4,"enemies":"Hexaghost","floor":16,"turns":11}],"seed_played":"4832311426761665428","potions_obtained":[{"floor":1.0,"key":"Block Potion"},{"floor":5.0,"key":"Energy Potion"},{"floor":6.0,"key":"Fire Potion"},{"floor":14,"key":"Block Potion"}],"is_trial":false,"path_per_floor":["M","M","M","M","M","E","$","?","T","E","R","?","R","M","R","B"],"character_chosen":"THE_SILENT","items_purchased":["Blade Dance","Orrery"],"campfire_rested":0,"item_purchase_floors":[7,7],"current_hp_per_floor":[59,59,59,52,48,18,18,18,18,12,12,12,12,4,4,0,0],"gold":79,"neow_bonus":"REMOVE_TWO","is_daily":false,"chose_seed":false,"campfire_upgraded":3,"win_rate":0.0,"timestamp":1614419322,"path_taken":["M","M","M","M","M","E","$","?","T","E","R","?","R","M","R","BOSS"],"items_purchased_type":["Card","Relic"],"build_version":"2020-12-22","purchased_purges":0,"victory":false,"max_hp_per_floor":[63,63,63,63,63,63,63,63,63,63,63,63,63,63,63,63,63],"card_choices":[{"not_picked":["Escape Plan","Expertise"],"picked":"Dash","floor":1.0},{"not_picked":["Sucker Punch","Outmaneuver"],"picked":"Predator","floor":2.0},{"not_picked":["Tactician","Prepared"],"picked":"Hidden Blade","floor":3.0},{"not_picked":["ReplayTheSpireMod:Speed Training","Infinite Blades"],"picked":"Leg Sweep","floor":4.0},{"not_picked":["Sucker Punch","Catalyst"],"picked":"Cloak And Dagger","floor":5.0},{"not_picked":["Dagger Throw","Hidden Blade"],"picked":"Night Terror","floor":6.0},{"not_picked":["Dagger Throw","Predator"],"picked":"A Thousand Cuts","floor":7.0},{"not_picked":["ReplayTheSpireMod:Scrap Shanks","Bane"],"picked":"Dagger Spray","floor":7.0},{"not_picked":["Deadly Poison","Flying Knee"],"picked":"Hidden Blade","floor":7.0},{"not_picked":["Outmaneuver","Setup"],"picked":"Acrobatics","floor":7.0},{"not_picked":["ReplayTheSpireMod:Exploit Weakness","ReplayTheSpireMod:Necrosis"],"picked":"All Out Attack","floor":7.0},{"not_picked":["Flying Knee","Poisoned Stab"],"picked":"Concentrate","floor":10},{"not_picked":["Predator","Poisoned Stab"],"picked":"Escape Plan","floor":12},{"not_picked":["Riddle With Holes","Backflip","Atom Bomb"],"picked":"SKIP","floor":14}],"player_experience":1002709,"relics_obtained":[{"floor":6.0,"key":"HornCleat"},{"floor":9,"key":"Girya"},{"floor":10,"key":"Byrd Skull"},{"floor":12,"key":"Odd Mushroom"}],"event_choices":[{"damage_healed":0,"gold_gain":0,"player_choice":"Searched \u00270\u0027 times","damage_taken":0,"max_hp_gain":0,"max_hp_loss":0,"event_name":"Dead Adventurer","floor":8,"gold_loss":0},{"damage_healed":0,"gold_gain":0,"player_choice":"Fought Mushrooms","damage_taken":0,"max_hp_gain":0,"max_hp_loss":0,"event_name":"Mushrooms","floor":12,"gold_loss":0}],"is_beta":false,"boss_relics":[],"items_purged_floors":[],"is_endless":false,"potions_floor_spawned":[1,5,6,14],"killed_by":"Hexaghost","ascension_level":10}}