{"host":"hlfvgorhn0soxaby","time":1614402287,"event":{"mods":["BaseMod","Downfall","Marisa£®ÏF”Í°°ƒß¿Ì…≥£©","Minty Spire (QoL Compilation)","Replay The Spire","StSLib","The Cursed","The Servant 0.9.4"],"gold_per_floor":[99,109,109,124,124,124,150,182,632,632,732,762,462,472,485,485,485,485],"floor_reached":16,"language":"ZHS","playtime":1052,"items_purged":[],"score":158,"play_id":"b1850c7f-cb3b-400e-85d8-023eaf9a1998","local_time":"20210227130447","is_ascension_mode":false,"campfire_choices":[{"floor":1.0,"key":"RECALL"},{"floor":13,"key":"REST"}],"circlet_count":0,"master_deck":["champ:Strike","champ:Strike","champ:Strike","champ:Strike","champ:Defend","champ:Defend","champ:Defend+1","champ:Defend","champ:Execute","champ:Taunt","champ:IronFortress","champ:BerserkersShout","champ:CalledShot","champ:Taunt","champ:IgnorePain+1","Panacea","champ:AdrenalArmor","champ:Encircle+1","champ:StanceDance","downfall:Icky","downfall:Icky","downfall:Icky","downfall:Malfunctioning","champ:FocusedDefense","champ:GladiatorStyle","champ:ShieldThrow","champ:FancyFootwork"],"relics":["champ:ChampionCrown","Replay:Ringing Soul","Toy Ornithopter","Lantern","downfall:HeartBlessingRed","downfall:HeartBlessingGreen","downfall:HeartBlessingBlue"],"acts_visited":["Exordium"],"potions_floor_usage":[8,11,12,12,16],"damage_taken":[{"damage":10.0,"enemies":"Small Slimes","floor":2.0,"turns":3.0},{"damage":22.0,"enemies":"2 Louse","floor":4.0,"turns":4.0},{"damage":0,"enemies":"Cultist","floor":6,"turns":1},{"damage":79,"enemies":"Lagavulin","floor":8,"turns":6},{"damage":106,"enemies":"downfall:LadyInBlue","floor":11,"turns":10},{"damage":40,"enemies":"3 Sentries","floor":12,"turns":5},{"damage":15,"enemies":"downfall:LooterAlt","floor":14,"turns":2},{"damage":54,"enemies":"Large Slime","floor":15,"turns":8},{"damage":83,"enemies":"DF_ARCHETYPE_STREAMLINE","floor":16,"turns":11}],"seed_played":"-5264092234145079193","potions_obtained":[{"floor":2.0,"key":"DistilledChaos"},{"floor":4.0,"key":"Reflective Coating"},{"floor":11,"key":"SkillPotion"},{"floor":11,"key":"PowerPotion"},{"floor":11,"key":"champ:OpenerPotion"},{"floor":15,"key":"Cursed Concoction"}],"is_trial":false,"path_per_floor":["R","M","?","M","?","M","T","E","?","?","?","E","R","M","M","B"],"character_chosen":"THE_CHAMP","items_purchased":[],"campfire_rested":1,"item_purchase_floors":[],"current_hp_per_floor":[99,99,99,97,97,97,97,71,74,77,28,31,78,81,60,0,0,0],"gold":485,"neow_bonus":"TEN_PERCENT_HP_BONUS","is_daily":false,"chose_seed":false,"campfire_upgraded":0,"win_rate":0.0,"timestamp":1614402287,"path_taken":["R","M","?","M","?","?","T","E","?","?","?","E","R","M","M","BOSS"],"items_purchased_type":[],"build_version":"2020-12-22","purchased_purges":0,"victory":false,"max_hp_per_floor":[99,99,99,99,99,99,99,102,105,108,111,114,124,127,130,130,130,130],"card_choices":[{"not_picked":["champ:PerfectedStrike","champ:DefensiveShout"],"picked":"champ:IronFortress","floor":2.0},{"not_picked":["champ:Backstep","champ:FlashCut"],"picked":"champ:BerserkersShout","floor":4.0},{"not_picked":["champ:HeartStrike","champ:CrownThrow"],"picked":"champ:Encircle","floor":6},{"not_picked":["champ:AdrenalArmor","champ:HeartStrike"],"picked":"champ:StanceDance","floor":8},{"not_picked":["champ:Encircle","champ:Shatter"],"picked":"champ:FocusedDefense","floor":11},{"not_picked":["champ:Haymaker","champ:FocusedDefense"],"picked":"champ:GladiatorStyle","floor":12},{"not_picked":["champ:EnGarde","champ:RecklessLeap"],"picked":"champ:ShieldThrow","floor":14},{"not_picked":["champ:GutPunch","champ:BerserkersShout"],"picked":"champ:FancyFootwork","floor":15}],"player_experience":468491,"relics_obtained":[{"floor":8,"key":"Replay:Ringing Soul"},{"floor":11,"key":"Toy Ornithopter"},{"floor":12,"key":"Lantern"}],"event_choices":[],"is_beta":false,"boss_relics":[],"items_purged_floors":[],"is_endless":false,"potions_floor_spawned":[2,4,11,15],"killed_by":"DF_ARCHETYPE_STREAMLINE","ascension_level":0}}