{"host":"bplbr8uekuotory4","time":1614425068,"event":{"mods":["Act Like it!","BaseMod","GungeonMod","Hermit","KinomotoSakuraMod(木之本樱)","Marisa（F雨　魔理沙）","Minty Spire (QoL Compilation)","Prisma Mod","Quick Restart","Reimu（博丽灵梦）","SOS（斯巴达之子）","Spicy Shops","StSLib","TestMod","The Blackbeard","The Cursed","The Mystic","The Saiyan","The Senshi","The Servant 0.9.4","Yuri Mod","[IsaacMod]以撒尖塔"],"gold_per_floor":[109,184,68,243,257,257,284,303,329,345,363,363,389,312,312,414,414,429,429,446,457,457,485,485,485,560,560,594,613,613,625,625,720,720,736,747,747,767,819,819,851,851,851,901,901,916,932,932,932,932,932,932,932,965,965],"floor_reached":56,"language":"ZHS","playtime":1690,"items_purged":["Defend_Lin:ReiMu","Doubt","Strike_Lin:ReiMu","Defend_Lin:ReiMu","Defend_Lin:ReiMu","Strike_Lin:ReiMu","SubcavityFantasy:ReiMu","Stagnation:ReiMu","TightArray:ReiMu"],"score":2388,"play_id":"b3eef38b-55ca-4ee7-afb5-d8f6eb02b06d","local_time":"20210227192428","is_ascension_mode":true,"campfire_choices":[{"data":"AirStrike:ReiMu","floor":6.0,"key":"SMITH"},{"data":"FoulBorder2:ReiMu","floor":12.0,"key":"SMITH"},{"data":"RainPray2:ReiMu","floor":15.0,"key":"SMITH"},{"data":"PrayRite:ReiMu","floor":24.0,"key":"SMITH"},{"data":"BlastKick2:ReiMu","floor":32.0,"key":"SMITH"},{"data":"YinYang:ReiMu","floor":40,"key":"SMITH"},{"data":"LovePray:ReiMu","floor":42,"key":"SMITH"},{"data":"DependentForm:ReiMu","floor":45,"key":"SMITH"},{"floor":49,"key":"RECALL"},{"data":"NineCharacters:ReiMu","floor":52,"key":"SMITH"}],"circlet_count":0,"master_deck":["AscendersBane","AirStrike:ReiMu+1","FoulBorder2:ReiMu+1","LovePray:ReiMu+1","RainPray2:ReiMu+1","CareerPray:ReiMu+1","BlastKick2:ReiMu+1","DependentForm:ReiMu+1","PrayRite:ReiMu+1","SafetyPray:ReiMu+1","YinYang:ReiMu+1","OrbThrow:ReiMu+1","NineCharacters:ReiMu+1"],"relics":["ShineYinYang:ReiMu","testmod-TestBox","HushsDoor","SteamSale","testmod-BouquetWithThorns","NeowsBlessing","Toolbox","DemoMod:PoisonVial","BookOfRevelations","Membership Card","Medical Kit","HornCleat","Eternal Feather","Letter Opener","testmod-Temperance","GuppysHairball","SatanicBible","TentaclePot:ReiMu","Sling","testmod-Justice","testmod-TurbochargingSystem","Orichalcum","Toolbox","Mastiff:ReiMu","Bottled Lightning","testmod-InjuryResistance","DemoMod:GlassGuonStoneRelic","GuppysPaw","GuppysCollar","OrangePellets","testmod-OneHitWonder","Frozen Eye","DemoMod:NanoMachines","SkyOrb:ReiMu","DemoMod:WhiteGuonStone","TungstenRod","Sundial","Pocketwatch","Mummified Hand","Leech","DemoMod:GreenGuonStone","Ornamental Fan","Strange Spoon","HandDrill","CheatingSign:ReiMu","BelialBook","TheBean","DemoMod:ClearGuonStone","War Paint"],"acts_visited":["Exordium","TheCity","TheBeyond","TheEnding"],"potions_floor_usage":[33,55,55,55],"damage_taken":[{"damage":0.0,"enemies":"2 Louse","floor":1.0,"turns":1.0},{"damage":0.0,"enemies":"Small Slimes","floor":5.0,"turns":1.0},{"damage":0.0,"enemies":"Gremlin Nob","floor":7.0,"turns":1.0},{"damage":0.0,"enemies":"Cultist","floor":8.0,"turns":3.0},{"damage":16.0,"enemies":"Large Slime","floor":10.0,"turns":2.0},{"damage":6.0,"enemies":"Looter","floor":11.0,"turns":3.0},{"damage":5.0,"enemies":"3 Sentries","floor":13.0,"turns":2.0},{"damage":0.0,"enemies":"Slime Boss","floor":16.0,"turns":2.0},{"damage":24.0,"enemies":"2 Thieves","floor":18.0,"turns":4.0},{"damage":0.0,"enemies":"3 Byrds","floor":20.0,"turns":2.0},{"damage":15.0,"enemies":"Centurion and Healer","floor":21.0,"turns":5.0},{"damage":0.0,"enemies":"Book of Stabbing","floor":23.0,"turns":3.0},{"damage":0.0,"enemies":"Gremlin Leader","floor":28.0,"turns":4.0},{"damage":4.0,"enemies":"Snake Plant","floor":29.0,"turns":2.0},{"damage":0.0,"enemies":"Chosen and Byrds","floor":31.0,"turns":3.0},{"damage":0,"enemies":"Champ","floor":33,"turns":7},{"damage":0,"enemies":"3 Darklings","floor":35,"turns":2},{"damage":0,"enemies":"3 Shapes","floor":36,"turns":2},{"damage":0,"enemies":"Sphere and 2 Shapes","floor":38,"turns":3},{"damage":0,"enemies":"Reptomancer","floor":41,"turns":3},{"damage":0,"enemies":"Mind Bloom Boss Battle","floor":44,"turns":3},{"damage":0,"enemies":"Maw","floor":46,"turns":3},{"damage":0,"enemies":"Transient","floor":47,"turns":5},{"damage":0,"enemies":"Time Eater","floor":50,"turns":1},{"damage":0,"enemies":"Shield and Spear","floor":54,"turns":2},{"damage":0,"enemies":"The Heart","floor":55,"turns":3}],"seed_played":"1694688921771645667","potions_obtained":[{"floor":5.0,"key":"GamblersBrew"},{"floor":10.0,"key":"DistilledChaos"},{"floor":11.0,"key":"Strength Potion"},{"floor":13.0,"key":"Strength Potion"},{"floor":29.0,"key":"LiquidMemories"},{"floor":36,"key":"Weak Potion"}],"is_trial":false,"path_per_floor":["M","?","$","?","M","R","E","M","T","M","M","R","E","$","R","B",null,"M","?","M","M","$","E","R","?","T","?","E","M","?","M","R","B",null,"M","M","$","M","?","R","E","R","T","?","R","M","M","$","R","B",null,"R","$","E","B",null],"character_chosen":"REIMU","items_purchased":["Toolbox","Membership Card","Medical Kit","HornCleat","Eternal Feather","Letter Opener","PowerPotion","ChaosCard","GuppysHairball","SatanicBible","TentaclePot:ReiMu","Sling","testmod-Justice","testmod-TurbochargingSystem","Orichalcum","BlastKick2:ReiMu","DependentForm:ReiMu","Diplopia","GuppysPaw","GuppysCollar","OrangePellets","DemoMod:WeirdEgg","Frozen Eye","DemoMod:NanoMachines","SkyOrb:ReiMu","DemoMod:WhiteGuonStone","Mummified Hand","Leech","DemoMod:GreenGuonStone","Ornamental Fan","Strange Spoon","NineCharacters:ReiMu","HandDrill","CheatingSign:ReiMu","BelialBook","TheBean","DemoMod:ClearGuonStone"],"campfire_rested":0,"item_purchase_floors":[3,14,14,14,14,14,14,14,17,17,22,22,22,22,22,22,22,22,34,34,37,37,37,37,37,37,48,48,48,48,48,48,53,53,53,53,53],"current_hp_per_floor":[59,48,48,48,48,48,48,48,48,32,26,26,21,21,30,30,38,14,54,54,39,39,39,48,48,48,48,48,44,44,44,53,53,50,50,50,50,50,50,50,50,50,50,50,50,50,50,50,50,50,50,50,50,50,50],"gold":965,"neow_bonus":"THREE_ENEMY_KILL","is_daily":false,"chose_seed":false,"campfire_upgraded":9,"win_rate":0.0,"timestamp":1614425068,"path_taken":["M","?","$","?","M","R","E","M","T","?","M","R","E","$","R","BOSS","M","?","M","?","$","E","R","?","T","?","E","M","?","M","R","BOSS","M","M","$","M","?","R","E","R","T","?","R","M","?","$","R","BOSS","R","$","E","BOSS"],"items_purchased_type":["Relic","Relic","Relic","Relic","Relic","Relic","Potion","Card","Relic","Relic","Relic","Relic","Relic","Relic","Relic","Card","Card","Relic","Relic","Relic","Relic","Relic","Relic","Relic","Relic","Relic","Relic","Relic","Relic","Relic","Relic","Card","Relic","Relic","Relic","Relic","Relic"],"build_version":"2020-12-22","purchased_purges":9,"victory":true,"max_hp_per_floor":[65,65,65,65,65,65,65,65,65,65,65,65,65,65,65,65,40,40,80,80,80,80,80,80,80,80,80,80,80,80,80,80,80,50,50,50,50,50,50,50,50,50,50,50,50,50,50,50,50,50,50,50,50,50,50],"card_choices":[{"not_picked":["Enchanting:ReiMu","WonderfulDomain:ReiMu"],"picked":"Bomb","floor":1.0},{"not_picked":["TightArray:ReiMu","Amulet:ReiMu"],"picked":"AirStrike:ReiMu","floor":5.0},{"not_picked":["CardOfSanctity:ReiMu","PassingAway:ReiMu"],"picked":"Bomb","floor":7.0},{"not_picked":["SubcavityInstant:ReiMu","AlertArray:ReiMu","Amulet:ReiMu"],"picked":"SKIP","floor":8.0},{"not_picked":["SpringWay:ReiMu","YinYangSange:ReiMu"],"picked":"FoulBorder2:ReiMu","floor":10.0},{"not_picked":["MikOfLucky:ReiMu","Revelation:ReiMu"],"picked":"LovePray:ReiMu","floor":11.0},{"not_picked":["PrepareRite:ReiMu","Amulet:ReiMu"],"picked":"RainPray2:ReiMu","floor":13.0},{"not_picked":["Shading:ReiMu","OctopathSalyBorderN:ReiMu"],"picked":"SubcavityFantasy:ReiMu","floor":16.0},{"not_picked":["FineLineFantasy:ReiMu","LearningPray:ReiMu","SpreadBorder2:ReiMu"],"picked":"SKIP","floor":18.0},{"not_picked":["Enchanting:ReiMu","InherentArray:ReiMu"],"picked":"CareerPray:ReiMu+1","floor":20.0},{"not_picked":["AlertArray:ReiMu","SafetyPray:ReiMu","SpringWay:ReiMu"],"picked":"SKIP","floor":21.0},{"not_picked":["DependentForm:ReiMu","TightArray:ReiMu"],"picked":"PrayRite:ReiMu","floor":23.0},{"not_picked":["AirStrike:ReiMu","AlertArray:ReiMu","Enchanting:ReiMu+1"],"picked":"SKIP","floor":28.0},{"not_picked":["WonderfulDomain:ReiMu","SpreadBorder2:ReiMu"],"picked":"TightArray:ReiMu","floor":29.0},{"not_picked":["LovePray:ReiMu","Enchanting:ReiMu"],"picked":"SafetyPray:ReiMu+1","floor":31.0},{"not_picked":["DependentForm:ReiMu","HakureiPhantom:ReiMu"],"picked":"YinYang:ReiMu","floor":33},{"not_picked":["Mountainwind:ReiMu+1","PassingAway:ReiMu+1","SpreadBorder2:ReiMu+1"],"picked":"SKIP","floor":35},{"not_picked":["Amulet:ReiMu","RainPray2:ReiMu","AlertArray:ReiMu"],"picked":"SKIP","floor":36},{"not_picked":["KamiSacrifice:ReiMu+1","Enchanting:ReiMu+1","Dreaming2:ReiMu"],"picked":"SKIP","floor":38},{"not_picked":["AlertArray:ReiMu+1","Revelation:ReiMu+1","Conquer:ReiMu+1"],"picked":"SKIP","floor":41},{"not_picked":["CareerPray:ReiMu+1","FantasyBorder:ReiMu+1"],"picked":"OrbThrow:ReiMu+1","floor":46},{"not_picked":["UpKicking:ReiMu","FoulBorder2:ReiMu","MikOfLucky:ReiMu"],"picked":"SKIP","floor":47},{"not_picked":["RainPray2:ReiMu","TightArray:ReiMu","SubcavityInstant:ReiMu"],"picked":"SKIP","floor":54}],"player_experience":1204617,"relics_obtained":[{"floor":7.0,"key":"DemoMod:PoisonVial"},{"floor":13.0,"key":"BookOfRevelations"},{"floor":23.0,"key":"Mastiff:ReiMu"},{"floor":26.0,"key":"Bottled Lightning"},{"floor":28.0,"key":"testmod-InjuryResistance"},{"floor":41,"key":"TungstenRod"},{"floor":43,"key":"Sundial"},{"floor":44,"key":"Pocketwatch"},{"floor":54,"key":"War Paint"}],"event_choices":[{"damage_healed":0.0,"max_hp_gain":0.0,"max_hp_loss":0.0,"gold_gain":75.0,"event_name":"World of Goop","player_choice":"Gather Gold","floor":2.0,"gold_loss":0.0,"damage_taken":11.0},{"damage_healed":0.0,"max_hp_gain":0.0,"max_hp_loss":0.0,"gold_gain":175.0,"event_name":"Liars Game","player_choice":"AGREE","floor":4.0,"gold_loss":0.0,"damage_taken":0.0,"cards_obtained":["Doubt"]},{"damage_healed":0.0,"max_hp_gain":0.0,"max_hp_loss":0.0,"gold_gain":0.0,"event_name":"给自己的盒子","player_choice":"Swap Relic","floor":19.0,"relics_lost":["testmod-HarvestTotem"],"gold_loss":0.0,"damage_taken":0.0,"relics_obtained":["testmod-HarvestTotem"]},{"damage_healed":0.0,"max_hp_gain":0.0,"max_hp_loss":0.0,"gold_gain":0.0,"event_name":"Ghosts","player_choice":"Ignored","floor":25.0,"gold_loss":0.0,"damage_taken":0.0},{"damage_healed":0.0,"max_hp_gain":0.0,"max_hp_loss":0.0,"gold_gain":0.0,"event_name":"Vampires","player_choice":"Ignored","floor":27.0,"gold_loss":0.0,"damage_taken":0.0},{"cards_removed":["Strike_Lin:ReiMu"],"damage_healed":0.0,"max_hp_gain":0.0,"max_hp_loss":0.0,"gold_gain":0.0,"event_name":"Back to Basics","player_choice":"Elegance","floor":30.0,"gold_loss":0.0,"damage_taken":0.0},{"damage_healed":0,"gold_gain":0,"player_choice":"Fight","damage_taken":0,"max_hp_gain":0,"max_hp_loss":0,"event_name":"MindBloom","floor":44,"gold_loss":0}],"is_beta":false,"boss_relics":[{"not_picked":["ChampionBelt","Fusion Hammer"],"picked":"testmod-Temperance"},{"not_picked":[]},{"not_picked":["Snecko Eye","Runic Pyramid"],"picked":"ShineYinYang:ReiMu"},{"not_picked":[]}],"items_purged_floors":[3,14,17,22,34,37,48,53,53],"is_endless":false,"potions_floor_spawned":[5,10,11,13,18,29,31,36,46],"ascension_level":10}}