{"host":"mtqc4a62lmlvqbqj","time":1614461146,"event":{"mods":["AchievementEnabler","BaseMod","Better Altar","Better Match","Better Note","Better Third Choice","BetterRewards","Marisa????????","Minty Spire (QoL Compilation)","StSLib","The Cursed"],"gold_per_floor":[115,135,150,250,269,269,31,43,43,62,78,107,117,150,150,246,246,265,19,29,45,63,63,95,112,112,112,129,154,172,191,191,289,289,299,318,318,335,349,379,379,399,399,399,9,19,0,14,14,14],"floor_reached":51,"language":"ENG","playtime":3756,"items_purged":["Strike_R","Strike_R"],"score":962,"play_id":"c43569e5-5ba7-4856-a9c4-575d953c3944","local_time":"20210227222546","is_ascension_mode":true,"campfire_choices":[{"floor":6,"key":"RECALL"},{"data":"1","floor":15,"key":"LIFT"},{"data":"Apotheosis","floor":23,"key":"SMITH"},{"data":"2","floor":27,"key":"LIFT"},{"data":"3","floor":32,"key":"LIFT"},{"floor":41,"key":"REST"},{"floor":44,"key":"REST"},{"data":"Juggernaut","floor":49,"key":"SMITH"}],"circlet_count":0,"master_deck":["Strike_R","Strike_R","Defend_R","Defend_R","Defend_R","Defend_R","Bash","Armaments","Metallicize","Juggernaut","Thunderclap","Iron Wave","Body Slam","Flame Barrier","Juggernaut+1","Shrug It Off","Armaments","Battle Trance","Double Tap","Ghostly Armor","Barricade+1","Metallicize","Apotheosis+1","Headbutt+1","Body Slam","Juggernaut"],"relics":["Black Blood","Orrery","Cursed Key","Girya","Incense Burner","Kunai","Boot","Runic Dome","Potion Belt","TungstenRod","Red Mask"],"acts_visited":["Exordium","TheCity","TheBeyond"],"potions_floor_usage":[10,12,16,24,29,30,31,39,40,42,50,50],"damage_taken":[{"damage":0,"enemies":"Cultist","floor":1,"turns":3},{"damage":0,"enemies":"Jaw Worm","floor":2,"turns":3},{"damage":5,"enemies":"Small Slimes","floor":3,"turns":2},{"damage":0,"enemies":"Exordium Wildlife","floor":5,"turns":3},{"damage":4,"enemies":"2 Fungi Beasts","floor":8,"turns":3},{"damage":5,"enemies":"Lots of Slimes","floor":10,"turns":3},{"damage":7,"enemies":"Exordium Wildlife","floor":11,"turns":4},{"damage":15,"enemies":"Lagavulin","floor":12,"turns":6},{"damage":4,"enemies":"2 Fungi Beasts","floor":13,"turns":3},{"damage":2,"enemies":"3 Sentries","floor":14,"turns":5},{"damage":13,"enemies":"Hexaghost","floor":16,"turns":7},{"damage":7,"enemies":"Shell Parasite","floor":18,"turns":6},{"damage":0,"enemies":"3 Byrds","floor":20,"turns":4},{"damage":0,"enemies":"Shelled Parasite and Fungi","floor":21,"turns":6},{"damage":0,"enemies":"Snake Plant","floor":22,"turns":5},{"damage":0,"enemies":"Gremlin Leader","floor":24,"turns":5},{"damage":0,"enemies":"Snecko","floor":25,"turns":5},{"damage":3,"enemies":"3 Cultists","floor":28,"turns":5},{"damage":15,"enemies":"Slavers","floor":29,"turns":5},{"damage":2,"enemies":"Sentry and Sphere","floor":30,"turns":6},{"damage":22,"enemies":"Shelled Parasite and Fungi","floor":31,"turns":5},{"damage":11,"enemies":"Collector","floor":33,"turns":7},{"damage":3,"enemies":"3 Shapes","floor":35,"turns":4},{"damage":2,"enemies":"Orb Walker","floor":36,"turns":4},{"damage":9,"enemies":"3 Darklings","floor":38,"turns":5},{"damage":22,"enemies":"Maw","floor":39,"turns":6},{"damage":57,"enemies":"Reptomancer","floor":40,"turns":6},{"damage":14,"enemies":"Sphere and 2 Shapes","floor":42,"turns":5},{"damage":14,"enemies":"Jaw Worm Horde","floor":46,"turns":4},{"damage":0,"enemies":"Maw","floor":48,"turns":6},{"damage":75,"enemies":"Donu and Deca","floor":50,"turns":10}],"seed_played":"8587533874174161337","potions_obtained":[{"floor":3,"key":"Weak Potion"},{"floor":8,"key":"Strength Potion"},{"floor":10,"key":"Strength Potion"},{"floor":18,"key":"Weak Potion"},{"floor":20,"key":"LiquidMemories"},{"floor":28,"key":"Regen Potion"},{"floor":29,"key":"ColorlessPotion"},{"floor":31,"key":"ElixirPotion"},{"floor":33,"key":"FearPotion"},{"floor":38,"key":"SkillPotion"},{"floor":40,"key":"Explosive Potion"},{"floor":42,"key":"Fire Potion"}],"is_trial":false,"path_per_floor":["M","M","M","?","M","R","$","M","T","M","M","E","M","E","R","B",null,"M","$","M","M","M","R","E","M","T","R","M","E","M","M","R","B",null,"M","M","?","M","M","E","R","M","T","R","$","M","?","M","R","B",null],"character_chosen":"IRONCLAD","items_purchased":["Armaments","Metallicize","Orrery","Body Slam","Flame Barrier","Juggernaut","Double Tap","Metallicize","Apotheosis","TungstenRod"],"campfire_rested":2,"item_purchase_floors":[0,0,0,0,0,0,7,19,19,45],"current_hp_per_floor":[51,57,58,58,64,64,64,66,66,67,66,57,59,63,63,56,80,80,80,80,80,80,80,80,80,80,80,80,77,80,77,77,78,80,80,80,80,80,70,25,49,47,47,71,71,69,69,80,80,17],"gold":14,"neow_bonus":"","is_daily":false,"chose_seed":false,"campfire_upgraded":2,"win_rate":0.0,"timestamp":1614461146,"path_taken":["M","M","M","?","M","R","$","M","T","M","M","E","?","E","R","BOSS","M","$","M","M","M","R","E","M","T","R","M","E","M","M","R","BOSS","M","M","?","M","M","E","R","M","T","R","$","?","?","M","R","BOSS"],"items_purchased_type":["Card","Card","Relic","Card","Card","Card","Card","Card","Card","Relic"],"build_version":"2020-12-22","purchased_purges":2,"victory":true,"max_hp_per_floor":[80,80,80,80,80,80,80,80,80,80,80,80,80,80,80,80,80,80,80,80,80,80,80,80,80,80,80,80,80,80,80,80,80,80,80,80,80,80,80,80,80,80,80,80,80,80,80,80,80,80],"card_choices":[{"not_picked":["Battle Trance","Exhume"],"picked":"Juggernaut","floor":0},{"not_picked":["Sword Boomerang","Cleave"],"picked":"Thunderclap","floor":0},{"not_picked":["Thunderclap","Uppercut"],"picked":"Iron Wave","floor":0},{"not_picked":["Evolve","Pommel Strike"],"picked":"Shrug It Off","floor":1},{"not_picked":["Blood for Blood","Warcry"],"picked":"Armaments","floor":2},{"not_picked":["Fire Breathing","Flex","Sentinel"],"picked":"SKIP","floor":3},{"not_picked":["Twin Strike","Havoc"],"picked":"Battle Trance","floor":5},{"not_picked":["Reckless Charge","Anger","Combust"],"picked":"SKIP","floor":8},{"not_picked":["Exhume","Twin Strike","Rage"],"picked":"SKIP","floor":10},{"not_picked":["Iron Wave","True Grit","Cleave"],"picked":"SKIP","floor":11},{"not_picked":["Cleave","Pummel","Shockwave"],"picked":"SKIP","floor":12},{"not_picked":["Flex","Sword Boomerang","Sentinel"],"picked":"SKIP","floor":13},{"not_picked":["Heavy Blade","Brutality"],"picked":"Ghostly Armor","floor":14},{"not_picked":["Fiend Fire","Limit Break"],"picked":"Barricade","floor":16},{"not_picked":["Clothesline","Sword Boomerang","Wild Strike+1"],"picked":"SKIP","floor":18},{"not_picked":["Pummel+1","Spot Weakness+1","Wild Strike"],"picked":"SKIP","floor":20},{"not_picked":["Flex+1","Clothesline+1","Heavy Blade"],"picked":"SKIP","floor":21},{"not_picked":["Heavy Blade+1","Evolve+1","Clash+1"],"picked":"SKIP","floor":22},{"not_picked":["Cleave","Inflame+1"],"picked":"Headbutt+1","floor":24},{"not_picked":["Perfected Strike+1","Clothesline","Warcry"],"picked":"SKIP","floor":25},{"not_picked":["Bloodletting","Rampage","Infernal Blade"],"picked":"SKIP","floor":28},{"not_picked":["Feel No Pain+1","Offering","Headbutt"],"picked":"SKIP","floor":29},{"not_picked":["Warcry","Twin Strike+1","Perfected Strike"],"picked":"SKIP","floor":30},{"not_picked":["Uppercut","Flame Barrier+1"],"picked":"Body Slam","floor":31},{"not_picked":["Reaper","Barricade"],"picked":"Juggernaut","floor":33},{"not_picked":["Havoc+1","Clothesline","Body Slam"],"picked":"SKIP","floor":35},{"not_picked":["Wild Strike","Flex+1","Inflame+1"],"picked":"SKIP","floor":36},{"not_picked":["Perfected Strike","Anger","Sever Soul"],"picked":"SKIP","floor":38},{"not_picked":["Flex","Wild Strike","Anger+1"],"picked":"SKIP","floor":39},{"not_picked":["Power Through","Clothesline","Anger"],"picked":"SKIP","floor":40},{"not_picked":["Impervious","Sword Boomerang+1","Perfected Strike"],"picked":"SKIP","floor":42},{"not_picked":["Pommel Strike+1","Metallicize+1","Thunderclap"],"picked":"SKIP","floor":46},{"not_picked":["Perfected Strike+1","Pommel Strike+1","Headbutt+1"],"picked":"SKIP","floor":48}],"player_experience":61197,"relics_obtained":[{"floor":12,"key":"Girya"},{"floor":14,"key":"Incense Burner"},{"floor":24,"key":"Kunai"},{"floor":29,"key":"Boot"},{"floor":40,"key":"Potion Belt"}],"event_choices":[{"damage_healed":0,"gold_gain":100,"player_choice":"Pray","damage_taken":0,"max_hp_gain":0,"max_hp_loss":0,"event_name":"Golden Shrine","floor":4,"gold_loss":0},{"damage_healed":0,"gold_gain":0,"player_choice":"Upgraded","damage_taken":0,"max_hp_gain":0,"max_hp_loss":0,"event_name":"Upgrade Shrine","floor":37,"gold_loss":0,"cards_upgraded":["Barricade"]},{"damage_healed":0,"gold_gain":0,"player_choice":"Paid","damage_taken":0,"relics_obtained":["Red Mask"],"max_hp_gain":0,"max_hp_loss":0,"event_name":"Tomb of Lord Red Mask","floor":47,"gold_loss":19}],"is_beta":false,"boss_relics":[{"not_picked":["Mark of Pain","Ectoplasm"],"picked":"Black Blood"},{"not_picked":["Busted Crown","Runic Pyramid"],"picked":"Runic Dome"}],"items_purged_floors":[7,45],"is_endless":false,"potions_floor_spawned":[3,8,10,18,20,28,29,31,33,38,40,42],"ascension_level":1}}