{"host":"fbdlh90rovbiajun","time":1614454222,"event":{"mods":["AchievementEnabler","BaseMod","Colored Map","Keyboard Shortcuts","Minty Spire (QoL Compilation)","SuperFastMode"],"gold_per_floor":[111,111,111,129,79,98,98,130,154,79,92,92,92],"floor_reached":12,"language":"KOR","playtime":154,"items_purged":["Defend_P"],"score":125,"play_id":"36a7db7a-ec14-4d9a-9ab9-7f06648e0d54","local_time":"20210228043022","is_ascension_mode":true,"campfire_choices":[{"data":"Eruption","floor":7,"key":"SMITH"}],"circlet_count":0,"master_deck":["AscendersBane","Strike_P","Strike_P","Strike_P","Strike_P","Defend_P","Defend_P","Defend_P","Eruption+1","Vigilance","Adaptation"],"relics":["PureWater","NeowsBlessing","Centennial Puzzle","Lantern","Orichalcum","Toy Ornithopter"],"acts_visited":["Exordium"],"potions_floor_usage":[12,12],"damage_taken":[{"damage":0,"enemies":"Cultist","floor":1,"turns":1},{"damage":0,"enemies":"Jaw Worm","floor":4,"turns":1},{"damage":0,"enemies":"Small Slimes","floor":6,"turns":1},{"damage":48,"enemies":"Gremlin Nob","floor":8,"turns":4},{"damage":6,"enemies":"Exordium Wildlife","floor":11,"turns":4},{"damage":32,"enemies":"Lagavulin","floor":12,"turns":3}],"seed_played":"2144603550461547379","potions_obtained":[{"floor":4,"key":"Fire Potion"},{"floor":6,"key":"Block Potion"},{"floor":8,"key":"GamblersBrew"}],"is_trial":false,"path_per_floor":["M","?","?","M","?","M","R","E","T","$","M","E"],"character_chosen":"WATCHER","items_purchased":[],"campfire_rested":0,"item_purchase_floors":[],"current_hp_per_floor":[65,58,58,58,58,58,58,10,10,10,4,0,0],"gold":92,"neow_bonus":"THREE_ENEMY_KILL","is_daily":false,"chose_seed":false,"campfire_upgraded":1,"win_rate":0.0,"timestamp":1614454222,"path_taken":["M","?","?","M","?","?","R","E","T","$","M","E"],"items_purchased_type":[],"build_version":"2020-12-22","purchased_purges":1,"victory":false,"max_hp_per_floor":[72,72,72,72,72,72,72,72,72,72,72,72,72],"card_choices":[{"not_picked":["BowlingBash","EmptyBody","Vengeance"],"picked":"SKIP","floor":1},{"not_picked":["Prostrate","FlyingSleeves","ForeignInfluence"],"picked":"SKIP","floor":4},{"not_picked":["BowlingBash","Nirvana","FlurryOfBlows"],"picked":"SKIP","floor":6},{"not_picked":["FlurryOfBlows","ReachHeaven"],"picked":"Adaptation","floor":8},{"not_picked":["CutThroughFate","Blasphemy","FollowUp"],"picked":"SKIP","floor":11}],"player_experience":152588,"relics_obtained":[{"floor":8,"key":"Orichalcum"},{"floor":9,"key":"Toy Ornithopter"}],"event_choices":[{"damage_healed":0,"gold_gain":0,"player_choice":"Success","damage_taken":7,"relics_obtained":["Centennial Puzzle"],"max_hp_gain":0,"max_hp_loss":0,"event_name":"Scrap Ooze","floor":2,"gold_loss":0},{"damage_healed":0,"gold_gain":0,"player_choice":"Box","damage_taken":0,"relics_obtained":["Lantern"],"max_hp_gain":0,"max_hp_loss":0,"event_name":"Big Fish","floor":3,"gold_loss":0,"cards_obtained":["Regret"]},{"cards_removed":["Regret"],"damage_healed":0,"gold_gain":0,"player_choice":"Card Removal","damage_taken":0,"max_hp_gain":0,"max_hp_loss":0,"event_name":"The Cleric","floor":5,"gold_loss":50}],"is_beta":false,"boss_relics":[],"items_purged_floors":[10],"is_endless":false,"potions_floor_spawned":[4,6,8],"killed_by":"Lagavulin","ascension_level":12}}