{"host":"38abhf7uonnoqlzr","time":1614440460,"event":{"mods":["Act Like it!","Arknights","Aspiration","BaseMod","Better Note","Better Third Choice","Block Reminder","CapriCore","Colored Map","Conspire","Displayed Cursed Tome","Dota2Spire","Energized Spire","Extra Virgin Snecko Oil","Friendly Minions","Hallownest","Hubris","Minty Spire (QoL Compilation)","Pale of the Ancients","Rare Cards Sparkle","Relic Stats","Reliquary","Replay The Spire","Spicy Shops","Spire Arcade","StSLib","Waifu the Spire"],"gold_per_floor":[113,132,132,332,18,52,65,65,65],"floor_reached":8,"language":"ENG","playtime":729,"items_purged":[],"score":56,"play_id":"53f998b4-1554-4e20-9cec-81508cc25178","local_time":"20210227164100","is_ascension_mode":false,"campfire_choices":[],"circlet_count":0,"master_deck":["ats:Strike C","ats:Strike G","ats:Strike S","ats:Strike V","ats:Armor Crushing Shot","ats:Defend","ats:Defend","ats:Defend","ats:Defend","ats:Emotion Absorption","ats:Composite Medical Shells","ats:Echo Reverb","ats:Defend Order","ats:Defend Order","ats:Leaping Hammer"],"relics":["ats:Sanity","aspiration:HummingbirdHeart","ats:Originium","MealTicket"],"acts_visited":["Exordium"],"potions_floor_usage":[7],"damage_taken":[{"damage":0.0,"enemies":"Small Slimes","floor":1.0,"turns":3.0},{"damage":4.0,"enemies":"ats:Genji","floor":2.0,"turns":5.0},{"damage":66,"enemies":"Gremlin Nob","floor":6,"turns":6},{"damage":0,"enemies":"Cultist","floor":7,"turns":4},{"damage":18,"enemies":"Lagavulin","floor":8,"turns":4}],"seed_played":"6288632612850680814","potions_obtained":[{"floor":6,"key":"AttackPotion"}],"is_trial":false,"path_per_floor":["M","M","?","?","$","E","M","E"],"character_chosen":"DOCTOR_CLASS","items_purchased":["aspiration:HummingbirdHeart","ats:Defend Order"],"campfire_rested":0,"item_purchase_floors":[5,5],"current_hp_per_floor":[79,75,75,75,75,9,9,0,0],"gold":65,"neow_bonus":"TEN_PERCENT_HP_BONUS","is_daily":false,"chose_seed":false,"campfire_upgraded":0,"win_rate":0.0,"timestamp":1614440460,"path_taken":["M","M","?","?","$","E","M","E"],"items_purchased_type":["Relic","Card"],"build_version":"2020-12-22","purchased_purges":0,"victory":false,"max_hp_per_floor":[79,79,79,79,79,79,79,79,79],"relic_stats":{"counters":[5,22],"MealTicket":0,"obtain_stats":[{"ats:Originium":6,"MealTicket":6,"aspiration:HummingbirdHeart":5,"ats:Sanity":0},{"ats:Originium":3,"MealTicket":3,"aspiration:HummingbirdHeart":2,"ats:Sanity":0},{"ats:Originium":14,"MealTicket":14,"aspiration:HummingbirdHeart":8,"ats:Sanity":0}]},"card_choices":[{"not_picked":["ats:Hammer On","ats:Curse Doll"],"picked":"ats:Composite Medical Shells","floor":1.0},{"not_picked":["ats:Powerful Strike","ats:Absolute Focus"],"picked":"ats:Echo Reverb","floor":2.0},{"not_picked":["ats:Shell Defense","ats:Collapsing Strike"],"picked":"ats:Defend Order","floor":6},{"not_picked":["ats:Flexible Camouflage","ats:Soul Absorption"],"picked":"ats:Leaping Hammer","floor":7}],"player_experience":206265,"relics_obtained":[{"floor":6,"key":"ats:Originium"},{"floor":6,"key":"MealTicket"}],"event_choices":[{"damage_healed":75.0,"max_hp_gain":0.0,"max_hp_loss":79.0,"gold_gain":0.0,"event_name":"betterThird:BetterShining","player_choice":"Leave","floor":3.0,"gold_loss":0.0,"damage_taken":0.0}],"is_beta":false,"boss_relics":[],"items_purged_floors":[],"is_endless":false,"potions_floor_spawned":[6],"killed_by":"Lagavulin","ascension_level":0}}