{"host":"t6w2q9o6m1ipuhb5","time":1614390513,"event":{"mods":["100% Spire Juice","2.2 Compatiblity","Abigail Mod","AchievementEnabler","Act Like it!","Aspiration","Aya Shameimaru","BaseMod","Better Third Choice","BetterRewards","CapriCore","Chen","Colored Map","Colored Powertips","Conspire","Curses Come First","Dark Map","Downfall","Friendly Minions","Gensokyo","GifTheSpireLib","Halation","Hallownest","Hermit","Highlight Path","Hubris","Infinite Spire","Koishi","Marisa????????","Mimic Mod","Minty Spire (QoL Compilation)","Onozuka Komachi Mod","Permanent Neow","Prisma Mod","Quick Restart","Reimu??????","Remilia??????","Replay The Spire","StSLib","SuperFastMode","Td1madao Mod","The Alterego","The Bug Knight","The Immortal","The Saiyan","The Senshi","The Servant 0.9.4","The Wild Card","Waifu the Spire","??????REMEMod"],"gold_per_floor":[95,95,109,109,132,132,147,147,195,195,195,195,4,4,4,133,133,147,147,20,20,20,64,64,64,64],"floor_reached":25,"language":"ENG","playtime":1610,"items_purged":[],"score":280,"play_id":"4f6c2918-dd37-48b6-a537-5666a89e9550","local_time":"20210226204833","is_ascension_mode":false,"campfire_choices":[{"data":"Saiyan:KaioKen","floor":6,"key":"SMITH"},{"data":"Saiyan:KameHameHa","floor":6,"key":"SMITH"},{"data":"Saiyan:DrainingStrike","floor":8,"key":"SMITH"},{"data":"Saiyan:DoubleMasenko","floor":8,"key":"SMITH"},{"data":"Saiyan:WarmUp","floor":11,"key":"SMITH"},{"data":"Saiyan:KiExplosion","floor":11,"key":"SMITH"},{"floor":15,"key":"REST"},{"data":"Saiyan:PowerStance","floor":24,"key":"SMITH"},{"data":"infinitespire:UltimateForm","floor":24,"key":"SMITH"}],"circlet_count":0,"master_deck":["conspire:GhostlyStrike","conspire:GhostlyStrike","conspire:GhostlyStrike","conspire:GhostlyDefend","conspire:GhostlyDefend","conspire:GhostlyDefend","conspire:GhostlyDefend","Saiyan:EnergyBlast","Saiyan:KaioKen+1","Saiyan:RuthlessBlow","Secret Weapon","Saiyan:KiExplosion+1","Saiyan:DrainingStrike+1","Saiyan:KameHameHa+1","Saiyan:DoubleMasenko+1","Saiyan:WarmUp+1","Saiyan:Quickening","Saiyan:GhostAttack","Saiyan:MonkeyTail+1","Saiyan:DrainingStrike","Saiyan:PowerStance+1","Saiyan:MeteorDash","infinitespire:UltimateForm+1","Saiyan:Flurry"],"relics":["SaiyanSoul","SaiyanHeart","REME_ComplimentaryCards","Replay:Arrowhead","Golden Idol","Mirror","aspiration:AnachronicSnailShell","Blue Candle","conspire:RoyalGoblet","hubris:BundleOfHerbs","halation:BlackBeret"],"acts_visited":["Exordium","TheCity"],"potions_floor_usage":[16,16],"damage_taken":[{"damage":0,"enemies":"Jaw Worm","floor":1,"turns":4},{"damage":0,"enemies":"2 Louse","floor":3,"turns":2},{"damage":7,"enemies":"conspire:RoseBush","floor":5,"turns":3},{"damage":2,"enemies":"2 Fungi Beasts","floor":7,"turns":3},{"damage":0,"enemies":"Large Slime","floor":9,"turns":5},{"damage":1,"enemies":"Fading Forest","floor":16,"turns":11},{"damage":25,"enemies":"conspire:FuzzyDice","floor":18,"turns":5},{"damage":42,"enemies":"Slavers","floor":23,"turns":3},{"damage":33,"enemies":"REME_1_Revenger","floor":25,"turns":4}],"seed_played":"-4391189968115684994","potions_obtained":[{"floor":1,"key":"LifebloodPotion"},{"floor":5,"key":"DistilledChaos"},{"floor":23,"key":"SteroidPotion"}],"is_trial":false,"path_per_floor":["M","?","M","?","M","R","M","R","MIM","?","R","?","$","?","R","B",null,"M","?","$","?","AVR","E","R","E"],"character_chosen":"SAIYAJIN","items_purchased":["Saiyan:Quickening","Saiyan:GhostAttack","Saiyan:PowerStance","Saiyan:MeteorDash"],"campfire_rested":1,"item_purchase_floors":[13,13,20,20],"current_hp_per_floor":[43,28,28,28,23,23,22,22,25,14,14,9,9,9,29,39,68,47,47,47,71,71,30,30,0,0],"gold":64,"neow_bonus":"ONE_RARE_RELIC","is_daily":false,"chose_seed":false,"campfire_upgraded":8,"win_rate":0.0,"timestamp":1614390513,"path_taken":["M","?","M","?","M","R","M","R","MIM","?","R","?","$","?","R","BOSS","M","?","$","?","AVR","E","R","E"],"items_purchased_type":["Card","Card","Card","Card"],"build_version":"2020-12-22","purchased_purges":0,"victory":false,"max_hp_per_floor":[61,61,61,61,63,63,64,64,67,67,67,67,67,67,67,68,68,72,72,72,72,72,73,73,73,73],"card_choices":[{"not_picked":["Saiyan:Planning","Saiyan:RemoveWeights"],"picked":"Saiyan:KiExplosion","floor":1},{"not_picked":["Saiyan:Planning","Saiyan:SoulSpice"],"picked":"Saiyan:DrainingStrike","floor":3},{"not_picked":["Saiyan:AugmentedBlast","Saiyan:DragonFist"],"picked":"Saiyan:KameHameHa","floor":5},{"not_picked":["Saiyan:DrainingStrike","Saiyan:DragonFist"],"picked":"Saiyan:DoubleMasenko","floor":7},{"not_picked":["Saiyan:DoubleMasenko","Saiyan:DragonFist"],"picked":"Saiyan:WarmUp","floor":9},{"not_picked":["Saiyan:MindBoom","Saiyan:MajinSeal"],"picked":"Saiyan:MonkeyTail","floor":16},{"not_picked":["Saiyan:BurningSoul","Saiyan:PressOn"],"picked":"Saiyan:DrainingStrike","floor":18},{"not_picked":["Saiyan:Afterimage","Saiyan:RemoveWeights"],"picked":"Saiyan:Flurry","floor":23}],"player_experience":298293,"relics_obtained":[{"floor":23,"key":"halation:BlackBeret"}],"event_choices":[{"damage_healed":0,"gold_gain":0,"player_choice":"Take Damage","damage_taken":15,"relics_obtained":["Golden Idol"],"max_hp_gain":0,"max_hp_loss":0,"event_name":"Golden Idol","floor":2,"gold_loss":0},{"damage_healed":0,"gold_gain":0,"player_choice":"Agree","damage_taken":0,"max_hp_gain":0,"max_hp_loss":0,"event_name":"conspire:LoneGhost","floor":4,"gold_loss":0},{"damage_healed":0,"gold_gain":1,"player_choice":"Relic Relic ","damage_taken":11,"max_hp_gain":0,"max_hp_loss":0,"event_name":"betterThird:BetterScrap","floor":10,"gold_loss":0,"cards_obtained":["ReplayTheSpireMod:Necrosis"]},{"damage_healed":24,"gold_gain":0,"player_choice":"Heal","damage_taken":0,"max_hp_gain":0,"max_hp_loss":0,"event_name":"The Library","floor":21,"gold_loss":0}],"is_beta":false,"boss_relics":[{"not_picked":["Tiny House","halation:Prosthetics"],"picked":"conspire:RoyalGoblet"}],"items_purged_floors":[],"is_endless":false,"potions_floor_spawned":[1,5,23],"killed_by":"REME_1_Revenger","ascension_level":0}}