{"host":"2rbn7ywmirq5y689","time":1614448882,"event":{"mods":["BaseMod","Bestiary","Colored Map","Colored Powertips","Highlight Path","Minty Spire (QoL Compilation)","Rare Cards Sparkle","Relic Stats","StSLib"],"gold_per_floor":[119,134,146,116,45,45,45,74,97,97,115,115,290,309,309,404,404,423,522,333,333,345,371,371,190,190,190,208,208,226,238,238,337,337,356,356,374,297,317,317,334,334,410,430,430,441,441,407,407,407],"floor_reached":51,"language":"ENG","playtime":3558,"items_purged":["Strike_R","Strike_R"],"score":865,"play_id":"714e3808-bab6-4ce8-87d2-9f59ac588175","local_time":"20210228020122","is_ascension_mode":true,"campfire_choices":[{"data":"True Grit","floor":6,"key":"SMITH"},{"data":"Whirlwind","floor":12,"key":"SMITH"},{"floor":15,"key":"REST"},{"data":"Fire Breathing","floor":24,"key":"SMITH"},{"data":"Fire Breathing","floor":27,"key":"SMITH"},{"floor":32,"key":"REST"},{"data":"Dark Embrace","floor":40,"key":"SMITH"},{"data":"Impervious","floor":42,"key":"SMITH"},{"data":"Evolve","floor":49,"key":"SMITH"}],"circlet_count":0,"master_deck":["Defend_R","Defend_R","Defend_R","Defend_R","Bash","Parasite","Dark Embrace+1","Reaper","Fire Breathing+1","Whirlwind+1","True Grit+1","Feel No Pain","Immolate","Seeing Red","Doubt","Reckless Charge","Barricade+1","Fire Breathing+1","Ghostly Armor","Metallicize","Power Through","Intimidate+1","Shrug It Off+1","Feel No Pain+1","Wild Strike","Fire Breathing","Impervious+1","Regret","Doubt","Regret","Evolve+1"],"relics":["Burning Blood","Bag of Preparation","Bag of Marbles","Strawberry","Sozu","Vajra","Cursed Key","Red Skull","Paper Frog","Pen Nib"],"acts_visited":["Exordium","TheCity","TheBeyond"],"potions_floor_usage":[16,16,16,29],"damage_taken":[{"damage":6,"enemies":"2 Louse","floor":1,"turns":3},{"damage":9,"enemies":"Jaw Worm","floor":2,"turns":4},{"damage":6,"enemies":"Cultist","floor":3,"turns":3},{"damage":12,"enemies":"Looter","floor":4,"turns":4},{"damage":40,"enemies":"Gremlin Nob","floor":8,"turns":5},{"damage":27,"enemies":"Exordium Thugs","floor":11,"turns":5},{"damage":1,"enemies":"2 Fungi Beasts","floor":14,"turns":3},{"damage":48,"enemies":"The Guardian","floor":16,"turns":14},{"damage":40,"enemies":"Shell Parasite","floor":18,"turns":5},{"damage":9,"enemies":"Chosen","floor":22,"turns":5},{"damage":19,"enemies":"Gremlin Leader","floor":23,"turns":5},{"damage":13,"enemies":"Snecko","floor":28,"turns":5},{"damage":9,"enemies":"Colosseum Slavers","floor":29,"turns":5},{"damage":27,"enemies":"Snake Plant","floor":30,"turns":6},{"damage":17,"enemies":"Sentry and Sphere","floor":31,"turns":6},{"damage":19,"enemies":"Automaton","floor":33,"turns":12},{"damage":5,"enemies":"3 Shapes","floor":35,"turns":4},{"damage":19,"enemies":"3 Darklings","floor":37,"turns":6},{"damage":25,"enemies":"Sphere and 2 Shapes","floor":39,"turns":5},{"damage":19,"enemies":"Writhing Mass","floor":41,"turns":7},{"damage":18,"enemies":"3 Darklings","floor":44,"turns":6},{"damage":21,"enemies":"Sphere and 2 Shapes","floor":46,"turns":4},{"damage":90,"enemies":"Awakened One","floor":50,"turns":10}],"seed_played":"-6332784343356399374","potions_obtained":[{"floor":1,"key":"Dexterity Potion"},{"floor":3,"key":"Swift Potion"},{"floor":14,"key":"Weak Potion"},{"floor":16,"key":"Explosive Potion"}],"is_trial":false,"path_per_floor":["M","M","M","M","$","R","?","E","T","?","M","R","?","M","R","B",null,"M","?","$","?","M","E","R","$","T","R","M","?","M","M","R","B",null,"M","?","M","$","M","R","M","R","T","M","?","M","T","$","R","B",null],"character_chosen":"IRONCLAD","items_purchased":["Feel No Pain","Fire Breathing","Ghostly Armor","Power Through","Fire Breathing","Evolve"],"campfire_rested":2,"item_purchase_floors":[5,20,20,25,38,48],"current_hp_per_floor":[80,77,77,71,71,71,71,41,48,48,34,34,34,39,65,29,87,53,53,53,53,50,41,41,41,41,41,41,46,25,14,40,27,87,87,87,84,84,65,65,52,52,52,40,87,75,75,75,75,7],"gold":407,"neow_bonus":"TRANSFORM_TWO_CARDS","is_daily":false,"chose_seed":false,"campfire_upgraded":7,"win_rate":0.0,"timestamp":1614448882,"path_taken":["M","M","M","M","$","R","?","E","T","?","?","R","?","M","R","BOSS","M","?","$","?","M","E","R","$","T","R","?","?","M","M","R","BOSS","M","?","M","$","M","R","?","R","T","M","?","M","?","?","R","BOSS"],"items_purchased_type":["Card","Card","Card","Card","Card","Card"],"build_version":"2020-12-22","purchased_purges":2,"victory":true,"max_hp_per_floor":[80,80,80,80,80,80,80,80,87,87,87,87,87,87,87,87,87,87,87,87,87,87,87,87,87,87,87,87,87,87,87,87,87,87,87,87,87,87,87,87,87,87,87,87,87,87,87,87,87,87],"relic_stats":{"Sozu":6,"counters":[23,132],"Pen Nib":[1],"Bag of Preparation":[38],"Cursed Key":2,"obtain_stats":[{"Sozu":17,"Strawberry":9,"Vajra":23,"Pen Nib":47,"Bag of Preparation":7,"Bag of Marbles":8,"Cursed Key":34,"Burning Blood":0,"Red Skull":36,"Paper Frog":43},{"Sozu":8,"Strawberry":5,"Vajra":11,"Pen Nib":22,"Bag of Preparation":4,"Bag of Marbles":5,"Cursed Key":16,"Burning Blood":0,"Red Skull":17,"Paper Frog":20},{"Sozu":41,"Strawberry":19,"Vajra":56,"Pen Nib":122,"Bag of Preparation":14,"Bag of Marbles":19,"Cursed Key":90,"Burning Blood":0,"Red Skull":94,"Paper Frog":112}],"Burning Blood":137},"card_choices":[{"not_picked":["Perfected Strike","Rampage"],"picked":"Fire Breathing","floor":1},{"not_picked":["Twin Strike","Iron Wave"],"picked":"Whirlwind","floor":2},{"not_picked":["Sword Boomerang","Iron Wave","Battle Trance"],"picked":"SKIP","floor":3},{"not_picked":["Dropkick","Disarm"],"picked":"True Grit","floor":4},{"not_picked":["Entrench","Twin Strike"],"picked":"Immolate","floor":8},{"not_picked":["Rage","Anger"],"picked":"Seeing Red","floor":11},{"not_picked":["Clash","Seeing Red"],"picked":"Reckless Charge","floor":14},{"not_picked":["Fiend Fire","Brutality"],"picked":"Barricade","floor":16},{"not_picked":["Clash","Anger","Cleave"],"picked":"SKIP","floor":18},{"not_picked":["Carnage","Ghostly Armor"],"picked":"Metallicize","floor":22},{"not_picked":["Body Slam","Dropkick","True Grit+1"],"picked":"SKIP","floor":23},{"not_picked":["Iron Wave","Body Slam"],"picked":"Intimidate+1","floor":28},{"not_picked":["Sword Boomerang","Pommel Strike"],"picked":"Shrug It Off+1","floor":30},{"not_picked":["Thunderclap","Sword Boomerang"],"picked":"Feel No Pain+1","floor":31},{"not_picked":["Armaments","Shockwave"],"picked":"Wild Strike","floor":35},{"not_picked":["Perfected Strike","Shockwave+1","Flex"],"picked":"SKIP","floor":37},{"not_picked":["Iron Wave","Rage","Anger"],"picked":"SKIP","floor":39},{"not_picked":["Iron Wave","Rage","Anger"],"picked":"SKIP","floor":39},{"not_picked":["Uppercut","Shockwave+1"],"picked":"Impervious","floor":41},{"not_picked":["Perfected Strike+1","Havoc+1","Headbutt+1"],"picked":"SKIP","floor":44},{"not_picked":["Thunderclap","Havoc+1","Headbutt+1"],"picked":"SKIP","floor":46}],"player_experience":239253,"relics_obtained":[{"floor":8,"key":"Bag of Marbles"},{"floor":9,"key":"Strawberry"},{"floor":23,"key":"Vajra"},{"floor":36,"key":"Red Skull"},{"floor":43,"key":"Paper Frog"},{"floor":47,"key":"Pen Nib"}],"event_choices":[{"damage_healed":0,"gold_gain":0,"player_choice":"Searched \u00271\u0027 times","damage_taken":0,"relics_obtained":["Bag of Preparation"],"max_hp_gain":0,"max_hp_loss":0,"event_name":"Dead Adventurer","floor":7,"gold_loss":0},{"cards_removed":["Strike_R"],"damage_healed":0,"gold_gain":0,"player_choice":"Offered Basic","damage_taken":0,"max_hp_gain":0,"max_hp_loss":0,"event_name":"Bonfire Elementals","floor":10,"gold_loss":0},{"damage_healed":0,"gold_gain":175,"player_choice":"AGREE","damage_taken":0,"max_hp_gain":0,"max_hp_loss":0,"event_name":"Liars Game","floor":13,"gold_loss":0,"cards_obtained":["Doubt"]},{"damage_healed":0,"gold_gain":99,"player_choice":"Stole From Cult","damage_taken":0,"max_hp_gain":0,"max_hp_loss":0,"event_name":"Nest","floor":19,"gold_loss":0},{"damage_healed":0,"gold_gain":0,"player_choice":"Upgraded","damage_taken":0,"max_hp_gain":0,"max_hp_loss":0,"event_name":"Upgrade Shrine","floor":21,"gold_loss":0,"cards_upgraded":["Barricade"]},{"damage_healed":0,"gold_gain":0,"player_choice":"Fight","damage_taken":0,"max_hp_gain":0,"max_hp_loss":0,"event_name":"Colosseum","floor":29,"gold_loss":0},{"damage_healed":0,"gold_gain":0,"player_choice":"Fled From Nobs","damage_taken":0,"max_hp_gain":0,"max_hp_loss":0,"event_name":"Colosseum","floor":29,"gold_loss":0},{"damage_healed":0,"gold_gain":0,"player_choice":"Relic","damage_taken":0,"max_hp_gain":0,"max_hp_loss":0,"event_name":"Wheel of Change","floor":36,"gold_loss":0},{"damage_healed":47,"gold_gain":0,"player_choice":"Heal","damage_taken":0,"max_hp_gain":0,"max_hp_loss":0,"event_name":"MindBloom","floor":45,"gold_loss":0,"cards_obtained":["Doubt"]}],"is_beta":false,"boss_relics":[{"not_picked":["Runic Dome","Runic Cube"],"picked":"Sozu"},{"not_picked":["SlaversCollar","Runic Pyramid"],"picked":"Cursed Key"}],"items_purged_floors":[20,25],"is_endless":false,"potions_floor_spawned":[1,3,14,16,22,28,33,35,44,46],"ascension_level":4}}