{"host":"94aus4jnk6thj94q","time":1614455294,"event":{"mods":["BaseMod","Minty Spire (QoL Compilation)","Quick Restart","StSLib"],"gold_per_floor":[110,110,129,140,153,182,182,195,195,195,195,159,192,205,205,307,307,324,324,0,26,40,40,73,73,100,125,125,145,145,155,155,258,258,275,60,60,71,71,71,71,89,113,113,113],"floor_reached":44,"language":"ENG","playtime":2771,"items_purged":[],"score":481,"play_id":"65cba69e-d03a-4304-9eb5-75576facfd0b","local_time":"20210227214814","is_ascension_mode":false,"campfire_choices":[{"floor":7,"key":"REST"},{"floor":10,"key":"REST"},{"floor":15,"key":"RECALL"},{"floor":23,"key":"REST"},{"floor":25,"key":"REST"},{"floor":30,"key":"REST"},{"data":"Juggernaut","floor":32,"key":"SMITH"},{"floor":40,"key":"REST"}],"circlet_count":0,"master_deck":["Strike_R","Strike_R","Strike_R","Strike_R","Defend_R","Defend_R","Defend_R","Defend_R","Bash","Twin Strike","Twin Strike","Spot Weakness","Shrug It Off","Inflame","Sword Boomerang","Juggernaut+1","Inflame","Fire Breathing","Cleave","Thunderclap+1","Inflame","Heavy Blade","Whirlwind","Good Instincts","Cleave","Twin Strike+1"],"relics":["Black Blood","Tiny Chest","Pantograph","Velvet Choker","HornCleat","Ancient Tea Set","Paper Frog","Strawberry","Blue Candle","Oddly Smooth Stone","Bottled Flame","Smiling Mask"],"acts_visited":["Exordium","TheCity","TheBeyond"],"potions_floor_usage":[5,16,18,24,24,24,35],"damage_taken":[{"damage":9,"enemies":"Small Slimes","floor":1,"turns":4},{"damage":6,"enemies":"Jaw Worm","floor":3,"turns":2},{"damage":1,"enemies":"Cultist","floor":4,"turns":3},{"damage":11,"enemies":"Red Slaver","floor":5,"turns":3},{"damage":44,"enemies":"3 Sentries","floor":6,"turns":9},{"damage":19,"enemies":"Blue Slaver","floor":8,"turns":3},{"damage":40,"enemies":"Lagavulin","floor":13,"turns":6},{"damage":3,"enemies":"2 Fungi Beasts","floor":14,"turns":4},{"damage":56,"enemies":"Slime Boss","floor":16,"turns":10},{"damage":10,"enemies":"Chosen","floor":18,"turns":3},{"damage":26,"enemies":"2 Thieves","floor":22,"turns":4},{"damage":46,"enemies":"Slavers","floor":24,"turns":5},{"damage":27,"enemies":"Gremlin Leader","floor":27,"turns":6},{"damage":18,"enemies":"Snake Plant","floor":29,"turns":4},{"damage":11,"enemies":"Chosen and Byrds","floor":31,"turns":5},{"damage":64,"enemies":"Collector","floor":33,"turns":11},{"damage":48,"enemies":"3 Shapes","floor":35,"turns":4},{"damage":41,"enemies":"3 Darklings","floor":38,"turns":4},{"damage":35,"enemies":"Transient","floor":42,"turns":5},{"damage":54,"enemies":"Jaw Worm Horde","floor":44,"turns":3}],"seed_played":"5475693898222680978","potions_obtained":[{"floor":3,"key":"BloodPotion"},{"floor":4,"key":"LiquidBronze"},{"floor":6,"key":"Swift Potion"},{"floor":13,"key":"PowerPotion"},{"floor":16,"key":"BlessingOfTheForge"},{"floor":18,"key":"Energy Potion"},{"floor":22,"key":"SkillPotion"},{"floor":24,"key":"LiquidMemories"},{"floor":29,"key":"Ancient Potion"},{"floor":35,"key":"AttackPotion"}],"is_trial":false,"path_per_floor":["M","$","M","M","M","E","R","M","T","R","?","?","E","M","R","B",null,"M","?","$","T","M","R","E","R","T","E","?","M","R","M","R","B",null,"M","$","?","M","$","R","T","M","T","M"],"character_chosen":"IRONCLAD","items_purchased":["HornCleat","Fire Breathing","Oddly Smooth Stone","Whirlwind"],"campfire_rested":6,"item_purchase_floors":[20,20,36,36],"current_hp_per_floor":[69,69,69,74,88,50,78,65,65,93,93,93,59,62,62,37,96,92,92,92,92,72,96,56,84,91,70,70,58,88,83,83,45,103,67,67,67,38,38,68,68,45,45,0,0],"gold":113,"neow_bonus":"TWENTY_PERCENT_HP_BONUS","is_daily":false,"chose_seed":false,"campfire_upgraded":1,"win_rate":0.0,"timestamp":1614455294,"path_taken":["M","$","M","M","M","E","R","M","T","R","?","?","E","M","R","BOSS","M","?","$","?","?","R","E","R","T","E","?","M","R","M","R","BOSS","M","$","?","M","$","R","?","M","T","M"],"items_purchased_type":["Relic","Card","Relic","Card"],"build_version":"2020-12-22","purchased_purges":0,"victory":false,"max_hp_per_floor":[96,96,96,96,96,96,96,96,96,96,96,96,96,96,96,96,96,96,96,96,96,96,96,96,96,103,103,103,103,103,103,103,103,103,103,103,103,103,103,103,103,103,103,103,103],"card_choices":[{"not_picked":["Havoc","Entrench"],"picked":"Twin Strike","floor":1},{"not_picked":["Dark Embrace","Bloodletting"],"picked":"Twin Strike","floor":3},{"not_picked":["Dark Embrace","Sever Soul"],"picked":"Spot Weakness","floor":4},{"not_picked":["Shockwave","Power Through","Clash"],"picked":"SKIP","floor":5},{"not_picked":["Fiend Fire","Bloodletting","Body Slam"],"picked":"SKIP","floor":6},{"not_picked":["Pommel Strike","Power Through"],"picked":"Shrug It Off","floor":8},{"not_picked":["Fire Breathing","Intimidate"],"picked":"Inflame","floor":13},{"not_picked":["Flex","Reckless Charge"],"picked":"Sword Boomerang","floor":14},{"not_picked":["Barricade","Brutality"],"picked":"Juggernaut","floor":16},{"not_picked":["Clash","Burning Pact"],"picked":"Inflame","floor":18},{"not_picked":["Power Through","Pommel Strike"],"picked":"Cleave","floor":22},{"not_picked":["Pommel Strike","Evolve","Warcry"],"picked":"SKIP","floor":24},{"not_picked":["True Grit","Carnage+1"],"picked":"Thunderclap+1","floor":27},{"not_picked":["Clothesline","Feel No Pain+1"],"picked":"Inflame","floor":29},{"not_picked":["Pommel Strike","Sword Boomerang"],"picked":"Heavy Blade","floor":31},{"not_picked":["Warcry","Evolve","True Grit+1"],"picked":"SKIP","floor":35},{"not_picked":["Metamorphosis","Mind Blast"],"picked":"Good Instincts","floor":37},{"not_picked":["Body Slam","Perfected Strike+1"],"picked":"Cleave","floor":38},{"not_picked":["Body Slam","Havoc"],"picked":"Twin Strike+1","floor":42}],"player_experience":4494624,"relics_obtained":[{"floor":6,"key":"Tiny Chest"},{"floor":13,"key":"Pantograph"},{"floor":21,"key":"Ancient Tea Set"},{"floor":24,"key":"Paper Frog"},{"floor":26,"key":"Strawberry"},{"floor":27,"key":"Blue Candle"},{"floor":41,"key":"Bottled Flame"},{"floor":43,"key":"Smiling Mask"}],"event_choices":[{"damage_healed":0,"gold_gain":0,"player_choice":"Leave","damage_taken":0,"max_hp_gain":0,"max_hp_loss":0,"event_name":"The Cleric","floor":11,"gold_loss":0},{"damage_healed":0,"gold_gain":0,"player_choice":"Left Gold","damage_taken":0,"max_hp_gain":0,"max_hp_loss":0,"event_name":"World of Goop","floor":12,"gold_loss":36},{"cards_removed":["Strike_R"],"damage_healed":0,"gold_gain":0,"player_choice":"Offered Basic","damage_taken":0,"max_hp_gain":0,"max_hp_loss":0,"event_name":"Bonfire Elementals","floor":19,"gold_loss":0},{"damage_healed":0,"gold_gain":0,"player_choice":"Ignored","damage_taken":0,"max_hp_gain":0,"max_hp_loss":0,"event_name":"Cursed Tome","floor":28,"gold_loss":0},{"damage_healed":0,"gold_gain":0,"player_choice":"Memory 1","damage_taken":0,"max_hp_gain":0,"max_hp_loss":0,"event_name":"SensoryStone","floor":37,"gold_loss":0}],"is_beta":false,"boss_relics":[{"not_picked":["Tiny House","Busted Crown"],"picked":"Velvet Choker"},{"not_picked":["Snecko Eye","Runic Pyramid"],"picked":"Black Blood"}],"items_purged_floors":[],"is_endless":false,"potions_floor_spawned":[3,4,6,13,16,18,22,24,29,35],"killed_by":"Jaw Worm Horde","ascension_level":0}}