{"host":"2lo6hma6kymb0g9i","time":1614407647,"event":{"mods":["BaseMod","Colored Map","DeckTracker","Minty Spire (QoL Compilation)","SuperFastMode"],"gold_per_floor":[113,113,127,147,222,247,247,266,313,313,330,211,244,255,255,331,331,341,341,353,353,353,386,405,405,432,459,472,572,572,603,603,677,677,694,694,707,440,455,455,455],"floor_reached":40,"language":"JPN","playtime":4007,"items_purged":["Pain","Bite"],"score":937,"play_id":"d20f444b-a038-42bb-9eb5-dfd3b6060c14","local_time":"20210227153407","is_ascension_mode":true,"campfire_choices":[{"data":"Night Terror","floor":7.0,"key":"SMITH"},{"floor":10.0,"key":"REST"},{"floor":15.0,"key":"REST"},{"data":"Phantasmal Killer","floor":25.0,"key":"SMITH"},{"data":"Footwork","floor":30.0,"key":"SMITH"},{"data":"Malaise","floor":32.0,"key":"SMITH"}],"circlet_count":0,"master_deck":["AscendersBane","Defend_G","Defend_G","Defend_G","Defend_G","Defend_G","Survivor","Neutralize","Predator","Poisoned Stab","Footwork","Night Terror+1","Footwork+1","Cloak And Dagger","Setup","Bane+1","Cloak And Dagger","Phantasmal Killer+1","PiercingWail","Bite","Bite","Bite+1","Bite","Deflect+1","Endless Agony","Terror+1","Footwork+1","Malaise+1","Blade Dance","Bullet Time","Wraith Form v2"],"relics":["Ring of the Snake","NeowsBlessing","WarpedTongs","Shuriken","Bag of Marbles","Lantern","Runic Pyramid","StrikeDummy","Whetstone","Kunai","StoneCalendar","HornCleat","Blood Vial","SlaversCollar","Bronze Scales"],"acts_visited":["Exordium","TheCity","TheBeyond"],"potions_floor_usage":[],"damage_taken":[{"damage":0.0,"enemies":"2 Louse","floor":1.0,"turns":1.0},{"damage":0.0,"enemies":"Cultist","floor":3.0,"turns":1.0},{"damage":0.0,"enemies":"Small Slimes","floor":4.0,"turns":3.0},{"damage":17.0,"enemies":"3 Sentries","floor":6.0,"turns":9.0},{"damage":18.0,"enemies":"2 Fungi Beasts","floor":8.0,"turns":5.0},{"damage":8.0,"enemies":"Large Slime","floor":11.0,"turns":5.0},{"damage":8.0,"enemies":"Gremlin Nob","floor":13.0,"turns":3.0},{"damage":12.0,"enemies":"3 Louse","floor":14.0,"turns":2.0},{"damage":18.0,"enemies":"Hexaghost","floor":16.0,"turns":11.0},{"damage":1.0,"enemies":"Spheric Guardian","floor":18.0,"turns":9.0},{"damage":10.0,"enemies":"Chosen","floor":20.0,"turns":7.0},{"damage":13.0,"enemies":"Gremlin Leader","floor":23.0,"turns":11.0},{"damage":8.0,"enemies":"Centurion and Healer","floor":24.0,"turns":6.0},{"damage":43.0,"enemies":"Slavers","floor":27.0,"turns":8.0},{"damage":0.0,"enemies":"Snecko","floor":28.0,"turns":3.0},{"damage":0.0,"enemies":"Colosseum Slavers","floor":29.0,"turns":4.0},{"damage":2.0,"enemies":"Colosseum Nobs","floor":29.0,"turns":5.0},{"damage":10.0,"enemies":"Book of Stabbing","floor":31.0,"turns":8.0},{"damage":27.0,"enemies":"Automaton","floor":33.0,"turns":13.0},{"damage":16,"enemies":"3 Darklings","floor":35,"turns":7},{"damage":0,"enemies":"Orb Walker","floor":37,"turns":3},{"damage":0,"enemies":"Maw","floor":39,"turns":9},{"damage":47,"enemies":"Giant Head","floor":40,"turns":6}],"seed_played":"4397661118488833376","potions_obtained":[{"floor":3.0,"key":"FearPotion"},{"floor":4.0,"key":"Explosive Potion"},{"floor":11.0,"key":"Poison Potion"},{"floor":14.0,"key":"Dexterity Potion"},{"floor":18.0,"key":"Strength Potion"},{"floor":28.0,"key":"DistilledChaos"},{"floor":37,"key":"SneckoOil"},{"floor":39,"key":"PowerPotion"}],"is_trial":false,"path_per_floor":["M","?","M","M","?","E","R","M","T","R","M","$","E","M","R","B",null,"M","?","M","?","$","E","M","R","T","E","M","?","R","E","R","B",null,"M","?","M","$","M","E"],"character_chosen":"THE_SILENT","items_purchased":["Setup","Bronze Scales"],"campfire_rested":2,"item_purchase_floors":[12,38],"current_hp_per_floor":[59,59,59,59,48,31,31,13,13,32,24,24,16,4,23,5,51,50,46,42,42,42,46,46,46,46,11,16,36,36,38,38,36,44,45,45,46,46,46,0,0],"gold":455,"neow_bonus":"THREE_ENEMY_KILL","is_daily":false,"chose_seed":false,"campfire_upgraded":4,"win_rate":0.0,"timestamp":1614407647,"path_taken":["M","?","?","M","?","E","R","M","T","R","M","$","E","M","R","BOSS","M","?","M","?","$","E","M","R","T","E","M","?","R","E","R","BOSS","M","?","M","$","M","E"],"items_purchased_type":["Card","Relic"],"build_version":"2020-12-22","purchased_purges":2,"victory":false,"max_hp_per_floor":[66,66,66,66,66,66,66,66,66,66,66,66,66,66,66,66,66,66,46,46,46,46,46,46,46,46,46,46,46,46,46,46,46,46,46,46,46,46,46,46,46],"card_choices":[{"not_picked":["Deflect","Skewer"],"picked":"Predator","floor":1.0},{"not_picked":["Outmaneuver","Endless Agony"],"picked":"Poisoned Stab","floor":3.0},{"not_picked":["Finisher","Choke"],"picked":"Footwork","floor":4.0},{"not_picked":["Endless Agony","Prepared"],"picked":"Night Terror","floor":6.0},{"not_picked":["Riddle With Holes","Flying Knee"],"picked":"Footwork","floor":8.0},{"not_picked":["Well Laid Plans","Outmaneuver"],"picked":"Cloak And Dagger","floor":11.0},{"not_picked":["Deadly Poison","Riddle With Holes","Bane"],"picked":"SKIP","floor":13.0},{"not_picked":["Deadly Poison","Riddle With Holes"],"picked":"Bane","floor":13.0},{"not_picked":["Calculated Gamble","Choke"],"picked":"Cloak And Dagger","floor":14.0},{"not_picked":["Glass Knife","Unload"],"picked":"Phantasmal Killer","floor":16.0},{"not_picked":["Prepared","Dagger Throw"],"picked":"PiercingWail","floor":18.0},{"not_picked":["Reflex","Deadly Poison"],"picked":"Deflect+1","floor":20.0},{"not_picked":["Distraction","Bouncing Flask"],"picked":"Endless Agony","floor":23.0},{"not_picked":["Flying Knee","Sucker Punch"],"picked":"Terror+1","floor":24.0},{"not_picked":["Sucker Punch","Dagger Spray+1","Prepared"],"picked":"SKIP","floor":27.0},{"not_picked":["Footwork","Prepared","Quick Slash"],"picked":"SKIP","floor":28.0},{"not_picked":["Prepared","Quick Slash"],"picked":"Footwork","floor":28.0},{"not_picked":["Bane+1","Quick Slash"],"picked":"Malaise","floor":29.0},{"not_picked":["Dagger Throw+1","Distraction"],"picked":"Blade Dance","floor":31.0},{"not_picked":["Corpse Explosion","Envenom"],"picked":"Bullet Time","floor":33.0},{"not_picked":["Flying Knee","Sucker Punch","Crippling Poison"],"picked":"SKIP","floor":35},{"not_picked":["Deadly Poison","Underhanded Strike","Heel Hook"],"picked":"SKIP","floor":37},{"not_picked":["Underhanded Strike","Acrobatics"],"picked":"Wraith Form v2","floor":39}],"player_experience":1264043,"relics_obtained":[{"floor":6.0,"key":"Shuriken"},{"floor":9.0,"key":"Bag of Marbles"},{"floor":13.0,"key":"Lantern"},{"floor":23.0,"key":"StrikeDummy"},{"floor":26.0,"key":"Whetstone"},{"floor":27.0,"key":"Kunai"},{"floor":29.0,"key":"StoneCalendar"},{"floor":29.0,"key":"HornCleat"},{"floor":31.0,"key":"Blood Vial"}],"event_choices":[{"damage_healed":0.0,"max_hp_gain":0.0,"max_hp_loss":0.0,"gold_gain":0.0,"event_name":"Accursed Blacksmith","player_choice":"Rummage","floor":2.0,"gold_loss":0.0,"damage_taken":0.0,"relics_obtained":["WarpedTongs"],"cards_obtained":["Pain"]},{"damage_healed":0.0,"max_hp_gain":0.0,"max_hp_loss":0.0,"gold_gain":75.0,"event_name":"World of Goop","player_choice":"Gather Gold","floor":5.0,"gold_loss":0.0,"damage_taken":11.0},{"damage_healed":0.0,"max_hp_gain":0.0,"max_hp_loss":20.0,"gold_gain":0.0,"event_name":"Vampires","player_choice":"Became a vampire","floor":19.0,"gold_loss":0.0,"damage_taken":0.0,"cards_obtained":["Bite","Bite","Bite","Bite","Bite"]},{"damage_healed":0.0,"max_hp_gain":0.0,"max_hp_loss":0.0,"gold_gain":0.0,"event_name":"Ghosts","player_choice":"Ignored","floor":21.0,"gold_loss":0.0,"damage_taken":0.0},{"damage_healed":0.0,"max_hp_gain":0.0,"max_hp_loss":0.0,"gold_gain":0.0,"event_name":"Colosseum","player_choice":"Fight","floor":29.0,"gold_loss":0.0,"damage_taken":0.0},{"damage_healed":0.0,"max_hp_gain":0.0,"max_hp_loss":0.0,"gold_gain":0.0,"event_name":"Colosseum","player_choice":"Fought Nobs","floor":29.0,"gold_loss":0.0,"damage_taken":0.0},{"damage_healed":0,"gold_gain":0,"player_choice":"Upgraded","damage_taken":0,"max_hp_gain":0,"max_hp_loss":0,"event_name":"Upgrade Shrine","floor":36,"gold_loss":0,"cards_upgraded":["Footwork"]}],"is_beta":false,"boss_relics":[{"not_picked":["Tiny House","Calling Bell"],"picked":"Runic Pyramid"},{"not_picked":["Philosopher\u0027s Stone","Busted Crown"],"picked":"SlaversCollar"}],"items_purged_floors":[12,38],"is_endless":false,"potions_floor_spawned":[3,4,11,14,18,28,29,37,39],"killed_by":"Giant Head","ascension_level":20}}