{"host":"a5lz0e76zb3fcwkm","time":1614435458,"event":{"mods":["AchievementEnabler","BaseMod","Colored Map","Colored Powertips","Minty Spire (QoL Compilation)","StSLib","SuperFastMode"],"gold_per_floor":[118,118,118,118,137,137,51,51,51,86,100,113,133,148,148,242,242,261,281,331,531,550,550,569,569,569],"floor_reached":25,"language":"KOR","playtime":464,"items_purged":[],"score":410,"play_id":"393d1aeb-9f79-4f52-af87-a72b56f58041","local_time":"20210227231738","is_ascension_mode":true,"campfire_choices":[{"data":"Blade Dance","floor":6.0,"key":"SMITH"},{"data":"Accuracy","floor":8.0,"key":"SMITH"},{"data":"Blade Dance","floor":15.0,"key":"SMITH"},{"floor":23,"key":"REST"}],"circlet_count":0,"master_deck":["AscendersBane","Strike_G","Strike_G","Strike_G","Defend_G","Defend_G","Defend_G","Defend_G","Survivor","Neutralize+1","Masterful Stab","Blade Dance+1","Accuracy+1","Reflex","Blur","Blade Dance+1","Blade Dance"],"relics":["Empty Cage","Golden Idol","Mummified Hand","Ninja Scroll","Philosopher\u0027s Stone"],"acts_visited":["TheCity"],"potions_floor_usage":[],"damage_taken":[{"damage":6.0,"enemies":"Jaw Worm","floor":1.0,"turns":6.0},{"damage":2.0,"enemies":"Small Slimes","floor":5.0,"turns":3.0},{"damage":10.0,"enemies":"3 Sentries","floor":10.0,"turns":6.0},{"damage":6.0,"enemies":"2 Louse","floor":11.0,"turns":2.0},{"damage":0.0,"enemies":"Exordium Thugs","floor":12.0,"turns":3.0},{"damage":0.0,"enemies":"Large Slime","floor":13.0,"turns":2.0},{"damage":0.0,"enemies":"Looter","floor":14.0,"turns":1.0},{"damage":19.0,"enemies":"Slime Boss","floor":16.0,"turns":7.0},{"damage":0,"enemies":"3 Byrds","floor":18,"turns":5},{"damage":17,"enemies":"Shell Parasite","floor":19,"turns":4},{"damage":16,"enemies":"Centurion and Healer","floor":22,"turns":5},{"damage":24,"enemies":"Snake Plant","floor":24,"turns":5},{"damage":0,"enemies":"Slavers","floor":25,"turns":1}],"seed_played":"5054449673566796853","potions_obtained":[{"floor":1.0,"key":"DistilledChaos"},{"floor":10.0,"key":"ColorlessPotion"},{"floor":16.0,"key":"Ancient Potion"},{"floor":24,"key":"Ancient Potion"}],"is_trial":false,"path_per_floor":["M","?","?","?","M","R","$","R","T","E","M","M","M","M","R","B",null,"M","M","?","?","M","R","M","E"],"character_chosen":"THE_SILENT","items_purchased":["Accuracy"],"campfire_rested":1,"item_purchase_floors":[7],"current_hp_per_floor":[53,53,46,46,44,44,44,44,44,34,28,28,28,28,28,9,47,47,30,30,30,14,32,8,8,8],"gold":569,"neow_bonus":"BOSS_RELIC","is_daily":false,"chose_seed":false,"campfire_upgraded":3,"win_rate":0.0,"timestamp":1614435458,"path_taken":["M","?","?","?","M","R","$","R","T","E","?","M","M","M","R","BOSS","M","M","?","?","?","R","M","E"],"items_purchased_type":["Card"],"build_version":"2020-12-22","purchased_purges":0,"victory":false,"max_hp_per_floor":[66,60,60,60,60,60,60,60,60,60,60,60,60,60,60,60,60,60,60,60,60,60,60,60,60,60],"card_choices":[{"not_picked":["Deadly Poison","Leg Sweep"],"picked":"Masterful Stab","floor":1.0},{"not_picked":["Heel Hook","PiercingWail"],"picked":"Blade Dance","floor":5.0},{"not_picked":["Dodge and Roll","Caltrops"],"picked":"Reflex","floor":10.0},{"not_picked":["Expertise","Poisoned Stab","Setup"],"picked":"SKIP","floor":11.0},{"not_picked":["Underhanded Strike","Dodge and Roll","Deadly Poison"],"picked":"SKIP","floor":12.0},{"not_picked":["Acrobatics","Concentrate"],"picked":"Blur","floor":13.0},{"not_picked":["Glass Knife","Dash"],"picked":"Blade Dance","floor":14.0},{"not_picked":["Poisoned Stab","Endless Agony","Sucker Punch+1"],"picked":"SKIP","floor":18},{"not_picked":["Underhanded Strike+1","Prepared"],"picked":"Blade Dance","floor":19},{"not_picked":["Bane","Cloak And Dagger","Caltrops"],"picked":"SKIP","floor":22},{"not_picked":["Cloak And Dagger","Quick Slash","Dagger Spray"],"picked":"SKIP","floor":24}],"player_experience":1922199,"relics_obtained":[{"floor":9.0,"key":"Mummified Hand"},{"floor":10.0,"key":"Ninja Scroll"}],"event_choices":[{"damage_healed":0.0,"max_hp_gain":0.0,"max_hp_loss":6.0,"gold_gain":0.0,"event_name":"Golden Idol","player_choice":"Lose Max HP","floor":2.0,"gold_loss":0.0,"damage_taken":0.0,"relics_obtained":["Golden Idol"]},{"cards_removed":["Strike_G"],"damage_healed":0.0,"max_hp_gain":0.0,"max_hp_loss":0.0,"gold_gain":0.0,"event_name":"Golden Wing","player_choice":"Card Removal","floor":3.0,"gold_loss":0.0,"damage_taken":7.0},{"damage_healed":0.0,"max_hp_gain":0.0,"max_hp_loss":0.0,"gold_gain":0.0,"event_name":"Upgrade Shrine","player_choice":"Upgraded","floor":4.0,"gold_loss":0.0,"damage_taken":0.0,"cards_upgraded":["Neutralize"]},{"damage_healed":0,"gold_gain":50,"player_choice":"Stole From Cult","damage_taken":0,"max_hp_gain":0,"max_hp_loss":0,"event_name":"Nest","floor":20,"gold_loss":0},{"damage_healed":0,"gold_gain":250,"player_choice":"Bet on Owner","damage_taken":0,"max_hp_gain":0,"max_hp_loss":0,"event_name":"The Joust","floor":21,"gold_loss":50}],"is_beta":false,"boss_relics":[{"not_picked":["SacredBark","Astrolabe"],"picked":"Philosopher\u0027s Stone"}],"items_purged_floors":[],"is_endless":false,"potions_floor_spawned":[1,10,16,24],"killed_by":"Slavers","ascension_level":20}}