{"host":"fwdkxxz7291ipt0p","time":1614404002,"event":{"mods":["Act Like it!","BaseMod","Bossed Relics","Dota2Spire","Energized Spire","Marked Mod","Minty Spire (QoL Compilation)","Relic Filter Mod","StSLib","The Cursed","The Hierophant","The Runesmith","Youmu£®ªÍ∆«—˝√Œ£©"],"gold_per_floor":[110,122,222,242,259,278,308,333,333,360,380,380,393,411,411,510,510,530,558,558,282,295,295,295],"floor_reached":23,"language":"ZHS","playtime":1364,"items_purged":["TheCursedMod:Strike_TheCursed"],"score":195,"play_id":"f26721a4-fdd8-4a4c-b72d-03cdd982ee13","local_time":"20210227133322","is_ascension_mode":false,"campfire_choices":[{"data":"TheCursedMod:SpitefulStrike","floor":12.0,"key":"SMITH"},{"data":"TheCursedMod:HellsGateOpen","floor":15.0,"key":"SMITH"}],"circlet_count":0,"master_deck":["TheCursedMod:Strike_TheCursed","TheCursedMod:Defend_TheCursed","TheCursedMod:Defend_TheCursed","TheCursedMod:Defend_TheCursed","TheCursedMod:CursedWand","TheCursedMod:CleanUpWorkshop","TheCursedMod:Dregs","TheCursedMod:HellfireBreathing","TheCursedMod:RapidMovement","TheCursedMod:HellfireBreathing","TheCursedMod:SpitefulStrike+1","TheCursedMod:RapidMovement","TheCursedMod:CursedArmor","TheCursedMod:HellsGateOpen+1","TheCursedMod:CollectTribute","TheCursedMod:AshesToAshes+1","TheCursedMod:CursedStaff","TheCursedMod:DemonicPact","TheCursedMod:AntiAging","TheCursedMod:SmokeScreen"],"relics":["TheCursedMod:BlackMagic101","Dota2Spire:MaskOfMadness","Omamori","Dota2Spire:DrumOfEndurance","Dota2Spire:BladeMail","energizedSpire:MagnifyingGlass","Red Mask","Bag of Preparation"],"acts_visited":["Exordium","TheCity"],"potions_floor_usage":[],"damage_taken":[{"damage":0.0,"enemies":"2 Louse","floor":1.0,"turns":3.0},{"damage":0.0,"enemies":"Cultist","floor":2.0,"turns":3.0},{"damage":0.0,"enemies":"Small Slimes","floor":4.0,"turns":6.0},{"damage":3.0,"enemies":"Exordium Wildlife","floor":5.0,"turns":6.0},{"damage":3.0,"enemies":"Red Slaver","floor":6.0,"turns":5.0},{"damage":15.0,"enemies":"3 Sentries","floor":10.0,"turns":12.0},{"damage":7.0,"enemies":"2 Fungi Beasts","floor":11.0,"turns":5.0},{"damage":0.0,"enemies":"Looter","floor":13.0,"turns":4.0},{"damage":13.0,"enemies":"Exordium Wildlife","floor":14.0,"turns":6.0},{"damage":24.0,"enemies":"The Guardian","floor":16.0,"turns":10.0},{"damage":6.0,"enemies":"Spheric Guardian","floor":18.0,"turns":4.0},{"damage":46.0,"enemies":"Masked Bandits","floor":19.0,"turns":5.0},{"damage":0,"enemies":"Chosen","floor":22,"turns":4},{"damage":8,"enemies":"Gremlin Leader","floor":23,"turns":3}],"seed_played":"-9173396961101548139","potions_obtained":[{"floor":1.0,"key":"Dota2Spire:HealingSalve"},{"floor":2.0,"key":"Dexterity Potion"},{"floor":5.0,"key":"Dota2Spire:HealingSalve"},{"floor":13.0,"key":"LiquidBronze"}],"is_trial":false,"path_per_floor":["M","M","?","M","M","M","?","T","T","E","M","R","M","M","R","B",null,"M","?","?","$","M","E"],"character_chosen":"THE_CURSED","items_purchased":["Bag of Preparation","FearPotion"],"campfire_rested":0,"item_purchase_floors":[21,21],"current_hp_per_floor":[75,75,75,75,72,69,69,69,69,54,47,47,53,40,40,22,75,69,23,23,23,25,17,17],"gold":295,"neow_bonus":"REMOVE_CARD","is_daily":false,"chose_seed":false,"campfire_upgraded":2,"win_rate":0.0,"timestamp":1614404002,"path_taken":["M","M","?","M","?","?","?","?","T","E","?","R","M","M","R","BOSS","M","?","?","?","M","E"],"items_purchased_type":["Relic","Potion"],"build_version":"2020-12-22","purchased_purges":1,"victory":false,"max_hp_per_floor":[75,75,75,75,75,75,75,75,75,75,75,75,75,75,75,75,75,75,75,75,75,77,77,77],"card_choices":[{"not_picked":["TheCursedMod:SaltUponWound","TheCursedMod:TroublousMinions"],"picked":"TheCursedMod:HellfireBreathing","floor":1.0},{"not_picked":["TheCursedMod:PrepareRite","TheCursedMod:CircleOfFlame"],"picked":"TheCursedMod:RapidMovement","floor":2.0},{"not_picked":["TheCursedMod:SoulReap","TheCursedMod:TacticalStrike"],"picked":"TheCursedMod:HellfireBreathing","floor":4.0},{"not_picked":["TheCursedMod:CircleOfWindfury","TheCursedMod:Stretching"],"picked":"TheCursedMod:SpitefulStrike","floor":5.0},{"not_picked":["TheCursedMod:Stigma","TheCursedMod:FuryStrike"],"picked":"TheCursedMod:RapidMovement","floor":6.0},{"not_picked":["TheCursedMod:StingEye","TheCursedMod:FuryStrike","TheCursedMod:LuckyCharm"],"picked":"SKIP","floor":10.0},{"not_picked":["TheCursedMod:RapidMovement","TheCursedMod:CircleOfCorruption","TheCursedMod:CircleOfBlood"],"picked":"SKIP","floor":11.0},{"not_picked":["TheCursedMod:BloodBarrier","TheCursedMod:OutForBlood"],"picked":"TheCursedMod:CursedArmor","floor":13.0},{"not_picked":["TheCursedMod:SurpriseAttack","TheCursedMod:CircleOfFlame"],"picked":"TheCursedMod:HellsGateOpen","floor":14.0},{"not_picked":["TheCursedMod:StunningStrike","TheCursedMod:CursedRelics"],"picked":"TheCursedMod:CollectTribute","floor":16.0},{"not_picked":["TheCursedMod:CircleOfWindfury","TheCursedMod:Stretching"],"picked":"TheCursedMod:AshesToAshes+1","floor":18.0},{"not_picked":["TheCursedMod:ReleasedStrength","TheCursedMod:CursedMace+1"],"picked":"TheCursedMod:CursedStaff","floor":19.0},{"not_picked":["TheCursedMod:RavingStaff+1","TheCursedMod:Mangle"],"picked":"TheCursedMod:SmokeScreen","floor":22}],"player_experience":566595,"relics_obtained":[{"floor":8.0,"key":"Omamori"},{"floor":9.0,"key":"Dota2Spire:DrumOfEndurance"},{"floor":10.0,"key":"Dota2Spire:BladeMail"},{"floor":19.0,"key":"Red Mask"}],"event_choices":[{"damage_healed":0.0,"max_hp_gain":0.0,"max_hp_loss":0.0,"gold_gain":100.0,"event_name":"Golden Shrine","player_choice":"Pray","floor":3.0,"gold_loss":0.0,"damage_taken":0.0},{"damage_healed":0.0,"max_hp_gain":0.0,"max_hp_loss":0.0,"gold_gain":30.0,"event_name":"Dead Adventurer","player_choice":"Searched \u00272\u0027 times","floor":7.0,"gold_loss":0.0,"damage_taken":0.0,"relics_obtained":["Dota2Spire:MaskOfMadness"]},{"damage_healed":0.0,"max_hp_gain":0.0,"max_hp_loss":0.0,"gold_gain":0.0,"event_name":"Masked Bandits","player_choice":"Fought Bandits","floor":19.0,"gold_loss":0.0,"damage_taken":0.0},{"damage_healed":0.0,"max_hp_gain":0.0,"max_hp_loss":0.0,"gold_gain":0.0,"cards_transformed":["TheCursedMod:Strike_TheCursed","TheCursedMod:Defend_TheCursed"],"event_name":"Drug Dealer","player_choice":"Became Test Subject","floor":20.0,"gold_loss":0.0,"damage_taken":0.0,"cards_obtained":["TheCursedMod:DemonicPact","TheCursedMod:AntiAging"]}],"is_beta":false,"boss_relics":[{"not_picked":["Sozu","SlaversCollar"],"picked":"energizedSpire:MagnifyingGlass"}],"items_purged_floors":[21],"is_endless":false,"potions_floor_spawned":[1,2,5,10,13],"killed_by":"Gremlin Leader","ascension_level":0}}