{"host":"qxeepl7ydvsgmfdb","time":1614398873,"event":{"mods":["AchievementEnabler","BaseMod","Colored Powertips","Minty Spire (QoL Compilation)","Quick Restart","slay the spire mod where everything is the same but ironclad has a cowboy hat"],"gold_per_floor":[109,20,170,170,1,31,45,45,45],"floor_reached":8,"language":"ENG","playtime":179,"items_purged":[],"score":154,"play_id":"badc68bd-10b6-45d9-bcd0-bd769c09ca7c","local_time":"20210226230753","is_ascension_mode":true,"campfire_choices":[],"circlet_count":0,"master_deck":["AscendersBane","Strike_G","Strike_G","Strike_G","Strike_G","Strike_G","Defend_G","Defend_G","Defend_G","Defend_G","Defend_G","Survivor","Neutralize","Blade Dance","Accuracy","Doubt","Deflect","PiercingWail"],"relics":["Ring of the Snake","NeowsBlessing","Meat on the Bone","Membership Card","Potion Belt"],"acts_visited":["Exordium"],"potions_floor_usage":[8],"damage_taken":[{"damage":0,"enemies":"Cultist","floor":1,"turns":1},{"damage":0,"enemies":"Lagavulin","floor":6,"turns":1},{"damage":0,"enemies":"Jaw Worm","floor":7,"turns":1},{"damage":58,"enemies":"3 Sentries","floor":8,"turns":12}],"seed_played":"-6405037831579171430","potions_obtained":[{"floor":7,"key":"Swift Potion"}],"is_trial":false,"path_per_floor":["M","$","?","T","$","E","M","E"],"character_chosen":"THE_SILENT","items_purchased":["Accuracy","Membership Card"],"campfire_rested":0,"item_purchase_floors":[2,5],"current_hp_per_floor":[59,59,59,59,59,59,59,1,1],"gold":45,"neow_bonus":"THREE_ENEMY_KILL","is_daily":false,"chose_seed":false,"campfire_upgraded":0,"win_rate":0.0,"timestamp":1614398873,"path_taken":["M","?","?","?","$","E","?","E"],"items_purchased_type":["Card","Relic"],"build_version":"2020-12-22","purchased_purges":0,"victory":false,"max_hp_per_floor":[66,66,66,66,66,66,66,66,66],"card_choices":[{"not_picked":["PiercingWail","Poisoned Stab"],"picked":"Blade Dance","floor":1},{"not_picked":["Deadly Poison","Outmaneuver"],"picked":"Deflect","floor":6},{"not_picked":["Prepared","Eviscerate"],"picked":"PiercingWail","floor":7}],"player_experience":214416,"relics_obtained":[{"floor":4,"key":"Meat on the Bone"},{"floor":6,"key":"Potion Belt"}],"event_choices":[{"damage_healed":0,"gold_gain":150,"player_choice":"AGREE","damage_taken":0,"max_hp_gain":0,"max_hp_loss":0,"event_name":"Liars Game","floor":3,"gold_loss":0,"cards_obtained":["Doubt"]}],"is_beta":false,"boss_relics":[],"items_purged_floors":[],"is_endless":false,"potions_floor_spawned":[7],"killed_by":"3 Sentries","ascension_level":19}}