{"host":"kh6fvhxn285ncg0o","time":1614400352,"event":{"mods":["Act Like it!","BaseMod","Colored Map","Friendly Minions","Keyboard Shortcuts","Minty Spire (QoL Compilation)","Quick Restart","Relic Stats","StSLib","SuperFastMode","UnlockEverythingMod"],"gold_per_floor":[117,117,117,42,65,96,117,155,155,186,186,1,1,34,34,129,129,153,178,103,103,122,162,178,93,119,143,143,158,122,149,149,221,221,240,240,240,256,269,299,312,312],"floor_reached":41,"language":"KOR","playtime":1609,"items_purged":["Strike_R","Strike_R"],"score":1532,"play_id":"88853c81-6103-4526-a166-afb0f217e646","local_time":"20210227133232","is_ascension_mode":true,"campfire_choices":[{"data":"Fire Breathing","floor":13.0,"key":"SMITH"},{"data":"Bash","floor":15.0,"key":"SMITH"},{"data":"Immolate","floor":32.0,"key":"SMITH"}],"circlet_count":0,"master_deck":["AscendersBane","Bash+1","Cleave","Power Through","Fire Breathing+1","Evolve+1","Feed","Demon Form+1","Armaments+1","Fiend Fire","Clash","Double Tap+1","Power Through+1","Heavy Blade+1","Dark Embrace+1","Immolate+1","Exhume+1","Disarm+1"],"relics":["Velvet Choker","Shuriken","Bloody Idol","Ornamental Fan","FossilizedHelix","Frozen Egg 2","Mercury Hourglass","Toxic Egg 2","Pandora\u0027s Box","Incense Burner","Bag of Marbles","Bronze Scales","Vajra","Coffee Dripper","Sundial"],"acts_visited":["Exordium","TheCity","TheBeyond"],"potions_floor_usage":[40],"damage_taken":[{"damage":5.0,"enemies":"Small Slimes","floor":1.0,"turns":3.0},{"damage":0.0,"enemies":"Jaw Worm","floor":5.0,"turns":4.0},{"damage":8.0,"enemies":"Gremlin Nob","floor":6.0,"turns":3.0},{"damage":2.0,"enemies":"Cultist","floor":7.0,"turns":3.0},{"damage":12.0,"enemies":"3 Sentries","floor":8.0,"turns":10.0},{"damage":0.0,"enemies":"Gremlin Nob","floor":10.0,"turns":4.0},{"damage":0.0,"enemies":"3 Sentries","floor":14.0,"turns":4.0},{"damage":20.0,"enemies":"Hexaghost","floor":16.0,"turns":6.0},{"damage":16.0,"enemies":"3 Byrds","floor":18.0,"turns":3.0},{"damage":0.0,"enemies":"Spheric Guardian","floor":19.0,"turns":3.0},{"damage":0.0,"enemies":"Snecko","floor":22.0,"turns":4.0},{"damage":0.0,"enemies":"Gremlin Leader","floor":23.0,"turns":5.0},{"damage":0.0,"enemies":"Snake Plant","floor":24.0,"turns":4.0},{"damage":11.0,"enemies":"Sentry and Sphere","floor":27.0,"turns":5.0},{"damage":0.0,"enemies":"Chosen and Byrds","floor":29.0,"turns":3.0},{"damage":0.0,"enemies":"Slavers","floor":31.0,"turns":1.0},{"damage":17.0,"enemies":"Automaton","floor":33.0,"turns":9.0},{"damage":0.0,"enemies":"Orb Walker","floor":35.0,"turns":3.0},{"damage":0.0,"enemies":"3 Shapes","floor":38.0,"turns":4.0},{"damage":10.0,"enemies":"3 Darklings","floor":39.0,"turns":5.0},{"damage":0,"enemies":"Nemesis","floor":40,"turns":4},{"damage":31,"enemies":"Jaw Worm Horde","floor":41,"turns":3}],"seed_played":"-4610359092595024327","potions_obtained":[{"floor":5.0,"key":"Fire Potion"},{"floor":6.0,"key":"Energy Potion"},{"floor":8.0,"key":"Energy Potion"},{"floor":10.0,"key":"DistilledChaos"},{"floor":16.0,"key":"DuplicationPotion"},{"floor":22.0,"key":"Swift Potion"},{"floor":23.0,"key":"Regen Potion"},{"floor":24.0,"key":"AttackPotion"},{"floor":31.0,"key":"GamblersBrew"},{"floor":38.0,"key":"Dexterity Potion"},{"floor":39,"key":"Swift Potion"},{"floor":41,"key":"AttackPotion"}],"is_trial":false,"path_per_floor":["M","?","?","$","M","E","M","E","T","E","?","$","R","E","R","B",null,"M","M","?","?","M","E","M","?","T","M","?","M","$","E","R","B",null,"M","?","?","M","M","E","M"],"character_chosen":"IRONCLAD","items_purchased":["Evolve+1","Dark Embrace+1"],"campfire_rested":0,"item_purchase_floors":[12,30],"current_hp_per_floor":[63,37,37,37,37,29,27,15,15,15,68,68,68,68,68,48,63,47,47,47,47,50,50,50,50,50,57,57,65,65,70,70,58,73,81,81,81,81,76,81,55,55],"gold":312,"neow_bonus":"BOSS_RELIC","is_daily":false,"chose_seed":false,"campfire_upgraded":3,"win_rate":0.0,"timestamp":1614400352,"path_taken":["M","?","?","$","M","E","M","E","T","E","?","$","R","E","R","BOSS","M","M","?","?","M","E","M","?","T","M","?","M","$","E","R","BOSS","M","?","?","?","M","E","M"],"items_purchased_type":["Card","Card"],"build_version":"2020-12-22","purchased_purges":2,"victory":false,"max_hp_per_floor":[75,75,68,68,68,68,68,68,68,68,68,68,68,68,68,68,68,68,68,68,68,71,71,71,71,71,75,75,78,78,78,78,78,78,81,81,81,81,81,81,81,81],"relic_stats":{"counters":[22,91],"Shuriken":[14],"Ornamental Fan":[44],"Sundial":[0],"Bloody Idol":35,"Bronze Scales":[106],"Pandora\u0027s Box":["Demon Form","Armaments","Fiend Fire","Clash","Combust","Combust","Double Tap"],"obtain_stats":[{"Golden Idol":3,"Velvet Choker":0,"Vajra":31,"Incense Burner":23,"Frozen Egg 2":9,"Burning Blood":0,"Mercury Hourglass":10,"Shuriken":2,"Ornamental Fan":6,"Sundial":40,"Bronze Scales":26,"Bloody Idol":28,"Pandora\u0027s Box":17,"Bag of Marbles":25,"Coffee Dripper":34,"Toxic Egg 2":14,"FossilizedHelix":8},{"Golden Idol":1,"Velvet Choker":0,"Vajra":16,"Incense Burner":12,"Frozen Egg 2":5,"Burning Blood":0,"Mercury Hourglass":6,"Shuriken":1,"Ornamental Fan":3,"Sundial":21,"Bronze Scales":13,"Bloody Idol":14,"Pandora\u0027s Box":8,"Bag of Marbles":13,"Coffee Dripper":17,"Toxic Egg 2":7,"FossilizedHelix":5},{"Golden Idol":3,"Velvet Choker":0,"Vajra":64,"Incense Burner":52,"Frozen Egg 2":23,"Burning Blood":0,"Mercury Hourglass":27,"Shuriken":3,"Ornamental Fan":10,"Sundial":88,"Bronze Scales":56,"Bloody Idol":60,"Pandora\u0027s Box":37,"Bag of Marbles":56,"Coffee Dripper":72,"Toxic Egg 2":31,"FossilizedHelix":23}],"Mercury Hourglass":[255]},"card_choices":[{"not_picked":["Double Tap","Iron Wave"],"picked":"Cleave","floor":6.0},{"not_picked":["Thunderclap","Wild Strike"],"picked":"Power Through","floor":7.0},{"not_picked":["Shrug It Off","Metallicize"],"picked":"Fire Breathing","floor":8.0},{"not_picked":["Spot Weakness","Havoc"],"picked":"Dark Embrace+1","floor":10.0},{"not_picked":["Whirlwind","Flex+1","Rupture+1"],"picked":"SKIP","floor":14.0},{"not_picked":["Offering+1","Fiend Fire"],"picked":"Feed","floor":16.0},{"not_picked":["Headbutt","Searing Blow+1"],"picked":"Power Through+1","floor":18.0},{"not_picked":["Clash+1","Twin Strike","Combust+1"],"picked":"SKIP","floor":19.0},{"not_picked":["Rage+1","Headbutt"],"picked":"Heavy Blade+1","floor":22.0},{"not_picked":["Headbutt","Twin Strike","Heavy Blade"],"picked":"SKIP","floor":23.0},{"not_picked":["Heavy Blade","Anger","Pommel Strike"],"picked":"SKIP","floor":24.0},{"not_picked":["Clash+1","Warcry+1","Uppercut"],"picked":"SKIP","floor":27.0},{"not_picked":["Anger","Perfected Strike","Wild Strike"],"picked":"SKIP","floor":29.0},{"not_picked":["Warcry+1","Shockwave+1"],"picked":"Immolate","floor":31.0},{"not_picked":["Fiend Fire","Double Tap+1"],"picked":"Exhume+1","floor":33.0},{"not_picked":["Warcry+1","Flex+1","Clash"],"picked":"SKIP","floor":35.0},{"not_picked":["Perfected Strike+1","Rage+1","Pommel Strike+1"],"picked":"SKIP","floor":38.0},{"not_picked":["Thunderclap","Evolve+1"],"picked":"Disarm+1","floor":40}],"player_experience":1565081,"relics_obtained":[{"floor":6.0,"key":"Ornamental Fan"},{"floor":8.0,"key":"FossilizedHelix"},{"floor":9.0,"key":"Frozen Egg 2"},{"floor":10.0,"key":"Mercury Hourglass"},{"floor":14.0,"key":"Toxic Egg 2"},{"floor":23.0,"key":"Incense Burner"},{"floor":26.0,"key":"Bronze Scales"},{"floor":31.0,"key":"Vajra"},{"floor":40,"key":"Sundial"}],"event_choices":[{"damage_healed":0.0,"max_hp_gain":0.0,"max_hp_loss":0.0,"gold_gain":0.0,"event_name":"Scrap Ooze","player_choice":"Success","floor":2.0,"gold_loss":0.0,"damage_taken":26.0,"relics_obtained":["Shuriken"]},{"damage_healed":0.0,"max_hp_gain":0.0,"max_hp_loss":7.0,"gold_gain":0.0,"event_name":"Golden Idol","player_choice":"Lose Max HP","floor":3.0,"gold_loss":0.0,"damage_taken":0.0,"relics_obtained":["Golden Idol"]},{"cards_removed":["Dark Embrace"],"damage_healed":53.0,"max_hp_gain":0.0,"max_hp_loss":0.0,"gold_gain":0.0,"event_name":"Bonfire Elementals","player_choice":"Offered Uncommon","floor":11.0,"gold_loss":0.0,"damage_taken":0.0},{"cards_removed":["Combust"],"damage_healed":0.0,"max_hp_gain":0.0,"max_hp_loss":0.0,"gold_gain":0.0,"event_name":"Beggar","player_choice":"Gave Gold","floor":20.0,"gold_loss":75.0,"damage_taken":0.0},{"cards_removed":["Combust"],"damage_healed":0.0,"max_hp_gain":0.0,"max_hp_loss":0.0,"gold_gain":0.0,"event_name":"Back to Basics","player_choice":"Elegance","floor":21.0,"gold_loss":0.0,"damage_taken":0.0},{"damage_healed":0.0,"max_hp_gain":0.0,"max_hp_loss":0.0,"gold_gain":0.0,"event_name":"Addict","player_choice":"Obtained Relic","floor":25.0,"gold_loss":85.0,"damage_taken":0.0,"relics_obtained":["Bag of Marbles"]},{"damage_healed":0.0,"max_hp_gain":0.0,"max_hp_loss":0.0,"gold_gain":0.0,"event_name":"Forgotten Altar","player_choice":"Gave Idol","floor":28.0,"relics_lost":["Golden Idol"],"gold_loss":0.0,"damage_taken":0.0,"relics_obtained":["Bloody Idol"]},{"damage_healed":0.0,"max_hp_gain":0.0,"max_hp_loss":0.0,"gold_gain":0.0,"event_name":"Tomb of Lord Red Mask","player_choice":"Ignored","floor":36.0,"gold_loss":0.0,"damage_taken":0.0},{"damage_healed":0.0,"max_hp_gain":0.0,"max_hp_loss":0.0,"gold_gain":0.0,"event_name":"Match and Keep!","player_choice":"0 cards matched","floor":37.0,"gold_loss":0.0,"damage_taken":0.0,"cards_obtained":[]}],"is_beta":false,"boss_relics":[{"not_picked":["Empty Cage","Runic Cube"],"picked":"Pandora\u0027s Box"},{"not_picked":["Busted Crown","Philosopher\u0027s Stone"],"picked":"Coffee Dripper"}],"items_purged_floors":[4,12],"is_endless":false,"potions_floor_spawned":[5,6,8,10,16,22,23,24,31,38,39,41],"killed_by":"Jaw Worm Horde","ascension_level":20}}