{"host":"8th1b252t61ilvte","time":1614405249,"event":{"mods":["BaseMod","Better Altar","Better Match","Better Note","Better Sensory Stone","Better Skull","Better Third Choice","Colored Map","Hermit","Minty Spire (QoL Compilation)","Permanent Neow","Relic Stats","StSLib","The IronCluck","The Problem Sleuth","everything is the same but u backflip on backflip"],"gold_per_floor":[116,116,116,127,52,52,52,69,69,79,106,106,6,25,25,100,100,111,111,121,121,121,121],"floor_reached":22,"language":"ENG","playtime":1544,"items_purged":["Strike_B","Defend_B"],"score":322,"play_id":"b38bb819-c382-4566-991f-e8abe21987be","local_time":"20210227005409","is_ascension_mode":true,"campfire_choices":[{"data":"Zap","floor":6,"key":"SMITH"},{"data":"Dualcast","floor":15,"key":"SMITH"}],"circlet_count":0,"master_deck":["AscendersBane","Zap+1","Dualcast+1","Reinforced Body+1","Genetic Algorithm","Ball Lightning","Conserve Battery","Redo+1","Glacier","Echo Form","Tempest","Aggregate","Compile Driver","Stack","Redo"],"relics":["Cracked Core","Anchor","War Paint","Blue Candle","Prayer Wheel","Pandora\u0027s Box"],"acts_visited":["Exordium","TheCity"],"potions_floor_usage":[22],"damage_taken":[{"damage":0,"enemies":"2 Louse","floor":1,"turns":3},{"damage":0,"enemies":"Jaw Worm","floor":4,"turns":3},{"damage":5,"enemies":"Small Slimes","floor":8,"turns":3},{"damage":4,"enemies":"3 Louse","floor":10,"turns":4},{"damage":1,"enemies":"Lagavulin","floor":11,"turns":6},{"damage":0,"enemies":"Looter","floor":14,"turns":3},{"damage":21,"enemies":"The Guardian","floor":16,"turns":16},{"damage":3,"enemies":"Chosen","floor":18,"turns":4},{"damage":20,"enemies":"2 Thieves","floor":20,"turns":4},{"damage":48,"enemies":"3 Cultists","floor":22,"turns":3}],"seed_played":"-70083536466334733","potions_obtained":[{"floor":11,"key":"Swift Potion"},{"floor":14,"key":"DistilledChaos"}],"is_trial":false,"path_per_floor":["M","?","?","M","$","R","?","M","T","M","E","?","$","M","R","B",null,"M","?","M","?","M"],"character_chosen":"DEFECT","items_purchased":[],"campfire_rested":0,"item_purchase_floors":[],"current_hp_per_floor":[64,64,57,57,57,57,57,52,52,48,47,47,47,47,47,26,55,52,52,32,45,0,0],"gold":121,"neow_bonus":"TRANSFORM_TWO_CARDS","is_daily":false,"chose_seed":false,"campfire_upgraded":2,"win_rate":0.0,"timestamp":1614405249,"path_taken":["M","?","?","M","?","R","?","M","T","M","E","?","$","?","R","BOSS","M","?","M","?","M"],"items_purchased_type":[],"build_version":"2020-12-22","purchased_purges":2,"victory":false,"max_hp_per_floor":[64,64,64,64,64,64,64,64,64,64,64,64,64,64,64,64,64,64,64,64,64,64,64],"relic_stats":{"counters":[10,49],"Blue Candle":[0],"Prayer Wheel":3,"Pandora\u0027s Box":["Tempest","Aggregate","Compile Driver","Stack"],"War Paint":["Reinforced Body","Defend_B"],"obtain_stats":[{"Anchor":2,"Blue Candle":9,"Prayer Wheel":11,"Pandora\u0027s Box":17,"War Paint":7,"Cracked Core":0},{"Anchor":1,"Blue Candle":3,"Prayer Wheel":5,"Pandora\u0027s Box":7,"War Paint":2,"Cracked Core":0},{"Anchor":3,"Blue Candle":9,"Prayer Wheel":19,"Pandora\u0027s Box":38,"War Paint":6,"Cracked Core":0}]},"card_choices":[{"not_picked":["Sweeping Beam","Double Energy"],"picked":"Ball Lightning","floor":1},{"not_picked":["Turbo","Undo","Blizzard"],"picked":"SKIP","floor":4},{"not_picked":["Redo","Hologram"],"picked":"Conserve Battery","floor":8},{"not_picked":["Beam Cell","Go for the Eyes"],"picked":"Redo","floor":10},{"not_picked":["Lockon","Coolheaded"],"picked":"Glacier","floor":11},{"not_picked":["Meteor Strike","Steam","Melter"],"picked":"SKIP","floor":14},{"not_picked":["Conserve Battery","Genetic Algorithm","Static Discharge"],"picked":"SKIP","floor":14},{"not_picked":["Thunder Strike","Machine Learning"],"picked":"Echo Form","floor":16},{"not_picked":["Sweeping Beam","Static Discharge+1","Conserve Battery"],"picked":"SKIP","floor":18},{"not_picked":["Conserve Battery","Sunder","Undo"],"picked":"SKIP","floor":18},{"not_picked":["Stack","Go for the Eyes"],"picked":"Redo","floor":20},{"not_picked":["Capacitor","Go for the Eyes","Compile Driver"],"picked":"SKIP","floor":20}],"player_experience":1179856,"relics_obtained":[{"floor":9,"key":"Blue Candle"},{"floor":11,"key":"Prayer Wheel"}],"event_choices":[{"damage_healed":0,"gold_gain":0,"player_choice":"Box","damage_taken":0,"relics_obtained":["Anchor"],"max_hp_gain":0,"max_hp_loss":0,"event_name":"Big Fish","floor":2,"gold_loss":0,"cards_obtained":["Regret"]},{"cards_removed":["Regret"],"damage_healed":0,"gold_gain":0,"player_choice":"Card Removal","damage_taken":7,"max_hp_gain":0,"max_hp_loss":0,"event_name":"Golden Wing","floor":3,"gold_loss":0},{"damage_healed":0,"gold_gain":0,"player_choice":"Searched \u00272\u0027 times","damage_taken":0,"relics_obtained":["War Paint"],"max_hp_gain":0,"max_hp_loss":0,"event_name":"Dead Adventurer","floor":7,"gold_loss":0},{"damage_healed":0,"gold_gain":0,"player_choice":"Grow","damage_taken":0,"max_hp_gain":0,"max_hp_loss":0,"event_name":"Living Wall","floor":12,"gold_loss":0,"cards_upgraded":["Redo"]},{"damage_healed":13,"gold_gain":0,"player_choice":"Heal","damage_taken":0,"max_hp_gain":0,"max_hp_loss":0,"event_name":"The Library","floor":21,"gold_loss":0}],"is_beta":false,"boss_relics":[{"not_picked":["Nuclear Battery","Fusion Hammer"],"picked":"Pandora\u0027s Box"}],"items_purged_floors":[5,13],"is_endless":false,"potions_floor_spawned":[11,14],"killed_by":"3 Cultists","ascension_level":15}}