{"host":"gzz35fplm60aw28t","time":1614456735,"event":{"mods":["AchievementEnabler","BaseMod","ChefMod","Colored Powertips","Dark Map","DeckTracker","Minty Spire (QoL Compilation)","StSLib","SuperFastMode"],"gold_per_floor":[111,111,125,125,105,105,131,151,174,209,209,47,66,77,77,178,178,191,103,18,35,35,35],"floor_reached":22,"language":"ENG","playtime":1052,"items_purged":["chefmod:Strike","chefmod:Defend"],"score":213,"play_id":"d8764617-9a97-47b3-9fda-235dc8a43b67","local_time":"20210227211215","is_ascension_mode":true,"campfire_choices":[{"data":"chefmod:TodaysSpecial","floor":6,"key":"SMITH"},{"data":"chefmod:RaidPantry","floor":11,"key":"SMITH"},{"data":"chefmod:FreezerBurn","floor":15,"key":"SMITH"}],"circlet_count":0,"master_deck":["chefmod:Strike","chefmod:Strike","chefmod:QuickThaw","chefmod:Defend","chefmod:Defend","chefmod:Defend","chefmod:TodaysSpecial+1","chefmod:RaidPantry+1","chefmod:Fillet","chefmod:VegetableTart","chefmod:CayenneCloud","chefmod:Fillet","chefmod:LiquidNitrogen","chefmod:FreezerBurn+1","chefmod:FiveAlarmChili","chefmod:FarmersMarket","chefmod:RaidPantry","chefmod:QuickChop","chefmod:TonkotsuRamen"],"relics":["chefmod:TrustyPot","Mercury Hourglass","Smiling Mask","Pen Nib","chefmod:RollingPin","SlaversCollar","PreservedInsect"],"acts_visited":["Exordium","TheCity"],"potions_floor_usage":[10,16,21],"damage_taken":[{"damage":0,"enemies":"Small Slimes","floor":1,"turns":3},{"damage":0,"enemies":"Cultist","floor":3,"turns":4},{"damage":29,"enemies":"3 Sentries","floor":7,"turns":7},{"damage":0,"enemies":"Jaw Worm","floor":8,"turns":3},{"damage":26,"enemies":"Lagavulin","floor":10,"turns":4},{"damage":0,"enemies":"2 Fungi Beasts","floor":13,"turns":2},{"damage":0,"enemies":"3 Louse","floor":14,"turns":2},{"damage":7,"enemies":"Hexaghost","floor":16,"turns":7},{"damage":32,"enemies":"2 Thieves","floor":18,"turns":4},{"damage":27,"enemies":"3 Byrds","floor":21,"turns":3},{"damage":29,"enemies":"Centurion and Healer","floor":22,"turns":4}],"seed_played":"3737813546854852307","potions_obtained":[{"floor":2,"key":"DistilledChaos"},{"floor":2,"key":"Explosive Potion"},{"floor":2,"key":"DuplicationPotion"},{"floor":13,"key":"PowerPotion"},{"floor":16,"key":"Strength Potion"}],"is_trial":false,"path_per_floor":["M","?","M","T","?","R","E","M","T","E","R","$","M","M","R","B",null,"M","$","?","M","M"],"character_chosen":"THE_CHEF","items_purchased":["chefmod:FreezerBurn","chefmod:FiveAlarmChili","chefmod:QuickChop"],"campfire_rested":0,"item_purchase_floors":[12,12,19],"current_hp_per_floor":[76,76,76,76,76,76,47,47,47,21,21,21,21,21,21,14,76,44,44,44,17,0,0],"gold":35,"neow_bonus":"TRANSFORM_CARD","is_daily":false,"chose_seed":false,"campfire_upgraded":3,"win_rate":0.0,"timestamp":1614456735,"path_taken":["M","?","?","?","?","R","E","M","T","E","R","$","M","?","R","BOSS","M","$","?","M","M"],"items_purchased_type":["Card","Card","Card"],"build_version":"2020-12-22","purchased_purges":2,"victory":false,"max_hp_per_floor":[76,76,76,76,76,76,76,76,76,76,76,76,76,76,76,76,76,76,76,76,76,76,76],"card_choices":[{"not_picked":["chefmod:Defrost","chefmod:IcePick"],"picked":"chefmod:Fillet","floor":1},{"not_picked":["chefmod:Defrost","chefmod:FryPan"],"picked":"chefmod:VegetableTart","floor":3},{"not_picked":["chefmod:OldCookbook","chefmod:IcePick"],"picked":"chefmod:CayenneCloud","floor":7},{"not_picked":["chefmod:FryPan","chefmod:HotSoup"],"picked":"chefmod:Fillet","floor":8},{"not_picked":["chefmod:LocoMoco","chefmod:FreshProduce"],"picked":"chefmod:LiquidNitrogen","floor":10},{"not_picked":["chefmod:Flambe","chefmod:Sorbet"],"picked":"chefmod:FarmersMarket","floor":13},{"not_picked":["chefmod:IceCreamCone","chefmod:ZaruSoba","chefmod:FrozenTuna"],"picked":"SKIP","floor":14},{"not_picked":["chefmod:TastyDistraction","chefmod:CapreseSalad"],"picked":"chefmod:RaidPantry","floor":16},{"not_picked":["chefmod:DinoKale","chefmod:Flambe","chefmod:ZaruSoba+1"],"picked":"SKIP","floor":18},{"not_picked":["chefmod:Gelato","chefmod:Julienne+1"],"picked":"chefmod:TonkotsuRamen","floor":21}],"player_experience":112515,"relics_obtained":[{"floor":4,"key":"Mercury Hourglass"},{"floor":7,"key":"Smiling Mask"},{"floor":9,"key":"Pen Nib"},{"floor":10,"key":"chefmod:RollingPin"}],"event_choices":[{"damage_healed":0,"gold_gain":0,"player_choice":"Got Potions","damage_taken":0,"max_hp_gain":0,"max_hp_loss":0,"event_name":"Lab","floor":2,"gold_loss":0},{"damage_healed":0,"gold_gain":0,"player_choice":"Bought 1 Potion","damage_taken":0,"max_hp_gain":0,"max_hp_loss":0,"event_name":"The Woman in Blue","floor":5,"gold_loss":0},{"damage_healed":0,"gold_gain":0,"player_choice":"Obtained Relic","damage_taken":0,"relics_obtained":["PreservedInsect"],"max_hp_gain":0,"max_hp_loss":0,"event_name":"Addict","floor":20,"gold_loss":85}],"is_beta":false,"boss_relics":[{"not_picked":["Ectoplasm","Runic Pyramid"],"picked":"SlaversCollar"}],"items_purged_floors":[12,19],"is_endless":false,"potions_floor_spawned":[7,13,14,16],"killed_by":"Centurion and Healer","ascension_level":2}}