{"host":"og21o26alpnbwmz8","time":1614453511,"event":{"mods":["2.2 Compatiblity","Act Like it!","Aspiration","Aya Shameimaru","BaseMod","ChefMod","Conspire","Downfall","Halation","Hallownest","Hermit","Hubris","Jedi Mod","Mimic Mod","Minty Spire (QoL Compilation)","Pale of the Ancients","Reliquary","Replay The Spire","Ruina","Shop Mod","Spikes Relics","StSLib","The Alterego","The Animator","The Blue Laboratory","The Bug Knight","Waifu the Spire","Yuri Mod"],"gold_per_floor":[216,16,16,82,7,75,141,226,226,306,306,11,52,106,106,144,144],"floor_reached":16,"language":"ENG","playtime":663,"items_purged":["ShadowRift"],"score":129,"play_id":"8100bd69-dbd4-4823-91e4-282c2bf359ca","local_time":"20210227141831","is_ascension_mode":false,"campfire_choices":[{"data":"chefmod:FullBurn","floor":11,"key":"SMITH"},{"data":"chefmod:Escargot","floor":15,"key":"SMITH"}],"circlet_count":0,"master_deck":["chefmod:Strike","chefmod:QuickThaw","chefmod:Defend","chefmod:Defend","chefmod:Defend","chefmod:Defend","chefmod:TodaysSpecial","chefmod:HotSoup","conspire:SpireCoStock","conspire:SpireCoStock","conspire:SpireCoStock","conspire:SpireCoStock","ReplayTheSpireMod:From All Sides","Endless Agony","chefmod:ColdSteel","chefmod:FullBurn+1","chefmod:Escargot+1","chefmod:ZaruSoba"],"relics":["chefmod:TrustyPot","hexamod:CandleOfCauterizing","jedi:shrinkray","PreservedInsect"],"acts_visited":["Exordium"],"potions_floor_usage":[],"damage_taken":[{"damage":0,"enemies":"Hallownest:monsterHuskGuard","floor":1,"turns":4},{"damage":5,"enemies":"2_ Uuma","floor":4,"turns":5},{"damage":0,"enemies":"Hallownest:monsterHuskWarrior","floor":6,"turns":5},{"damage":2,"enemies":"Hallownest:Guard_and_Warrior","floor":7,"turns":7},{"damage":14,"enemies":"Hallownest:eliteCrystalGuardian","floor":8,"turns":7},{"damage":15,"enemies":"Hallownest:monsterFoolEater","floor":10,"turns":4},{"damage":8,"enemies":"Hallownest:Wandering_and_Horned","floor":13,"turns":3},{"damage":4,"enemies":"Hallownest:Guard_and_Warrior","floor":14,"turns":4},{"damage":30,"enemies":"Hallownest:BossHornet","floor":16,"turns":5}],"seed_played":"-1814377301954129753","potions_obtained":[{"floor":4,"key":"chefmod:PotionOfPlenty"},{"floor":8,"key":"hexamod:SoulburnPotion"},{"floor":14,"key":"blueLaboratory:SavagePotion"}],"is_trial":false,"path_per_floor":["M","?","?","M","$","M","M","E","T","M","R","$","M","M","R","B"],"character_chosen":"THE_CHEF","items_purchased":["jedi:shrinkray","PreservedInsect"],"campfire_rested":0,"item_purchase_floors":[12,12],"current_hp_per_floor":[76,76,76,71,71,71,69,55,55,40,40,40,32,28,28,0,0],"gold":144,"neow_bonus":"HUNDRED_GOLD","is_daily":false,"chose_seed":false,"campfire_upgraded":2,"win_rate":0.0,"timestamp":1614453511,"path_taken":["M","?","?","M","$","?","M","E","T","M","R","$","M","?","R","BOSS"],"items_purchased_type":["Relic","Relic"],"build_version":"2020-12-22","purchased_purges":1,"victory":false,"max_hp_per_floor":[76,76,76,76,76,76,76,76,76,76,76,76,76,76,76,76,76],"card_choices":[{"not_picked":["chefmod:Granita","chefmod:Defrost"],"picked":"chefmod:HotSoup","floor":1},{"not_picked":["chefmod:FryPan","chefmod:SearedScallops","chefmod:MonsterBait"],"picked":"SKIP","floor":4},{"not_picked":["chefmod:FireUp","chefmod:ZaruSoba"],"picked":"chefmod:ColdSteel","floor":6},{"not_picked":["chefmod:FarmersMarket","chefmod:ColdSteel"],"picked":"chefmod:FullBurn","floor":7},{"not_picked":["chefmod:Sorbet","chefmod:VegetableTart","chefmod:AlooGobi"],"picked":"SKIP","floor":8},{"not_picked":["chefmod:Sorbet","chefmod:MonsterBait","chefmod:DinoKale"],"picked":"SKIP","floor":10},{"not_picked":["chefmod:LiquidNitrogen","chefmod:SliceAndDice"],"picked":"chefmod:Escargot","floor":13},{"not_picked":["chefmod:AllYouCanEat","chefmod:FireUp"],"picked":"chefmod:ZaruSoba","floor":14}],"player_experience":440323,"relics_obtained":[{"floor":8,"key":"hexamod:CandleOfCauterizing"}],"event_choices":[{"damage_healed":0,"gold_gain":0,"player_choice":"Invest 4","damage_taken":0,"max_hp_gain":0,"max_hp_loss":0,"event_name":"conspire:Investor","floor":2,"gold_loss":0}],"is_beta":false,"boss_relics":[],"items_purged_floors":[5],"is_endless":false,"potions_floor_spawned":[4,6,8,14],"killed_by":"Hallownest:BossHornet","ascension_level":0}}