{"host":"tq99ucv8ezzqzioe","time":1614408155,"event":{"mods":["BaseMod","Colored Map","Downfall","Highlight Path","Minty Spire (QoL Compilation)","StSLib"],"gold_per_floor":[115,130,140,53,65,98,117,117,117,117,134,146,146,177,177,276,276,287,64,163,163,178,178,197,197,197,217,217,236,48,48,48],"floor_reached":31,"language":"ENG","playtime":1717,"items_purged":[],"score":384,"play_id":"c47c13bc-7ff8-48cf-9e00-177cefa18098","local_time":"20210227014235","is_ascension_mode":true,"campfire_choices":[{"data":"Vigilance","floor":10,"key":"SMITH"},{"floor":13,"key":"REST"},{"data":"ClearTheMind","floor":15,"key":"SMITH"},{"floor":23,"key":"REST"},{"floor":28,"key":"RECALL"}],"circlet_count":0,"master_deck":["Strike_P","Strike_P","Strike_P","Strike_P+1","Defend_P","Defend_P","Defend_P","Eruption+1","Vigilance+1","CurseOfTheBell","Evaluate","Meditate","Evaluate","FearNoEvil","ThirdEye","Judgement","BattleHymn","ClearTheMind+1","ThirdEye","Nirvana","SpiritShield","WaveOfTheHand+1","Nirvana","ThirdEye","CutThroughFate","FlyingSleeves+1","Nirvana","Crescendo+1","EmptyFist","Sanctity"],"relics":["Calling Bell","PreservedInsect","StrikeDummy","Ice Cream","Nunchaku","Orichalcum","Philosopher\u0027s Stone","Whetstone","Omamori","Melange"],"acts_visited":["Exordium","TheCity"],"potions_floor_usage":[11,16,27,29],"damage_taken":[{"damage":0,"enemies":"Jaw Worm","floor":1,"turns":4},{"damage":0,"enemies":"Small Slimes","floor":2,"turns":2},{"damage":9,"enemies":"2 Louse","floor":3,"turns":2},{"damage":8,"enemies":"Red Slaver","floor":5,"turns":3},{"damage":20,"enemies":"3 Sentries","floor":6,"turns":4},{"damage":0,"enemies":"Blue Slaver","floor":7,"turns":3},{"damage":21,"enemies":"Exordium Thugs","floor":11,"turns":6},{"damage":6,"enemies":"3 Louse","floor":12,"turns":4},{"damage":0,"enemies":"Lagavulin","floor":14,"turns":4},{"damage":32,"enemies":"Hexaghost","floor":16,"turns":11},{"damage":14,"enemies":"3 Byrds","floor":18,"turns":5},{"damage":11,"enemies":"Spheric Guardian","floor":22,"turns":4},{"damage":14,"enemies":"Shelled Parasite and Fungi","floor":24,"turns":6},{"damage":20,"enemies":"Snake Plant","floor":27,"turns":9},{"damage":7,"enemies":"3 Cultists","floor":29,"turns":5},{"damage":16,"enemies":"Cultist and Chosen","floor":31,"turns":4}],"seed_played":"6496403742667185364","potions_obtained":[{"floor":1,"key":"bronze:BurnAndBuffPotion"},{"floor":5,"key":"SpeedPotion"},{"floor":7,"key":"EssenceOfSteel"},{"floor":16,"key":"EssenceOfSteel"}],"is_trial":false,"path_per_floor":["M","M","M","$","M","E","M","?","T","R","M","M","R","E","R","B",null,"M","$","?","?","M","R","M","?","T","M","R","M","$","M"],"character_chosen":"WATCHER","items_purchased":["FearNoEvil","ThirdEye","Whetstone","Nirvana","Sanctity","Melange"],"campfire_rested":2,"item_purchase_floors":[4,4,19,19,30,30],"current_hp_per_floor":[65,65,56,56,48,28,28,52,52,52,31,25,46,46,46,14,58,44,44,44,44,33,54,40,40,40,20,20,13,13,0,0],"gold":48,"neow_bonus":"BOSS_RELIC","is_daily":false,"chose_seed":false,"campfire_upgraded":2,"win_rate":0.0,"timestamp":1614408155,"path_taken":["M","M","M","$","M","E","M","?","T","R","M","M","R","E","R","BOSS","M","$","?","?","?","R","M","?","T","M","R","M","?","M"],"items_purchased_type":["Card","Card","Relic","Card","Card","Relic"],"build_version":"2020-12-22","purchased_purges":0,"victory":false,"max_hp_per_floor":[72,72,72,72,72,72,72,72,72,72,72,72,72,72,72,72,72,72,72,72,72,72,72,72,72,72,72,72,72,72,72,72],"card_choices":[{"not_picked":["Prostrate","Crescendo"],"picked":"Evaluate","floor":1},{"not_picked":["JustLucky","CrushJoints"],"picked":"Meditate","floor":2},{"not_picked":["FollowUp","Pray"],"picked":"Evaluate","floor":3},{"not_picked":["Crescendo","JustLucky"],"picked":"Judgement","floor":5},{"not_picked":["SashWhip","EmptyFist","FollowUp"],"picked":"SKIP","floor":6},{"not_picked":["ThirdEye","Halt"],"picked":"BattleHymn","floor":7},{"not_picked":["Prostrate","Wireheading"],"picked":"ClearTheMind","floor":11},{"not_picked":["Establishment","WheelKick"],"picked":"ThirdEye","floor":12},{"not_picked":["Pray","EmptyMind"],"picked":"Nirvana","floor":14},{"not_picked":["Establishment","DeusExMachina"],"picked":"SpiritShield","floor":16},{"not_picked":["Crescendo","Conclude"],"picked":"WaveOfTheHand+1","floor":18},{"not_picked":["ClearTheMind","Wallop"],"picked":"CutThroughFate","floor":22},{"not_picked":["PathToVictory+1","Prostrate"],"picked":"FlyingSleeves+1","floor":24},{"not_picked":["PathToVictory","Perseverance"],"picked":"Crescendo+1","floor":27},{"not_picked":["WindmillStrike","JustLucky"],"picked":"EmptyFist","floor":29}],"player_experience":1054341,"relics_obtained":[{"floor":0,"key":"PreservedInsect"},{"floor":0,"key":"StrikeDummy"},{"floor":0,"key":"Ice Cream"},{"floor":6,"key":"Nunchaku"},{"floor":14,"key":"Orichalcum"},{"floor":26,"key":"Omamori"}],"event_choices":[{"damage_healed":24,"gold_gain":0,"player_choice":"Banana","damage_taken":0,"max_hp_gain":0,"max_hp_loss":0,"event_name":"Big Fish","floor":8,"gold_loss":0},{"damage_healed":0,"gold_gain":99,"player_choice":"Stole From Cult","damage_taken":0,"max_hp_gain":0,"max_hp_loss":0,"event_name":"Nest","floor":20,"gold_loss":0},{"damage_healed":0,"gold_gain":0,"cards_transformed":["Defend_P"],"player_choice":"Transformed","damage_taken":0,"max_hp_gain":0,"max_hp_loss":0,"event_name":"Transmorgrifier","floor":21,"gold_loss":0,"cards_obtained":["ThirdEye"]},{"damage_healed":0,"gold_gain":0,"player_choice":"Copied","damage_taken":0,"max_hp_gain":0,"max_hp_loss":0,"event_name":"Duplicator","floor":25,"gold_loss":0,"cards_obtained":["Nirvana"]}],"is_beta":false,"boss_relics":[{"not_picked":["Tiny House","SlaversCollar"],"picked":"Philosopher\u0027s Stone"}],"items_purged_floors":[],"is_endless":false,"potions_floor_spawned":[1,5,7,16],"killed_by":"Cultist and Chosen","ascension_level":8}}