{"host":"6c53mcp5i33szne4","time":1614442482,"event":{"mods":["BaseMod","Minty Spire (QoL Compilation)"],"gold_per_floor":[111,111,111,36,36,68,88,120,120,120,149,5,21,38,38,38,38],"floor_reached":16,"language":"ENG","playtime":586,"items_purged":["Regret"],"score":148,"play_id":"61f48caa-d6f3-4056-af6e-bb8bacb0e7f3","local_time":"20210227161442","is_ascension_mode":true,"campfire_choices":[{"floor":10,"key":"REST"},{"data":"Fire Breathing","floor":15,"key":"SMITH"}],"circlet_count":0,"master_deck":["Strike_R+1","Strike_R","Strike_R","Strike_R+1","Strike_R","Defend_R","Defend_R","Defend_R","Defend_R","Bash","Infernal Blade+1","Dropkick","Iron Wave","Pommel Strike","Wild Strike","Fire Breathing+1"],"relics":["Burning Blood","Gremlin Horn","Paper Frog","Ginger","Lantern","Whetstone","MealTicket"],"acts_visited":["Exordium"],"potions_floor_usage":[8,16],"damage_taken":[{"damage":15,"enemies":"Jaw Worm","floor":1,"turns":5},{"damage":58,"enemies":"Lagavulin","floor":6,"turns":8},{"damage":0,"enemies":"Small Slimes","floor":7,"turns":3},{"damage":16,"enemies":"Gremlin Nob","floor":8,"turns":3},{"damage":15,"enemies":"3 Sentries","floor":11,"turns":10},{"damage":0,"enemies":"Cultist","floor":13,"turns":2},{"damage":0,"enemies":"Gremlin Gang","floor":14,"turns":1},{"damage":54,"enemies":"The Guardian","floor":16,"turns":8}],"seed_played":"-1613449547276041288","potions_obtained":[{"floor":6,"key":"SteroidPotion"},{"floor":7,"key":"Fire Potion"},{"floor":14,"key":"FearPotion"}],"is_trial":false,"path_per_floor":["M","?","?","$","?","E","M","E","T","R","E","$","M","M","R","B"],"character_chosen":"IRONCLAD","items_purchased":["MealTicket"],"campfire_rested":1,"item_purchase_floors":[12],"current_hp_per_floor":[79,79,79,79,79,27,33,23,23,49,40,40,46,52,52,0,0],"gold":38,"neow_bonus":"TEN_PERCENT_HP_BONUS","is_daily":false,"chose_seed":false,"campfire_upgraded":1,"win_rate":0.0,"timestamp":1614442482,"path_taken":["M","?","?","?","?","E","M","E","T","R","E","$","M","?","R","BOSS"],"items_purchased_type":["Relic"],"build_version":"2020-12-22","purchased_purges":1,"victory":false,"max_hp_per_floor":[88,88,88,88,88,88,88,88,88,88,88,88,88,88,88,88,88],"card_choices":[{"not_picked":["Clash","Whirlwind"],"picked":"Infernal Blade","floor":1},{"not_picked":["Entrench","Flex"],"picked":"Dropkick","floor":6},{"not_picked":["Wild Strike","Warcry","Entrench"],"picked":"SKIP","floor":7},{"not_picked":["Twin Strike","Demon Form"],"picked":"Iron Wave","floor":8},{"not_picked":["Clash","Shrug It Off"],"picked":"Pommel Strike","floor":11},{"not_picked":["Iron Wave","Disarm"],"picked":"Wild Strike","floor":13},{"not_picked":["Inflame","Clothesline"],"picked":"Fire Breathing","floor":14}],"player_experience":377686,"relics_obtained":[{"floor":6,"key":"Paper Frog"},{"floor":8,"key":"Ginger"},{"floor":9,"key":"Lantern"},{"floor":11,"key":"Whetstone"}],"event_choices":[{"damage_healed":0,"gold_gain":0,"player_choice":"Box","damage_taken":0,"relics_obtained":["Gremlin Horn"],"max_hp_gain":0,"max_hp_loss":0,"event_name":"Big Fish","floor":2,"gold_loss":0,"cards_obtained":["Regret"]},{"damage_healed":0,"gold_gain":0,"player_choice":"Ignored","damage_taken":0,"max_hp_gain":0,"max_hp_loss":0,"event_name":"Liars Game","floor":3,"gold_loss":0},{"damage_healed":0,"gold_gain":0,"player_choice":"Upgraded","damage_taken":0,"max_hp_gain":0,"max_hp_loss":0,"event_name":"Upgrade Shrine","floor":5,"gold_loss":0,"cards_upgraded":["Infernal Blade"]}],"is_beta":false,"boss_relics":[],"items_purged_floors":[4],"is_endless":false,"potions_floor_spawned":[6,7,14],"killed_by":"The Guardian","ascension_level":5}}