{"host":"b5mzvg96njlg7ry9","time":1614452734,"event":{"mods":["Act Like it!","AlwaysNeverKeys","BaseMod","Colored Map","Colored Powertips","Downfall","Highlight Path","Library of Ruina","Minty Spire (QoL Compilation)","Quick Restart","Relic Sorter","Ruina","Shop Mod","StSLib","SuperFastMode","everything is the same but u backflip on backflip"],"gold_per_floor":[111,39,56,68,111,313,342,342,342,390,390,465,465,492,492,597,597,616,628,132,145,145,179,192,88,140,140,140,192,226,239,239,338,338,356,202,300,319,338,363,363,391,391,478,511,561,574,226,226,266,266,266,380,408,448],"floor_reached":56,"language":"ENG","playtime":3643,"items_purged":["LightAttack","LightAttack","LightDefense","ClassAndRespect","Dodge","LightDefense"],"score":1706,"play_id":"14d8cef6-d082-43f6-bd71-103d8971f70d","local_time":"20210227200534","is_ascension_mode":true,"campfire_choices":[{"data":"UnavoidableGaze","floor":15.0,"key":"SMITH"},{"data":"KeepItFresh","floor":32,"key":"SMITH"},{"data":"1","floor":41,"key":"LIFT"},{"data":"2","floor":49,"key":"LIFT"},{"data":"3","floor":52,"key":"LIFT"}],"circlet_count":0,"master_deck":["LightDefense+1","LightDefense+1","ChargeAndCover+1","FocusedStrikes+1","Cruelty","UnavoidableGaze+1","GutHarvesting+1","DarkCloud+1","LawAndOrder+1","SilentMist+1","JiaoTu+1","ruina:FadedMemories+1","ruina:FadedMemories+1","KeepItFresh+1","Track+1","CurseOfTheBell","GatherIntel+1","PreemptiveStrike+1","DarkCloud+1","SharpenedBlade"],"relics":["PageOfLibrarian","Thread and Needle","PageOfNothingThere","PageOfHappyTeddyBear","MerchantsRug","PageOfScorchedGirl","Incense Burner","Bottled Tornado","Girya","PageOfBlackSwan","PageOfBigBird","Meat on the Bone","PageOfSingingMachine","Centennial Puzzle","PageOfSpiderBud","PageOfPorccubus","Bronze Scales","Ornamental Fan","PageOfFreischutz","PageOfUniverseFragment","Happy Flower","bronze:DonusWashers","Du-Vu Doll","Art of War","Letter Opener","PageOfLaetitia","Omamori","Mummified Hand","Bottled Lightning","TheAbacus","PageOfLittleHelper","PageOfThreeBirds","Sling","PageOfAspirationHeart"],"acts_visited":["Exordium","Exordium","TheBeyond","TheEnding"],"potions_floor_usage":[30,44,50,55],"damage_taken":[{"damage":6.0,"enemies":"Small Slimes","floor":1.0,"turns":4.0},{"damage":0.0,"enemies":"Cultist","floor":3.0,"turns":4.0},{"damage":0.0,"enemies":"Jaw Worm","floor":4.0,"turns":3.0},{"damage":5.0,"enemies":"Red Slaver","floor":5.0,"turns":4.0},{"damage":16.0,"enemies":"Lagavulin","floor":7.0,"turns":8.0},{"damage":2.0,"enemies":"Looter","floor":10.0,"turns":3.0},{"damage":12.0,"enemies":"Lots of Slimes","floor":12.0,"turns":5.0},{"damage":0.0,"enemies":"Gremlin Nob","floor":14.0,"turns":2.0},{"damage":0.0,"enemies":"Slime Boss","floor":16.0,"turns":3.0},{"damage":0.0,"enemies":"ruina:Nosferatu","floor":18.0,"turns":3.0},{"damage":3.0,"enemies":"ruina:3_Bats","floor":19.0,"turns":6.0},{"damage":0.0,"enemies":"ruina:KingOfGreed","floor":21.0,"turns":3.0},{"damage":7.0,"enemies":"ruina:Mountain","floor":23.0,"turns":7.0},{"damage":0.0,"enemies":"ruina:Woodsman","floor":24.0,"turns":3.0},{"damage":0.0,"enemies":"ruina:QueenOfHate","floor":29.0,"turns":4.0},{"damage":0,"enemies":"ruina:RoadHome","floor":30,"turns":3},{"damage":1,"enemies":"ruina:KnightOfDespair","floor":31,"turns":4},{"damage":11,"enemies":"ruina:JesterOfNihil","floor":33,"turns":5},{"damage":0,"enemies":"Orb Walker","floor":35,"turns":2},{"damage":14,"enemies":"3 Shapes","floor":37,"turns":3},{"damage":17,"enemies":"Writhing Mass","floor":38,"turns":4},{"damage":0,"enemies":"Transient","floor":39,"turns":5},{"damage":0,"enemies":"Reptomancer","floor":40,"turns":4},{"damage":0,"enemies":"Giant Head","floor":42,"turns":5},{"damage":0,"enemies":"2 Orb Walkers","floor":44,"turns":3},{"damage":0,"enemies":"Reptomancer","floor":45,"turns":4},{"damage":6,"enemies":"4 Shapes","floor":46,"turns":4},{"damage":17,"enemies":"Writhing Mass","floor":47,"turns":2},{"damage":12,"enemies":"Awakened One","floor":50,"turns":6},{"damage":3,"enemies":"Shield and Spear","floor":54,"turns":2},{"damage":3,"enemies":"The Heart","floor":55,"turns":4}],"seed_played":"-1601661743879044987","potions_obtained":[{"floor":1.0,"key":"SkillPotion"},{"floor":3.0,"key":"CultistPotion"},{"floor":4.0,"key":"FairyPotion"},{"floor":11.0,"key":"DuplicationPotion"},{"floor":11.0,"key":"GamblersBrew"},{"floor":14.0,"key":"EssenceOfSteel"},{"floor":18.0,"key":"DuplicationPotion"},{"floor":23.0,"key":"PowerPotion"},{"floor":29.0,"key":"Guardian:BlockOnCardUsePotion"},{"floor":30,"key":"bronze:BurnAndBuffPotion"},{"floor":35,"key":"Guardian:BlockOnCardUsePotion"},{"floor":37,"key":"sneckomod:MuddlingPotion"},{"floor":40,"key":"SteroidPotion"},{"floor":47,"key":"Explosive Potion"}],"is_trial":false,"path_per_floor":["M","?","M","M","M","$","E","?","T","M","?","M","T","E","R","B",null,"M","M","$","M","?","E","M","$","T","?","?","M","E","M","R","B",null,"M","$","M","M","M","E","R","E","T","?","E","M","M","$","R","B",null,"R","$","E","B",null],"character_chosen":"Librarian","items_purchased":["PageOfNothingThere","PageOfHappyTeddyBear","DarkCloud","MerchantsRug","PageOfBigBird","War Paint","PageOfSingingMachine","Centennial Puzzle","ruina:FadedMemories","PageOfUniverseFragment","Happy Flower","bronze:DonusWashers","Mummified Hand","Bottled Lightning","TheAbacus","SkillPotion","PageOfLittleHelper","PageOfThreeBirds","Sling"],"campfire_rested":0,"item_purchase_floors":[6,6,6,6,20,20,25,25,25,36,36,36,48,48,48,48,53,53,53],"current_hp_per_floor":[54,54,54,54,49,49,36,36,36,34,34,22,22,22,22,26,70,70,70,70,70,20,13,25,25,25,25,4,23,41,50,50,52,70,70,70,58,54,67,70,70,70,70,70,70,64,52,52,52,69,70,70,70,78,80],"gold":448,"neow_bonus":"TRANSFORM_CARD","is_daily":false,"chose_seed":false,"campfire_upgraded":2,"win_rate":0.0,"timestamp":1614452734,"path_taken":["M","?","M","?","M","$","E","?","T","?","?","?","?","E","R","BOSS","M","M","$","M","?","E","M","$","T","?","?","?","E","M","R","BOSS","M","$","?","M","M","E","R","E","T","?","E","M","M","$","R","BOSS","R","$","E","BOSS"],"items_purchased_type":["Relic","Relic","Card","Relic","Relic","Relic","Relic","Relic","Card","Relic","Relic","Relic","Relic","Relic","Relic","Potion","Relic","Relic","Relic"],"build_version":"2020-12-22","purchased_purges":6,"victory":true,"max_hp_per_floor":[62,62,70,70,70,70,70,70,70,70,70,70,70,70,70,70,70,70,70,70,70,70,70,70,70,70,70,70,70,70,70,70,70,70,70,70,70,70,70,70,70,70,70,70,70,70,70,70,70,70,70,70,70,80,80],"card_choices":[{"not_picked":["SerpentSwordTechnique","StrikeDown","Outburst","Decapitation","GuardingStance","Preparation","BiAn","DefenseOrder"],"picked":"UnavoidableGaze","floor":1.0},{"not_picked":["Wallop_lor","BindingArms","YoureTooSlow","DefenseOrder","MindCrush","FleetFootsteps","Multislash","GreatSerpentsImpact","NightInTheBackstreets"],"picked":"SKIP","floor":3.0},{"not_picked":["ViolentFlame","Outburst","HandleRequest","Diversion","EnergyShield","Laceration","ReadyUp","Unlock1"],"picked":"GutHarvesting","floor":4.0},{"not_picked":["QuickSuppression","SuppressingShot","HighSpeedStabbing","UnavoidableGaze","AsThePrescriptOrders","GutHarvesting","Crush","BayonetCombat"],"picked":"ClassAndRespect","floor":5.0},{"not_picked":["FieryDragonSlash","BoundaryOfDeath","Overpower","Multislash","AutomatedMovement","Execute_lor","LossOfSenses","BlowItUp","ICanCookAnything"],"picked":"SKIP","floor":7.0},{"not_picked":["ClassAndRespect","ViolentFlame","NonstopAssault","BiAn","ICanCookAnything","Guardian_lor","FrontalAssault","QuickSuppression","MultiBlock"],"picked":"SKIP","floor":10.0},{"not_picked":["ClassAndRespect","ViolentFlame","NonstopAssault","BiAn","ICanCookAnything","Guardian_lor","FrontalAssault","QuickSuppression","MultiBlock"],"picked":"SKIP","floor":10.0},{"not_picked":["Thirst","SerpentSwordTechnique","FlowOfTheSword","ViolentFlame","GreatSerpentsImpact","Standoff","TheWillOfTheCity","MultiBlock"],"picked":"LawAndOrder","floor":12.0},{"not_picked":["ToWhereThePrescriptPoints","Feast","SunsetBlade","EnergyShield","SuppressingShot","SinglePointStab","Deflect_lor","StrikeDown","Retaliate"],"picked":"SKIP","floor":14.0},{"not_picked":["SuppressingShot","BlindFaith","HeavyPeaks","DirtyBlow","CoordinatedAssault","GuidanceOfTheGears","GreatSerpentsImpact","RapidGashes+1"],"picked":"SilentMist","floor":18.0},{"not_picked":["TheRedNotes","BulkyImpact","StructuralAnalysis","WillProduceFineSilk","EnergyShield","PinpointShot+1","FleetEdge+1","ClassAndRespect"],"picked":"JiaoTu+1","floor":19.0},{"not_picked":["Diversion","Quickness","Thrust","BurningFlash","Wallop_lor","FleetFootsteps+1","ChopItOff","EnergyCycle","Clone"],"picked":"SKIP","floor":21.0},{"not_picked":["AutonomousRush","Mutilate","ClassAndRespect","Retaliate","ViolentFlame","Laceration","IdentifyWeakpoint","EnergyCycle","GuidanceOfTheGears"],"picked":"SKIP","floor":23.0},{"not_picked":["WillBeTasty","GuardingStance","Thirst","DefenseOrder","ShrineToMusic","Creak","NightInTheBackstreets","Pound","WillOfThePrescript"],"picked":"SKIP","floor":24.0},{"not_picked":["Wallop_lor+1","ForcefulGesture","Outburst","Faith","Parry2","EnergyShield+1","YourShield","AsThePrescriptOrders"],"picked":"KeepItFresh","floor":29.0},{"not_picked":["LeRegole","GrazeTheGrass","GreatSerpentsImpact","DevastatingThrash+1","Leap_lor+1","FeatherShield","Standoff+1","Retaliate","EndlessBattle+1"],"picked":"SKIP","floor":30},{"not_picked":["SerpentineBarrier","SummaryJudgment","Clone","FleetEdge","ChopItOff","GuardingStance","Lock","UnavoidableGaze"],"picked":"Track+1","floor":31},{"not_picked":["Diversion+1","KeepItFresh","TendonChords+1","FeelinGood+1","GuardingStance","WillOfThePrescript","Overcharge","Disposal"],"picked":"GatherIntel+1","floor":35},{"not_picked":["RhinoRam+1","HandlingWork+1","GreatSerpentsImpact+1","GrazeTheGrass","Multislash","Parry2","SummaryJudgment","Standoff+1"],"picked":"PreemptiveStrike+1","floor":37},{"not_picked":["MultiBlock+1","Outburst","BlindFaith","Parry2+1","SteelKnuckles+1","StrongStrike","CoordinatedAssault","ReadyUp","CookingPrep"],"picked":"SKIP","floor":38},{"not_picked":["MultiBlock","BackstreetsDash+1","SunsetBlade","PinpointShot","TrashDisposal","Leap_lor+1","BiteOff","CoordinatedAssault+1"],"picked":"DarkCloud+1","floor":39},{"not_picked":["CutIn+1","FlowOfTheSword+1","Wallop_lor","Leap_lor+1","FierceCharge","Brawl+1","Faith","GroundSmash","Parry2+1"],"picked":"SKIP","floor":40},{"not_picked":["TrashDisposal","Leap_lor+1","FleetFootsteps","Bvapour","SerpentSwordTechnique","VenomousFangs+1","SturdyDefense","LossOfSenses","SmokingPipe"],"picked":"SKIP","floor":42},{"not_picked":["Wallop_lor+1","Thirst","Multislash+1","GutHarvesting","ButterflySlash","TimeForALittleTest+1","FierceCharge","TheArtOfRapidSteps","BladeWhirl"],"picked":"SKIP","floor":45},{"not_picked":["PinpointShot+1","TheWillOfTheCity+1","NightInTheBackstreets+1","Multislash","GuardingStance+1","Standoff+1","Thirst+1","MultiHit+1","MultiBlock"],"picked":"SKIP","floor":46},{"not_picked":["BladeWhirl+1","TendonChords+1","SnakesPrey","DirtyBlow+1","EnergyCycle","YoureAHindrance","Guardian_lor","CumulusWall+1"],"picked":"SharpenedBlade","floor":47},{"not_picked":["GuardingStance","ExtractFuel+1","Parry2","WillProduceFineSilk","Duel_lor","Reload","PuppetBlockade+1","EnergyShield+1","BackstreetsDash"],"picked":"SKIP","floor":54}],"player_experience":873882,"relics_obtained":[{"floor":7.0,"key":"PageOfScorchedGirl"},{"floor":9.0,"key":"Incense Burner"},{"floor":13.0,"key":"Bottled Tornado"},{"floor":14.0,"key":"Girya"},{"floor":23.0,"key":"Meat on the Bone"},{"floor":26.0,"key":"PageOfSpiderBud"},{"floor":30,"key":"PageOfPorccubus"},{"floor":34,"key":"Bronze Scales"},{"floor":34,"key":"Ornamental Fan"},{"floor":34,"key":"PageOfFreischutz"},{"floor":40,"key":"Du-Vu Doll"},{"floor":42,"key":"Art of War"},{"floor":43,"key":"Letter Opener"},{"floor":44,"key":"PageOfLaetitia"},{"floor":45,"key":"Omamori"},{"floor":54,"key":"PageOfAspirationHeart"}],"event_choices":[{"damage_healed":0.0,"max_hp_gain":0.0,"max_hp_loss":0.0,"gold_gain":0.0,"event_name":"WeMeetAgain","player_choice":"Paid Gold","floor":2.0,"gold_loss":72.0,"damage_taken":0.0,"relics_obtained":["Thread and Needle"]},{"damage_healed":0.0,"max_hp_gain":0.0,"max_hp_loss":0.0,"gold_gain":0.0,"event_name":"Upgrade Shrine","player_choice":"Upgraded","floor":8.0,"gold_loss":0.0,"damage_taken":0.0,"cards_upgraded":["DarkCloud"]},{"damage_healed":0.0,"max_hp_gain":0.0,"max_hp_loss":0.0,"gold_gain":0.0,"event_name":"Lab","player_choice":"Got Potions","floor":11.0,"gold_loss":0.0,"damage_taken":0.0},{"damage_healed":0,"gold_gain":0,"player_choice":"Fight","damage_taken":0,"max_hp_gain":0,"max_hp_loss":0,"event_name":"Mysterious Sphere","floor":44,"gold_loss":0}],"is_beta":false,"boss_relics":[{"not_picked":["Philosopher\u0027s Stone","SlaversCollar"],"picked":"PageOfBlackSwan"},{"not_picked":["Snecko Eye","Black Star"],"picked":"Calling Bell"}],"items_purged_floors":[6,20,25,36,48,53],"is_endless":false,"potions_floor_spawned":[1,3,4,5,14,18,19,23,29,30,35,37,38,40,47],"ascension_level":3}}