{"host":"1xo5g347e5o4auts","time":1614412673,"event":{"mods":["BaseMod","Minty Spire (QoL Compilation)","Permanent Neow","StSLib"],"gold_per_floor":[113,113,124,141,141,141,165,203,226,278,290,302,43,84,84,84,84],"floor_reached":16,"language":"ENG","playtime":703,"items_purged":[],"score":236,"play_id":"423f05a2-c53d-4bda-badd-db33bf9045b4","local_time":"20210227095753","is_ascension_mode":true,"campfire_choices":[{"data":"Glass Knife","floor":6.0,"key":"SMITH"},{"floor":12,"key":"REST"},{"data":"Glass Knife","floor":15,"key":"SMITH"}],"circlet_count":0,"master_deck":["AscendersBane","Strike_G","Strike_G","Strike_G","Strike_G","Defend_G","Defend_G","Defend_G","Defend_G","Defend_G","Survivor","Neutralize","Glass Knife+1","Well Laid Plans","Endless Agony","Dagger Throw","Crippling Poison","Glass Knife+1"],"relics":["Ring of the Snake","Golden Idol","Akabeko","MawBank","Smiling Mask","Paper Crane","Kunai"],"acts_visited":["Exordium"],"potions_floor_usage":[8,10,16],"damage_taken":[{"damage":3.0,"enemies":"2 Louse","floor":1.0,"turns":3.0},{"damage":6.0,"enemies":"Small Slimes","floor":3.0,"turns":5.0},{"damage":9.0,"enemies":"Jaw Worm","floor":4.0,"turns":4.0},{"damage":0.0,"enemies":"Looter","floor":7.0,"turns":2.0},{"damage":7,"enemies":"Lagavulin","floor":8,"turns":8},{"damage":5,"enemies":"3 Sentries","floor":10,"turns":8},{"damage":2,"enemies":"Lagavulin","floor":14,"turns":6},{"damage":48,"enemies":"Hexaghost","floor":16,"turns":11}],"seed_played":"2932695275340095021","potions_obtained":[{"floor":3.0,"key":"Swift Potion"},{"floor":4.0,"key":"ColorlessPotion"},{"floor":8,"key":"Energy Potion"},{"floor":14,"key":"Explosive Potion"}],"is_trial":false,"path_per_floor":["M","?","M","M","?","R","M","E","T","E","?","R","$","E","R","B"],"character_chosen":"THE_SILENT","items_purchased":["Paper Crane"],"campfire_rested":1,"item_purchase_floors":[13],"current_hp_per_floor":[56,61,55,46,46,46,46,39,39,34,27,44,44,42,42,0,0],"gold":84,"neow_bonus":"THREE_RARE_CARDS","is_daily":false,"chose_seed":false,"campfire_upgraded":2,"win_rate":0.0,"timestamp":1614412673,"path_taken":["M","?","M","M","?","R","M","E","T","E","?","R","?","E","R","BOSS"],"items_purchased_type":["Relic"],"build_version":"2020-12-22","purchased_purges":0,"victory":false,"max_hp_per_floor":[60,65,65,65,59,59,59,59,59,59,59,59,59,59,59,59,59],"card_choices":[{"not_picked":["Tools of the Trade","Storm of Steel"],"picked":"Glass Knife","floor":0.0},{"not_picked":["Sucker Punch","Endless Agony"],"picked":"Well Laid Plans","floor":1.0},{"not_picked":["Underhanded Strike","Acrobatics","Prepared"],"picked":"SKIP","floor":3.0},{"not_picked":["Riddle With Holes","Masterful Stab"],"picked":"Endless Agony","floor":4.0},{"not_picked":["Slice","Catalyst"],"picked":"Dagger Throw","floor":7.0},{"not_picked":["Deadly Poison","Envenom"],"picked":"Crippling Poison","floor":8},{"not_picked":["Prepared","Predator"],"picked":"Glass Knife","floor":14}],"player_experience":1520146,"relics_obtained":[{"floor":8,"key":"Akabeko"},{"floor":9,"key":"MawBank"},{"floor":10,"key":"Smiling Mask"},{"floor":14,"key":"Kunai"}],"event_choices":[{"damage_healed":0.0,"max_hp_gain":5.0,"max_hp_loss":0.0,"gold_gain":0.0,"event_name":"Big Fish","player_choice":"Donut","floor":2.0,"gold_loss":0.0,"damage_taken":0.0},{"damage_healed":0.0,"max_hp_gain":0.0,"max_hp_loss":6.0,"gold_gain":0.0,"event_name":"Golden Idol","player_choice":"Lose Max HP","floor":5.0,"gold_loss":0.0,"damage_taken":0.0,"relics_obtained":["Golden Idol"]},{"cards_removed":["Strike_G"],"damage_healed":0,"gold_gain":0,"player_choice":"Card Removal","damage_taken":7,"max_hp_gain":0,"max_hp_loss":0,"event_name":"Golden Wing","floor":11,"gold_loss":0}],"is_beta":false,"boss_relics":[],"items_purged_floors":[],"is_endless":false,"potions_floor_spawned":[3,4,8,14],"killed_by":"Hexaghost","ascension_level":20}}