{"host":"vyjryxuuuxkt43k4","time":1614444426,"event":{"mods":["AchievementEnabler","BaseMod","Colored Map","DeckTracker","Keyboard Shortcuts","Minty Spire (QoL Compilation)","Permanent Neow","Quick Restart","StSLib","SuperFastMode","everything is the same but u backflip on backflip"],"gold_per_floor":[367,367,383,51,66,66,77,77,104,128,159,171,198,228,240,327,339,371,40,40,57,73,73,85,85,108,108,138,138,163,177,177,250,250,269,33,44,69,86,86,111,111,111,146,146,158,177,67,67,67,67],"floor_reached":50,"language":"KOR","playtime":2797,"items_purged":["Unload"],"score":1157,"play_id":"5c4ab94f-094f-4b8b-b2f8-c1359cc23a1e","local_time":"20210228014706","is_ascension_mode":true,"campfire_choices":[{"data":"Riddle With Holes","floor":6.0,"key":"SMITH"},{"data":"Crippling Poison","floor":8.0,"key":"SMITH"},{"floor":15.0,"key":"REST"},{"data":"Blade Dance","floor":23.0,"key":"SMITH"},{"data":"Dagger Spray","floor":25.0,"key":"SMITH"},{"floor":27.0,"key":"REST"},{"data":"Adrenaline","floor":29.0,"key":"SMITH"},{"floor":32.0,"key":"REST"},{"data":"Acrobatics","floor":40.0,"key":"SMITH"},{"data":"Storm of Steel","floor":42,"key":"SMITH"},{"floor":45,"key":"RECALL"},{"floor":49,"key":"REST"}],"circlet_count":0,"master_deck":["AscendersBane","Survivor+1","Neutralize+1","Dagger Spray+1","Crippling Poison+1","Malaise","Endless Agony","Corpse Explosion","Adrenaline+1","Blade Dance+1","Backflip","Cloak And Dagger+1","PiercingWail","Grand Finale","Burst","Unload","Dagger Throw","Die Die Die","Bouncing Flask","Eviscerate","Dash","Blur","Storm of Steel+1","Acrobatics+1","Underhanded Strike+1","Blade Dance","Footwork"],"relics":["Ring of the Snake","FaceOfCleric","Dead Branch","MawBank","SlaversCollar","Akabeko","Red Mask","Ancient Tea Set","Pandora\u0027s Box","Lee\u0027s Waffle","Gambling Chip","Omamori","Nunchaku","Gremlin Horn"],"acts_visited":["Exordium","TheCity","TheBeyond"],"potions_floor_usage":[41,46,46,46,50],"damage_taken":[{"damage":1.0,"enemies":"2 Louse","floor":1.0,"turns":4.0},{"damage":1.0,"enemies":"Cultist","floor":3.0,"turns":4.0},{"damage":12.0,"enemies":"Jaw Worm","floor":5.0,"turns":4.0},{"damage":6.0,"enemies":"Red Slaver","floor":7.0,"turns":2.0},{"damage":12.0,"enemies":"Lots of Slimes","floor":10.0,"turns":2.0},{"damage":6.0,"enemies":"Blue Slaver","floor":11.0,"turns":5.0},{"damage":7.0,"enemies":"3 Louse","floor":13.0,"turns":3.0},{"damage":5.0,"enemies":"Large Slime","floor":14.0,"turns":6.0},{"damage":29.0,"enemies":"The Guardian","floor":16.0,"turns":16.0},{"damage":6.0,"enemies":"3 Byrds","floor":18.0,"turns":3.0},{"damage":0.0,"enemies":"Chosen","floor":21.0,"turns":2.0},{"damage":9.0,"enemies":"Snake Plant","floor":22.0,"turns":4.0},{"damage":12.0,"enemies":"Centurion and Healer","floor":24.0,"turns":2.0},{"damage":0.0,"enemies":"Masked Bandits","floor":28.0,"turns":2.0},{"damage":27.0,"enemies":"Gremlin Leader","floor":30.0,"turns":3.0},{"damage":7.0,"enemies":"3 Cultists","floor":31.0,"turns":5.0},{"damage":32.0,"enemies":"Automaton","floor":33.0,"turns":8.0},{"damage":0.0,"enemies":"Orb Walker","floor":35.0,"turns":2.0},{"damage":18.0,"enemies":"3 Shapes","floor":37.0,"turns":3.0},{"damage":0.0,"enemies":"Mind Bloom Boss Battle","floor":38.0,"turns":6.0},{"damage":0.0,"enemies":"Jaw Worm Horde","floor":39.0,"turns":2.0},{"damage":38,"enemies":"Reptomancer","floor":41,"turns":5},{"damage":0,"enemies":"Giant Head","floor":44,"turns":1},{"damage":17,"enemies":"Transient","floor":46,"turns":6},{"damage":0,"enemies":"Sphere and 2 Shapes","floor":47,"turns":4},{"damage":57,"enemies":"Time Eater","floor":50,"turns":5}],"seed_played":"-1451364822070206183","potions_obtained":[{"floor":1.0,"key":"Energy Potion"},{"floor":5.0,"key":"ColorlessPotion"},{"floor":13.0,"key":"BlessingOfTheForge"},{"floor":14.0,"key":"FearPotion"},{"floor":16.0,"key":"Ancient Potion"},{"floor":18.0,"key":"PowerPotion"},{"floor":28.0,"key":"DistilledChaos"},{"floor":30.0,"key":"Dexterity Potion"},{"floor":31.0,"key":"FearPotion"},{"floor":37.0,"key":"PowerPotion"},{"floor":41,"key":"EntropicBrew"},{"floor":44,"key":"Block Potion"}],"is_trial":false,"path_per_floor":["M","?","M","$","M","R","M","R","T","M","M","?","M","M","R","B",null,"M","$","?","M","M","R","M","R","T","R","?","R","E","M","R","B",null,"M","$","M","?","M","R","E","R","T","E","R","M","M","?","R","B"],"character_chosen":"THE_SILENT","items_purchased":["Dead Branch","Adrenaline","Akabeko","Lee\u0027s Waffle"],"campfire_rested":4,"item_purchase_floors":[4,19,19,36],"current_hp_per_floor":[58,58,58,58,47,47,42,42,42,31,26,26,20,16,36,8,53,48,48,48,49,41,41,30,30,30,51,52,52,26,20,42,11,60,61,84,67,68,69,69,32,32,32,33,33,17,18,18,45,0,0],"gold":67,"neow_bonus":"TWO_FIFTY_GOLD","is_daily":false,"chose_seed":false,"campfire_upgraded":7,"win_rate":0.0,"timestamp":1614444426,"path_taken":["M","?","M","$","?","R","M","R","T","M","M","?","?","M","R","BOSS","M","$","?","M","M","R","M","R","T","R","?","R","E","M","R","BOSS","M","$","M","?","M","R","E","R","T","E","R","M","M","?","R","BOSS"],"items_purchased_type":["Relic","Card","Relic","Relic"],"build_version":"2020-12-22","purchased_purges":1,"victory":false,"max_hp_per_floor":[60,60,61,61,62,62,63,63,63,64,65,65,66,67,67,68,68,69,69,69,70,71,71,72,72,72,72,73,73,74,75,75,76,76,77,84,85,86,87,87,88,88,88,89,89,90,91,91,91,91,91],"card_choices":[{"not_picked":["Caltrops","Prepared"],"picked":"Riddle With Holes","floor":1.0},{"not_picked":["Distraction","Dodge and Roll","Catalyst"],"picked":"SKIP","floor":3.0},{"not_picked":["Sucker Punch","Dagger Throw"],"picked":"Dagger Spray","floor":5.0},{"not_picked":["Choke","Dagger Throw"],"picked":"Crippling Poison","floor":7.0},{"not_picked":["Backflip","Quick Slash","Expertise"],"picked":"SKIP","floor":10.0},{"not_picked":["Bane","Poisoned Stab","All Out Attack"],"picked":"SKIP","floor":11.0},{"not_picked":["Dagger Spray","All Out Attack"],"picked":"Malaise","floor":13.0},{"not_picked":["Leg Sweep","PiercingWail"],"picked":"Endless Agony","floor":14.0},{"not_picked":["Unload","Glass Knife"],"picked":"Corpse Explosion","floor":16.0},{"not_picked":["Bouncing Flask","Dagger Throw","Caltrops+1"],"picked":"SKIP","floor":18.0},{"not_picked":["Slice","Masterful Stab"],"picked":"Backflip","floor":21.0},{"not_picked":["Deflect","Sucker Punch","Slice"],"picked":"SKIP","floor":22.0},{"not_picked":["Slice+1","Escape Plan","Caltrops"],"picked":"SKIP","floor":24.0},{"not_picked":["Accuracy","Bullet Time"],"picked":"Cloak And Dagger+1","floor":28.0},{"not_picked":["Setup","Bouncing Flask"],"picked":"PiercingWail","floor":30.0},{"not_picked":["Dagger Spray","Bouncing Flask","Deadly Poison"],"picked":"SKIP","floor":31.0},{"not_picked":["Tools of the Trade","Corpse Explosion"],"picked":"Grand Finale","floor":33.0},{"not_picked":["Outmaneuver+1","Deflect"],"picked":"Acrobatics","floor":35.0},{"not_picked":["Dodge and Roll+1","All Out Attack","Deflect+1"],"picked":"SKIP","floor":37.0},{"not_picked":["Skewer","Sucker Punch"],"picked":"Underhanded Strike+1","floor":38.0},{"not_picked":["Dagger Throw","Dodge and Roll","Acrobatics"],"picked":"SKIP","floor":39.0},{"not_picked":["Accuracy","Expertise+1","Dodge and Roll"],"picked":"SKIP","floor":41},{"not_picked":["Phantasmal Killer","Bouncing Flask+1","Deadly Poison+1"],"picked":"SKIP","floor":44},{"not_picked":["Leg Sweep+1","Sucker Punch"],"picked":"Blade Dance","floor":46},{"not_picked":["Dodge and Roll+1","Choke+1"],"picked":"Footwork","floor":47}],"player_experience":1066856,"relics_obtained":[{"floor":9.0,"key":"MawBank"},{"floor":28.0,"key":"Red Mask"},{"floor":30.0,"key":"Ancient Tea Set"},{"floor":38.0,"key":"Gambling Chip"},{"floor":41,"key":"Omamori"},{"floor":43,"key":"Nunchaku"},{"floor":44,"key":"Gremlin Horn"}],"event_choices":[{"damage_healed":0.0,"max_hp_gain":0.0,"max_hp_loss":0.0,"gold_gain":0.0,"event_name":"FaceTrader","player_choice":"Trade","floor":2.0,"gold_loss":0.0,"damage_taken":0.0,"relics_obtained":["FaceOfCleric"]},{"damage_healed":0.0,"max_hp_gain":0.0,"max_hp_loss":0.0,"gold_gain":0.0,"event_name":"Accursed Blacksmith","player_choice":"Forge","floor":12.0,"gold_loss":0.0,"damage_taken":0.0,"cards_upgraded":["Neutralize"]},{"damage_healed":0.0,"max_hp_gain":0.0,"max_hp_loss":0.0,"gold_gain":0.0,"event_name":"The Library","player_choice":"Read","floor":20.0,"gold_loss":0.0,"damage_taken":0.0,"cards_obtained":["Blade Dance"]},{"damage_healed":0.0,"max_hp_gain":0.0,"max_hp_loss":0.0,"gold_gain":0.0,"event_name":"Masked Bandits","player_choice":"Fought Bandits","floor":28.0,"gold_loss":0.0,"damage_taken":0.0},{"damage_healed":0.0,"max_hp_gain":0.0,"max_hp_loss":0.0,"gold_gain":0.0,"event_name":"MindBloom","player_choice":"Fight","floor":38.0,"gold_loss":0.0,"damage_taken":0.0},{"cards_removed":["Riddle With Holes"],"damage_healed":0,"gold_gain":0,"player_choice":"Upgrade and Remove","damage_taken":0,"max_hp_gain":0,"max_hp_loss":0,"event_name":"Designer","floor":48,"gold_loss":110,"cards_upgraded":["Survivor"]}],"is_beta":false,"boss_relics":[{"not_picked":["Ectoplasm","Black Star"],"picked":"SlaversCollar"},{"not_picked":["Coffee Dripper","WristBlade"],"picked":"Pandora\u0027s Box"}],"items_purged_floors":[36],"is_endless":false,"potions_floor_spawned":[1,5,13,14,16,18,28,30,31,37,41,44],"killed_by":"Time Eater","ascension_level":20}}