{"host":"5c0qgacoz40l2sko","time":1614391002,"event":{"mods":["BaseMod","Custom Start","Minty Spire (QoL Compilation)","Relic Stats"],"gold_per_floor":[131,68,80,166,128,128,128],"floor_reached":6,"language":"ENG","playtime":666,"items_purged":["Reflex+1"],"score":164,"play_id":"e638db87-737e-4079-9e17-136cce460331","local_time":"20210226205642","daily_mods":["Flight"],"is_ascension_mode":true,"campfire_choices":[],"circlet_count":0,"master_deck":["After Image+1","After Image+1","After Image+1","After Image+1","Grand Finale+1","Prepared+1","Prepared+1"],"relics":["Ring of the Snake","Anchor","Ancient Tea Set","Art of War","Bag of Preparation","Bird Faced Urn","Black Star","Bronze Scales","Busted Crown","Calipers","CaptainsWheel","Coffee Dripper","FossilizedHelix","Frozen Egg 2","Frozen Eye","Fusion Hammer","Ginger","Girya","Gremlin Horn","HornCleat","Ice Cream","Kunai","Letter Opener","Lizard Tail","Mango","MawBank","Medical Kit","Membership Card","Molten Egg 2","Omamori","Peace Pipe","Pear","Philosopher\u0027s Stone","Potion Belt","PreservedInsect","Runic Pyramid","Shovel","Shuriken","SlaversCollar","Sling","Smiling Mask","Strawberry","Sundial","Toxic Egg 2","Turnip","Vajra","Unceasing Top","Regal Pillow","Bottled Lightning"],"acts_visited":["Exordium"],"potions_floor_usage":[],"damage_taken":[{"damage":0,"enemies":"2 Louse","floor":1,"turns":2},{"damage":0,"enemies":"Lagavulin","floor":6,"turns":2}],"seed_played":"-4350846982279838877","potions_obtained":[{"floor":1,"key":"CultistPotion"}],"is_trial":true,"path_per_floor":["M","?","?","T","$","E"],"character_chosen":"THE_SILENT","items_purchased":[],"campfire_rested":0,"item_purchase_floors":[],"current_hp_per_floor":[97,97,86,86,86,94,94],"gold":128,"neow_bonus":"","is_daily":false,"chose_seed":false,"campfire_upgraded":0,"win_rate":0.0,"timestamp":1614391002,"path_taken":["M","?","?","?","$","E"],"items_purchased_type":[],"build_version":"2020-12-22","purchased_purges":1,"victory":false,"max_hp_per_floor":[97,97,97,97,97,97,97],"relic_stats":{"Regal Pillow":0,"Gremlin Horn":[0,0],"Bag of Preparation":[1],"Ginger":[2],"Smiling Mask":-12,"Lizard Tail":0,"Shovel":0,"Sundial":[8],"Kunai":[0],"Ring of the Snake":[4],"counters":[2,4],"PreservedInsect":29,"Letter Opener":[5],"MawBank":60,"Medical Kit":[0],"Peace Pipe":0,"Busted Crown":2,"Shuriken":[0],"Bird Faced Urn":[15],"Bronze Scales":[0],"Turnip":[0],"Art of War":[2],"Black Star":0,"obtain_stats":[{"Ice Cream":0,"Calipers":0,"Gremlin Horn":0,"Vajra":0,"Ginger":0,"Sling":0,"Lizard Tail":0,"HornCleat":0,"Sundial":0,"Strawberry":0,"Philosopher\u0027s Stone":0,"Fusion Hammer":0,"Kunai":0,"Toxic Egg 2":0,"Girya":0,"Pear":0,"Letter Opener":0,"SlaversCollar":0,"Shuriken":0,"Bird Faced Urn":0,"Bronze Scales":0,"Molten Egg 2":0,"Black Star":0,"Unceasing Top":0,"Regal Pillow":3,"Mango":0,"Bag of Preparation":0,"Ancient Tea Set":0,"Smiling Mask":0,"Frozen Eye":0,"Shovel":0,"Ring of the Snake":0,"Runic Pyramid":0,"Potion Belt":0,"PreservedInsect":0,"Omamori":0,"Frozen Egg 2":0,"MawBank":0,"Medical Kit":0,"Peace Pipe":0,"Anchor":0,"CaptainsWheel":0,"Busted Crown":0,"Turnip":0,"Art of War":0,"Coffee Dripper":0,"Membership Card":0,"Bottled Lightning":4,"FossilizedHelix":0},{"Ice Cream":0,"Calipers":0,"Gremlin Horn":0,"Vajra":0,"Ginger":0,"Sling":0,"Lizard Tail":0,"HornCleat":0,"Sundial":0,"Strawberry":0,"Philosopher\u0027s Stone":0,"Fusion Hammer":0,"Kunai":0,"Toxic Egg 2":0,"Girya":0,"Pear":0,"Letter Opener":0,"SlaversCollar":0,"Shuriken":0,"Bird Faced Urn":0,"Bronze Scales":0,"Molten Egg 2":0,"Black Star":0,"Unceasing Top":0,"Regal Pillow":1,"Mango":0,"Bag of Preparation":0,"Ancient Tea Set":0,"Smiling Mask":0,"Frozen Eye":0,"Shovel":0,"Ring of the Snake":0,"Runic Pyramid":0,"Potion Belt":0,"PreservedInsect":0,"Omamori":0,"Frozen Egg 2":0,"MawBank":0,"Medical Kit":0,"Peace Pipe":0,"Anchor":0,"CaptainsWheel":0,"Busted Crown":0,"Turnip":0,"Art of War":0,"Coffee Dripper":0,"Membership Card":0,"Bottled Lightning":1,"FossilizedHelix":0},{"Ice Cream":0,"Calipers":0,"Gremlin Horn":0,"Vajra":0,"Ginger":0,"Sling":0,"Lizard Tail":0,"HornCleat":0,"Sundial":0,"Strawberry":0,"Philosopher\u0027s Stone":0,"Fusion Hammer":0,"Kunai":0,"Toxic Egg 2":0,"Girya":0,"Pear":0,"Letter Opener":0,"SlaversCollar":0,"Shuriken":0,"Bird Faced Urn":0,"Bronze Scales":0,"Molten Egg 2":0,"Black Star":0,"Unceasing Top":0,"Regal Pillow":2,"Mango":0,"Bag of Preparation":0,"Ancient Tea Set":0,"Smiling Mask":0,"Frozen Eye":0,"Shovel":0,"Ring of the Snake":0,"Runic Pyramid":0,"Potion Belt":0,"PreservedInsect":0,"Omamori":0,"Frozen Egg 2":0,"MawBank":0,"Medical Kit":0,"Peace Pipe":0,"Anchor":0,"CaptainsWheel":0,"Busted Crown":0,"Turnip":0,"Art of War":0,"Coffee Dripper":0,"Membership Card":0,"Bottled Lightning":2,"FossilizedHelix":0}],"Unceasing Top":[5]},"card_choices":[{"not_picked":[],"picked":"Tactician+1","floor":1}],"player_experience":221894,"relics_obtained":[{"floor":4,"key":"Bottled Lightning"}],"event_choices":[{"cards_removed":["Tactician"],"damage_healed":0,"gold_gain":0,"player_choice":"Card Removal","damage_taken":0,"max_hp_gain":0,"max_hp_loss":0,"event_name":"The Cleric","floor":2,"gold_loss":75},{"damage_healed":0,"gold_gain":0,"player_choice":"Success","damage_taken":11,"relics_obtained":["Regal Pillow"],"max_hp_gain":0,"max_hp_loss":0,"event_name":"Scrap Ooze","floor":3,"gold_loss":0}],"is_beta":false,"boss_relics":[],"items_purged_floors":[5],"is_endless":false,"potions_floor_spawned":[1],"killed_by":"Lagavulin","ascension_level":20}}