{"host":"iodn1af76021fjto","time":1614439639,"event":{"mods":["AchievementEnabler","BaseMod","BetterRewards","Colored Map","Downfall","Hermit","Infinite Spire","Jorbs\u0027s Wanderer Trilogy","Minty Spire (QoL Compilation)","Quick Restart","StSLib","SuperFastMode","The Cursed","The Hierophant","The Jungle","The Runesmith","The Servant 0.9.4"],"gold_per_floor":[116,133,143,143,143,143,154,179,231,231,256,288,299,332,332,431,431,448,149,149,161,181,206,206,206,206],"floor_reached":25,"language":"ENG","playtime":862,"items_purged":["Strike_R"],"score":301,"play_id":"6de902a8-ef3a-467e-9ac5-f545c684e0fb","local_time":"20210227102719","is_ascension_mode":true,"campfire_choices":[{"data":"Uppercut","floor":6,"key":"SMITH"},{"data":"Evolve","floor":15,"key":"SMITH"},{"data":"Feed","floor":24,"key":"SMITH"}],"circlet_count":0,"master_deck":["Strike_R","Strike_R","Strike_R","Defend_R","Defend_R","Defend_R","Defend_R","Bash","Uppercut+1","Cleave","Armaments+1","Brutality","Power Through","Spot Weakness+1","Headbutt","Pommel Strike","Evolve+1","Feed+1","Shockwave","Dark Embrace","Warcry+1","Clothesline+1"],"relics":["Burning Blood","MealTicket","InkBottle","Pen Nib","Blood Vial","Red Skull","Toy Ornithopter","War Paint","bronze:MakeshiftBattery","Juzu Bracelet","Akabeko"],"acts_visited":["Exordium","TheCity"],"potions_floor_usage":[8,21,21,25],"damage_taken":[{"damage":3,"enemies":"Small Slimes","floor":1,"turns":4},{"damage":2,"enemies":"Cultist","floor":2,"turns":4},{"damage":9,"enemies":"infinitespire:Voidling","floor":3,"turns":4},{"damage":9,"enemies":"2 Fungi Beasts","floor":7,"turns":3},{"damage":20,"enemies":"Gremlin Nob","floor":8,"turns":4},{"damage":39,"enemies":"Lagavulin","floor":12,"turns":6},{"damage":6,"enemies":"Exordium Wildlife","floor":13,"turns":2},{"damage":16,"enemies":"Gremlin Nob","floor":14,"turns":4},{"damage":11,"enemies":"Hexaghost","floor":16,"turns":9},{"damage":28,"enemies":"Shell Parasite","floor":18,"turns":6},{"damage":7,"enemies":"3 Byrds","floor":21,"turns":3},{"damage":39,"enemies":"Shelled Parasite and Fungi","floor":22,"turns":6},{"damage":24,"enemies":"Gremlin Leader","floor":23,"turns":7},{"damage":42,"enemies":"Slavers","floor":25,"turns":4}],"seed_played":"1278370198999345539","potions_obtained":[{"floor":1,"key":"Explosive Potion"},{"floor":2,"key":"Explosive Potion"},{"floor":7,"key":"Dexterity Potion"},{"floor":13,"key":"Fire Potion"}],"is_trial":false,"path_per_floor":["M","M","M","?","$","R","M","E","T","?","T","E","M","E","R","B",null,"M","$","?","M","M","E","R","E"],"character_chosen":"IRONCLAD","items_purchased":["Dark Embrace","Juzu Bracelet"],"campfire_rested":0,"item_purchase_floors":[19,19],"current_hp_per_floor":[80,80,77,77,80,80,77,63,63,63,63,32,34,26,26,23,66,46,61,61,75,44,31,31,0,0],"gold":206,"neow_bonus":"RANDOM_COMMON_RELIC","is_daily":false,"chose_seed":false,"campfire_upgraded":3,"win_rate":0.0,"timestamp":1614439639,"path_taken":["M","M","M","?","?","R","?","E","T","?","?","E","M","E","R","BOSS","M","$","?","M","M","E","R","E"],"items_purchased_type":["Card","Relic"],"build_version":"2020-12-22","purchased_purges":1,"victory":false,"max_hp_per_floor":[80,80,80,80,80,80,80,80,80,80,80,80,80,80,80,80,80,80,80,80,83,83,86,86,86,86],"card_choices":[{"not_picked":["Clash","Metallicize"],"picked":"Uppercut","floor":1},{"not_picked":["Anger","Body Slam"],"picked":"Cleave","floor":2},{"not_picked":["Clash","Metallicize"],"picked":"Armaments","floor":3},{"not_picked":["Warcry","Clothesline"],"picked":"Power Through","floor":7},{"not_picked":["Intimidate","Reckless Charge"],"picked":"Spot Weakness","floor":8},{"not_picked":["Sever Soul","Flex"],"picked":"Headbutt","floor":12},{"not_picked":["Twin Strike","Combust"],"picked":"Pommel Strike","floor":13},{"not_picked":["infinitespire:OneForAll","Anger"],"picked":"Evolve","floor":14},{"not_picked":["Corruption","Berserk"],"picked":"Feed","floor":16},{"not_picked":["Reckless Charge","Intimidate"],"picked":"Shockwave","floor":18},{"not_picked":["True Grit","Pummel"],"picked":"Warcry+1","floor":21},{"not_picked":["Thunderclap","Shockwave","Battle Trance"],"picked":"SKIP","floor":22},{"not_picked":["Infernal Blade+1","Shockwave"],"picked":"Clothesline+1","floor":23}],"player_experience":297569,"relics_obtained":[{"floor":8,"key":"InkBottle"},{"floor":9,"key":"Pen Nib"},{"floor":10,"key":"Blood Vial"},{"floor":11,"key":"Red Skull"},{"floor":12,"key":"Toy Ornithopter"},{"floor":14,"key":"War Paint"},{"floor":23,"key":"Akabeko"}],"event_choices":[{"damage_healed":0,"gold_gain":0,"cards_transformed":["Strike_R"],"player_choice":"Transformed","damage_taken":0,"max_hp_gain":0,"max_hp_loss":0,"event_name":"Transmorgrifier","floor":4,"gold_loss":0,"cards_obtained":["Brutality"]}],"is_beta":false,"boss_relics":[{"not_picked":["infinitespire:Burning Sword","Runic Dome"],"picked":"bronze:MakeshiftBattery"}],"items_purged_floors":[19],"is_endless":false,"potions_floor_spawned":[1,2,7,13,16],"killed_by":"Slavers","ascension_level":5}}