{"host":"3wucmrsmney0jioo","time":1614432918,"event":{"mods":["100% Spire Juice","BaseMod","Library of Ruina","Minty Spire (QoL Compilation)","MostiFishMod","Prisma Mod","Reliquary","Replay The Spire","Spicy Shops","StSLib","¡¾ÒÅÎï¿¨ÅÆ¡¿REMEMod"],"gold_per_floor":[110,123,137,137,7,38,38,38,38,57,92,107,120,154,154,257,257,271,271,290,309,63,97,97,127,152,168,17,29,29,44,44,142,142,161,161,161,176,176,176,191,191,191,204,204,304,338,358,358,358],"floor_reached":51,"language":"ZHS","playtime":2407,"items_purged":[],"score":1421,"play_id":"50feacc8-c3ac-4cb3-8530-4a14dfec2c4d","local_time":"20210227213518","is_ascension_mode":true,"campfire_choices":[{"data":"CrackOfDawn","floor":7,"key":"SMITH"},{"floor":15,"key":"DIG"},{"data":"Commandeering","floor":24,"key":"SMITH"},{"data":"Eradication","floor":32,"key":"SMITH"},{"floor":40,"key":"RECALL"},{"floor":42,"key":"REST"},{"floor":49,"key":"REST"}],"circlet_count":0,"master_deck":["Dodge+1","LightDefense+1","LightAttack+1","LightAttack+1","LightAttack+1","LightDefense+1","LightDefense+1","LightDefense+1","ChargeAndCover+1","FocusedStrikes+1","CrackOfDawn+1","Eradication+1","EnergyCycle+1","FleshFillet+1","RushDown+1","Leap_lor+1","SwordOfVolition+1","Pain","BladeWhirl+1","SharpNails+1","GuidanceOfTheGears+1","BiteOff+1","Ripple+1","Commandeering+1","Guardian_lor+1","GrazeTheGrass+1","RepressedFlesh+1","Unlock1+1","FlashingStrike+1","ClassAndRespect+1","UpbeatPerformance+1","Standoff+1","MirageStorm+1","Diversion+1","Pound+1","Parry2+1","Execute_lor+1"],"relics":["PageOfLibrarian","DaveBox","REME_ComplimentaryCards","DianDianMeat","SynthV:TestCard","reliquary:RoseTintedGlasses","Frozen Egg 2","WarpedTongs","PageOfWizard","Garlic","Mango","NightmareShop","PageOfWrath","PageOfTheQueenOfHatred","PageOfTheKnightOfDespair","PageOfGreed","PageOfNihil","REME_PuzzleBoxRelic","HereWithMe","Mark of the Bloom","Darkstone Periapt","PageOfPunishingBird","Ginger"],"acts_visited":["Exordium","TheCity","TheBeyond"],"potions_floor_usage":[14,16,16,16,27,27,33,33,50,50],"damage_taken":[{"damage":0,"enemies":"2 Louse","floor":1,"turns":3},{"damage":0,"enemies":"Cultist","floor":2,"turns":3},{"damage":0,"enemies":"Small Slimes","floor":3,"turns":2},{"damage":7,"enemies":"Gremlin Nob","floor":6,"turns":3},{"damage":0,"enemies":"Blue Slaver","floor":10,"turns":1},{"damage":18,"enemies":"Lagavulin","floor":11,"turns":3},{"damage":2,"enemies":"3 Louse","floor":12,"turns":2},{"damage":0,"enemies":"Looter","floor":13,"turns":1},{"damage":7,"enemies":"Gremlin Nob","floor":14,"turns":3},{"damage":8,"enemies":"Fading Forest","floor":16,"turns":11},{"damage":2,"enemies":"Chosen","floor":18,"turns":3},{"damage":4,"enemies":"3 Byrds","floor":20,"turns":4},{"damage":3,"enemies":"Sentry and Sphere","floor":21,"turns":3},{"damage":0,"enemies":"REME_1_Revenger","floor":23,"turns":3},{"damage":21,"enemies":"Replay:Snechameleon","floor":25,"turns":3},{"damage":20,"enemies":"Slavers","floor":27,"turns":7},{"damage":7,"enemies":"Centurion and Healer","floor":29,"turns":4},{"damage":9,"enemies":"Shelled Parasite and Fungi","floor":31,"turns":3},{"damage":6,"enemies":"Pondfish","floor":33,"turns":5},{"damage":0,"enemies":"Orb Walker","floor":35,"turns":2},{"damage":0,"enemies":"3 Shapes","floor":38,"turns":2},{"damage":6,"enemies":"Transient","floor":41,"turns":5},{"damage":14,"enemies":"Writhing Mass","floor":44,"turns":2},{"damage":1,"enemies":"R_Hoarder","floor":47,"turns":3},{"damage":2,"enemies":"Jaw Worm Horde","floor":48,"turns":3},{"damage":10,"enemies":"Donu and Deca","floor":50,"turns":2}],"seed_played":"-3754160463136417999","potions_obtained":[{"floor":6,"key":"BlessingOfTheForge"},{"floor":10,"key":"Energy Potion"},{"floor":13,"key":"Venom Potion"},{"floor":14,"key":"Dexterity Potion"},{"floor":20,"key":"Venom Potion"},{"floor":25,"key":"LifebloodPotion"},{"floor":27,"key":"PowerPotion"},{"floor":29,"key":"LiquidMemories"},{"floor":33,"key":"BlessingOfTheForge"},{"floor":41,"key":"Milkshake"},{"floor":44,"key":"Flashbang"}],"is_trial":false,"path_per_floor":["M","M","M","?","$","E","R","?","T","M","E","M","M","E","R","B",null,"M","?","M","M","$","E","R","E","T","E","$","M","?","M","R","B",null,"M","?","?","M","?","R","M","R","T","M","T","?","E","M","R","B",null],"character_chosen":"Librarian","items_purchased":["reliquary:RoseTintedGlasses","Leap_lor+1","PageOfWrath","REME_PuzzleBoxRelic"],"campfire_rested":2,"item_purchase_floors":[5,5,22,28],"current_hp_per_floor":[63,66,70,52,57,56,56,63,63,71,62,70,81,86,100,110,189,201,216,233,248,248,269,269,267,267,274,274,288,288,306,306,323,374,398,398,398,398,398,398,392,392,392,378,378,378,377,375,375,365],"gold":358,"neow_bonus":"ONE_RANDOM_RARE_CARD","is_daily":false,"chose_seed":false,"campfire_upgraded":3,"win_rate":0.0,"timestamp":1614432918,"path_taken":["M","M","M","?","$","E","R","?","T","M","E","?","M","E","R","BOSS","M","?","M","M","$","E","R","E","T","E","$","M","?","M","R","BOSS","M","?","?","M","?","R","M","R","T","M","?","?","E","M","R","BOSS"],"items_purchased_type":["Relic","Card","Relic","Relic"],"build_version":"2020-12-22","purchased_purges":0,"victory":true,"max_hp_per_floor":[81,84,88,88,93,103,103,110,110,118,127,137,148,162,176,189,189,203,218,234,251,251,269,269,288,288,308,308,329,329,351,351,374,374,398,398,398,423,402,402,428,428,428,455,455,455,455,455,455,455],"card_choices":[{"not_picked":["WillOfThePrescript","Bvapour","MultiHit","Reload","TimeForALittleTest","FleshFillet","Creak","TheWillOfTheCity"],"picked":"EnergyCycle","floor":1},{"not_picked":["StructuralAnalysis","StrikeDown","Crush","Reload","Clone","EndlessBattle","Standoff","Leap_lor","WillBeTasty","PreemptiveStrike"],"picked":"FleshFillet","floor":2},{"not_picked":["ToOvercomeCrisis","GreatSerpentsImpact","Leap_lor","Faith","PreparedMind","SharpSwipe","Unlock1","Disposal","Quickness","CombatPreparation"],"picked":"RushDown","floor":3},{"not_picked":["DefenseOrder","SuppressingShot","MultiBlock","Multislash","GatherIntel","Parry2+1","BindingArms","Unlock1","Punishment","AsThePrescriptOrders"],"picked":"SwordOfVolition","floor":6},{"not_picked":["GreatSerpentsImpact","UnavoidableGaze","BlindFaith","TheWillOfTheCity","BindingArms","AutonomousRush","MirageStorm","SerpentSwordTechnique","InhaleSmoke","IllEndYou"],"picked":"BladeWhirl","floor":10},{"not_picked":["BlazingStrike","AutomatedMovement","ChiWen","TrimTheIngredients","TasteMyFlamingBat","HighKick","StrikeDown","DirtyBlow","ClassAndRespect","Thrust"],"picked":"SharpNails","floor":11},{"not_picked":["Retaliate","DimensionalRift","BizarreAttack","Faith","BlindFaith","HiddenBlade","TheArtOfRapidSteps","EnergyCycle","LoosenUp","SharpSwipe"],"picked":"GuidanceOfTheGears","floor":12},{"not_picked":["GuardingStance","LeRegole","MultiBlock","TheArtOfRapidSteps","Marionette","SetFire","FeatherShield","AsThePrescriptOrders","SerpentSwordTechnique","SnakesPrey+1"],"picked":"BiteOff","floor":13},{"not_picked":["SpearedSweep","SmokingPipe","Parry","GuidanceOfTheGears","BiAn","DevastatingThrash","FieryDragonSlash","BlindFaith","Castigation","GreatSerpentsImpact"],"picked":"Ripple","floor":14},{"not_picked":["DistortedBlade","Eradication","FormingStorm","CleanUp"],"picked":"Commandeering","floor":16},{"not_picked":["FleetFootsteps","StructuralAnalysis","EnergyCycle","EnergyShield+1","RagingStormLove","QuickSuppression","ClassAndRespect","Pound","LawAndOrder+1","IngredientHunt"],"picked":"Guardian_lor+1","floor":18},{"not_picked":["GuidanceOfTheGears","EnergyShield","TasteMyFlamingBat","SnakeSlit","ViolentFlame+1","Fence","SetFire","FocusFire","Eliminate","TendonChords"],"picked":"RepressedFlesh","floor":20},{"not_picked":["MultiBlock","Pound","SuppressingShot","ClassAndRespect","JiaoTu","HiddenBlade+1","TendonChords","LossOfSenses","Brawl+1","TheWillOfTheCity+1"],"picked":"Unlock1","floor":21},{"not_picked":["SharpSwipe","GreatSerpentsImpact","Disposal","EnergyShield+1","SomberProcuration+1","Reload","YourShield","BiAn","DarkCloud+1","AsThePrescriptOrders","FleshFillet"],"picked":"SKIP","floor":23},{"not_picked":["SharpSwipe","GreatSerpentsImpact","Disposal","EnergyShield+1","SomberProcuration+1","Reload","YourShield","BiAn","AsThePrescriptOrders","FleshFillet"],"picked":"DarkCloud+1","floor":23},{"not_picked":["TendonChords","HighSpeedStabbing","AbsorbImpact","ForTheFamily+1","Parry2+1","DimensionalRift","Rewind","Zzzzzap","YourShield","GreatSerpentsImpact+1"],"picked":"FlashingStrike+1","floor":25},{"not_picked":["EnergyShield","SharpenedBlade+1","FleetEdge+1","RhinoRam","Unlock1","Transpierce","Parry+1","HandleRequest","Eject","SuppressingShot"],"picked":"ClassAndRespect","floor":27},{"not_picked":["EnergyCycle","WildCard","Outburst","HandleRequest","Quickness","PreemptiveStrike+1","CleanUp","BlindFaith","FleetFootsteps+1","FrontalAssault+1"],"picked":"UpbeatPerformance","floor":29},{"not_picked":["Rampage_lor","BackAttack","SinglePointStab+1","StructuralAnalysis","FieryDragonSlash","Wallop_lor","PreemptiveStrike","NightInTheBackstreets","FaintMemories","WillOfThePrescript"],"picked":"Standoff","floor":31},{"not_picked":["ScratchThat","CleanUp","DaringDecision","WillProduceFineSilk"],"picked":"MirageStorm","floor":33},{"not_picked":["BizarreAttack+1","Outburst+1","UncannyStrike+1","SnakesPrey+1","QuickAttack+1","Pound","LawAndOrder","FleetFootsteps","SpearedSweep","Faith+1"],"picked":"Diversion+1","floor":35},{"not_picked":["BackAttack+1","SteelKnuckles","EnergyCycle+1","BiAn+1","MultiBlock","FrontalAssault","Parry2+1","Suppress","DarkCloud+1","FeatherShield"],"picked":"Pound+1","floor":38},{"not_picked":["ChargeUp+1","FierceOnslaught","Laceration","UnavoidableGaze+1","ShockingBlow","Track+1","YouOnlyLiveOnce","SuppressingShot","HandleRequest","TheRedNotes"],"picked":"Parry2+1","floor":41},{"not_picked":["BindingArms+1","Thrust+1","HiddenBlade","DarkCloud+1","SinglePointStab","ButterflySlash","AssaultOrder","WildCard","DefenseOrder","ClassAndRespect+1"],"picked":"Execute_lor+1","floor":44},{"not_picked":["EndlessBattle","CleanUp","DefenseOrder","DriedUp+1","EnergyCycle","Marionette","GrazeTheGrass","FleetEdge","TheWillOfTheCity","TheRedNotes","SunsetBlade+1"],"picked":"SKIP","floor":47},{"not_picked":["IngredientHunt","BlowItUp","TheArtOfRapidSteps","QuickSuppression+1","EnergyShield","TheRedNotes","Leap_lor","GoinFirst","Rewind+1","WrathOfTorment","RatsGuideToSurvival"],"picked":"SKIP","floor":48}],"player_experience":140185,"relics_obtained":[{"floor":1,"key":"SynthV:TestCard"},{"floor":6,"key":"Frozen Egg 2"},{"floor":11,"key":"PageOfWizard"},{"floor":14,"key":"Garlic"},{"floor":15,"key":"Mango"},{"floor":23,"key":"PageOfTheQueenOfHatred"},{"floor":25,"key":"PageOfTheKnightOfDespair"},{"floor":26,"key":"PageOfGreed"},{"floor":27,"key":"PageOfNihil"},{"floor":43,"key":"Darkstone Periapt"},{"floor":45,"key":"PageOfPunishingBird"},{"floor":47,"key":"Ginger"}],"event_choices":[{"damage_healed":0,"gold_gain":0,"player_choice":"Entered Light","damage_taken":18,"max_hp_gain":0,"max_hp_loss":0,"event_name":"Shining Light","floor":4,"gold_loss":0,"cards_upgraded":["LightDefense","Dodge"]},{"damage_healed":0,"gold_gain":0,"player_choice":"Rummage","damage_taken":0,"relics_obtained":["WarpedTongs"],"max_hp_gain":0,"max_hp_loss":0,"event_name":"Accursed Blacksmith","floor":8,"gold_loss":0,"cards_obtained":["Pain"]},{"damage_healed":0,"gold_gain":0,"player_choice":"Read","damage_taken":0,"max_hp_gain":0,"max_hp_loss":0,"event_name":"The Library","floor":19,"gold_loss":0,"cards_obtained":["GrazeTheGrass"]},{"damage_healed":0,"gold_gain":0,"player_choice":"Upgrade","damage_taken":0,"relics_obtained":["Mark of the Bloom"],"max_hp_gain":0,"max_hp_loss":0,"event_name":"MindBloom","floor":36,"gold_loss":0,"cards_upgraded":["LightDefense","LightAttack","LightAttack","LightAttack","LightDefense","LightDefense","ChargeAndCover","FocusedStrikes","EnergyCycle","FleshFillet","RushDown","SwordOfVolition","BladeWhirl","SharpNails","GuidanceOfTheGears","BiteOff","Ripple","GrazeTheGrass","RepressedFlesh","Unlock1","ClassAndRespect","UpbeatPerformance","Standoff","MirageStorm"]},{"cards_removed":["DarkCloud"],"damage_healed":0,"gold_gain":0,"player_choice":"Removed Power","damage_taken":0,"max_hp_gain":0,"max_hp_loss":0,"event_name":"Falling","floor":37,"gold_loss":0},{"damage_healed":0,"gold_gain":0,"player_choice":"Max HP","damage_taken":0,"max_hp_gain":0,"max_hp_loss":21,"event_name":"Winding Halls","floor":39,"gold_loss":0},{"damage_healed":0,"gold_gain":100,"player_choice":"Pray","damage_taken":0,"max_hp_gain":0,"max_hp_loss":0,"event_name":"Golden Shrine","floor":46,"gold_loss":0}],"is_beta":false,"boss_relics":[{"not_picked":["ExusiaiGun","OneHitWonderSystem"],"picked":"NightmareShop"},{"not_picked":["GuanYuAspect","REME_DuelDisc"],"picked":"HereWithMe"}],"items_purged_floors":[],"is_endless":false,"potions_floor_spawned":[2,6,10,13,14,20,25,27,29,33,41,44,47],"ascension_level":1}}