{"host":"3y9j540ftq0by6cq","time":1614414965,"event":{"mods":["BaseMod","CapriCore","Library of Ruina","Library of Ruina Extra","Minty Spire (QoL Compilation)","StSLib"],"gold_per_floor":[211,225,244,257,257,301,320,398,443,467,498,518,34,59,59,187,187,211,7,22,37,60,99,112,151,225,225,240,240,254,84,84,84,84],"floor_reached":33,"language":"ZHS","playtime":1942,"items_purged":[],"score":380,"play_id":"3bfa9f84-15ff-4a47-840e-a270f61145ef","local_time":"20210227163605","is_ascension_mode":false,"campfire_choices":[{"data":"UnforgettableMelody","floor":15,"key":"SMITH"},{"data":"ForTheFamily","floor":27,"key":"SMITH"},{"data":"InhaleSmoke","floor":29,"key":"SMITH"},{"data":"UnforgettableMelody","floor":32,"key":"SMITH"}],"circlet_count":0,"master_deck":["Dodge","LightDefense","LightAttack+1","LightAttack","LightAttack","LightDefense","LightDefense","LightDefense","ChargeAndCover","FocusedStrikes","FrontalAssault","Outburst","Outburst","GrazeTheGrass","QuickSuppression","Crush+1","UnforgettableMelody+1","Crush+1","Guardian_lor","CookingPrep","Deflect_lor","UnforgettableMelody+1","InhaleSmoke+1","TendonChords+1","ForTheFamily+1","Fence","Faith+1","FrontalAssault+1","SmokingPipe+1","HiddenBlade+1","FrontalAssault+1","DesperateStruggle+1","Brawl+1","InhaleSmoke+1","RulesOfTheBackstreets+1","Parry2+1","SpearedSweep+1"],"relics":["PageOfLibrarian","Golden Idol","Pen Nib","Potion Belt","Molten Egg 2","Lantern","Bottled Flame","SlaversCollar","PageOfTodaysShyLook","Whetstone","Frozen Egg 2"],"acts_visited":["Exordium","TheCity"],"potions_floor_usage":[25,33,33,33],"damage_taken":[{"damage":0,"enemies":"Jaw Worm","floor":1,"turns":3},{"damage":0,"enemies":"2 Louse","floor":2,"turns":3},{"damage":2,"enemies":"Small Slimes","floor":3,"turns":4},{"damage":21,"enemies":"3 Louse","floor":4,"turns":3},{"damage":6,"enemies":"3 Sentries","floor":6,"turns":6},{"damage":10,"enemies":"Large Slime","floor":7,"turns":4},{"damage":3,"enemies":"2 Fungi Beasts","floor":10,"turns":3},{"damage":0,"enemies":"Gremlin Nob","floor":11,"turns":2},{"damage":0,"enemies":"Blue Slaver","floor":12,"turns":1},{"damage":24,"enemies":"Gremlin Gang","floor":14,"turns":5},{"damage":4,"enemies":"Slime Boss","floor":16,"turns":6},{"damage":12,"enemies":"3 Byrds","floor":18,"turns":4},{"damage":12,"enemies":"Shell Parasite","floor":20,"turns":5},{"damage":0,"enemies":"Snecko","floor":21,"turns":3},{"damage":20,"enemies":"Snake Plant","floor":22,"turns":4},{"damage":9,"enemies":"Book of Stabbing","floor":23,"turns":3},{"damage":0,"enemies":"Centurion and Healer","floor":24,"turns":3},{"damage":7,"enemies":"Gremlin Leader","floor":25,"turns":4},{"damage":10,"enemies":"Cultist and Chosen","floor":28,"turns":4},{"damage":0,"enemies":"Snake Plant","floor":30,"turns":2},{"damage":29,"enemies":"RedHoodMercenary","floor":33,"turns":4}],"seed_played":"-5896631152268633994","potions_obtained":[{"floor":4,"key":"GamblersBrew"},{"floor":7,"key":"LiquidMemories"},{"floor":12,"key":"Energy Potion"},{"floor":16,"key":"SkillPotion"},{"floor":18,"key":"DistilledChaos"},{"floor":21,"key":"DuplicationPotion"},{"floor":30,"key":"Ancient Potion"}],"is_trial":false,"path_per_floor":["M","M","M","M","?","E","M","?","T","M","E","M","$","M","R","B",null,"M","$","M","M","M","E","M","E","T","R","M","R","M","$","R","B"],"character_chosen":"Librarian","items_purchased":["Lantern","Bottled Flame","CookingPrep","TendonChords+1","ForTheFamily","Fence","RulesOfTheBackstreets+1","Parry2+1","SpearedSweep+1"],"campfire_rested":0,"item_purchase_floors":[13,13,13,19,19,19,31,31,31],"current_hp_per_floor":[60,65,70,56,37,48,51,51,51,54,63,63,63,39,39,35,79,67,67,58,61,44,38,41,37,37,37,27,27,27,27,27,0,0],"gold":84,"neow_bonus":"HUNDRED_GOLD","is_daily":false,"chose_seed":false,"campfire_upgraded":4,"win_rate":0.0,"timestamp":1614414965,"path_taken":["M","M","M","M","?","E","M","?","T","M","E","M","$","M","R","BOSS","M","$","M","M","M","E","M","E","T","R","M","R","M","$","R","BOSS"],"items_purchased_type":["Relic","Relic","Card","Card","Card","Card","Card","Card","Card"],"build_version":"2020-12-22","purchased_purges":0,"victory":false,"max_hp_per_floor":[76,76,76,76,76,76,76,76,76,76,86,86,86,86,86,79,79,79,79,79,79,79,79,79,79,79,79,79,79,79,79,79,79,79],"card_choices":[{"not_picked":["BladeWhirl","WillOfThePrescript","Preparation","DistortedBlade","ClassAndRespect","UnavoidableGaze","BackAttack","OpportunitySpotted"],"picked":"FrontalAssault","floor":1},{"not_picked":["SmokingPipe","Laceration","MultiBlock","Faith","Crush","EnergyShield","Mutilate","GaleKick"],"picked":"Outburst","floor":2},{"not_picked":["BackAttack","HighKick","SunsetBlade","EnergyCycle","ICanCookAnything","Unlock1","Pound","HandleRequest"],"picked":"Outburst","floor":3},{"not_picked":["FieryWaltz","LossOfSenses","BattleCommand","YoureAHindrance","StrongStrike","AutonomousRush","DirtyBlow","FleetEdge"],"picked":"GrazeTheGrass","floor":4},{"not_picked":["BlazingStrike","PinpointShot","IdentifyWeakpoint","UnavoidableGaze","CircusKnives","BindingChains","DefenseOrder","BlindFaith"],"picked":"QuickSuppression","floor":6},{"not_picked":["MindPrepared","AsThePrescriptOrders","ClassAndRespect","BulkyImpact","WillOfThePrescript","DeepDrag","TheWillOfTheCity","SharpSwipe"],"picked":"Crush","floor":7},{"not_picked":["EndlessBattle","DefenseOrder","Unlock1","FleshFillet","Slice_lor","DirtyBlow","Preparation","GreatSerpentsImpact"],"picked":"UnforgettableMelody","floor":10},{"not_picked":["Pound+1","DefenseOrder","Wallop_lor+1","CoordinatedAssault","AlloutWar","TheWillOfTheCity","Castigation+1","Disposal+1"],"picked":"Crush+1","floor":11},{"not_picked":["LossOfSenses+1","MultiHit+1","SomberProcuration","Thirst+1","UpbeatPerformance+1","WillOfThePrescript","ButterflySlash+1","ExtractFuel"],"picked":"Guardian_lor","floor":12},{"not_picked":["Thrust+1","SweepTheBackstreets+1","SearingSword+1","ViolentFlame","Standoff+1","Leap_lor+1","KeepItFresh+1","Quickness"],"picked":"Deflect_lor","floor":14},{"not_picked":["GutHarvesting+1","SavageMode+1"],"picked":"UnforgettableMelody","floor":16},{"not_picked":["Thrust+1","MultiBlock","PreparedMind","CoordinatedAssault","Wallop_lor+1","GuardingStance+1","EnergyShield+1","SmokingPipe"],"picked":"InhaleSmoke","floor":18},{"not_picked":["FierceCharge","BulkyImpact+1","HandlingWork+1","SnakesPrey","DriedUp+1","WaitUp","ClassAndRespect+1","HiddenBlade+1"],"picked":"Faith+1","floor":20},{"not_picked":["BackstreetsDash+1","KeepItFresh+1","Unlock1+1","Gamble+1","ShockingBlow+1","SturdyDefense","Fence","MultiHit+1"],"picked":"FrontalAssault+1","floor":21},{"not_picked":["EnergyBeam+1","FlashingStrike+1","SharpSwipe+1","FeatherShield+1","SkyClearingCut+1","TheArtOfRapidSteps+1","BayonetCombat+1","Riposte+1"],"picked":"SmokingPipe+1","floor":22},{"not_picked":["PreemptiveStrike+1","HighKick+1","Parry+1","GoinFirst+1","FlamingDragonFist+1","MirageStorm+1","UndertakePrescript","Wallop_lor+1"],"picked":"HiddenBlade+1","floor":23},{"not_picked":["HighKick+1","CoordinatedAssault","HiddenBlade+1","Slice_lor+1","Reload+1","StructuralAnalysis","Commandeering","SerpentSwordTechnique"],"picked":"FrontalAssault+1","floor":24},{"not_picked":["BiteOff+1","ScatteringSlash+1","Quickness","QuickAttack+1","Reload","MultiBlock+1","RapidGashes+1","SnakesPrey"],"picked":"DesperateStruggle+1","floor":25},{"not_picked":["ClassAndRespect+1","TimeForALittleTest+1","Parry2+1","BayonetCombat+1","Multislash+1","Reload","Punishment+1","EnergyStrike+1"],"picked":"Brawl+1","floor":28},{"not_picked":["DesperateStruggle+1","ViolentFlame+1","PinpointShot+1","BizarreAttack+1","FlyingSword+1","SilentMist+1","MirageStorm+1","SinglePointStab+1"],"picked":"InhaleSmoke+1","floor":30}],"player_experience":100414,"relics_obtained":[{"floor":6,"key":"Pen Nib"},{"floor":9,"key":"Potion Belt"},{"floor":11,"key":"Molten Egg 2"},{"floor":23,"key":"PageOfTodaysShyLook"},{"floor":25,"key":"Whetstone"},{"floor":26,"key":"Frozen Egg 2"}],"event_choices":[{"damage_healed":0,"gold_gain":0,"player_choice":"Take Damage","damage_taken":19,"relics_obtained":["Golden Idol"],"max_hp_gain":0,"max_hp_loss":0,"event_name":"Golden Idol","floor":5,"gold_loss":0},{"damage_healed":0,"gold_gain":78,"player_choice":"Gained Gold","damage_taken":0,"max_hp_gain":0,"max_hp_loss":0,"event_name":"Golden Wing","floor":8,"gold_loss":0}],"is_beta":false,"boss_relics":[{"not_picked":["Velvet Choker","Fusion Hammer"],"picked":"SlaversCollar"}],"items_purged_floors":[],"is_endless":false,"potions_floor_spawned":[4,7,12,16,18,21,23,30],"killed_by":"RedHoodMercenary","ascension_level":0}}