{"host":"iodn1af76021fjto","time":1614409035,"event":{"mods":["AchievementEnabler","BaseMod","BetterRewards","Colored Map","Downfall","Hermit","Infinite Spire","Jorbs\u0027s Wanderer Trilogy","Minty Spire (QoL Compilation)","Quick Restart","StSLib","SuperFastMode","The Cursed","The Hierophant","The Jungle","The Runesmith","The Servant 0.9.4"],"gold_per_floor":[11,31,45,59,72,107,107,132,132,157,157,168,145,145,145,145,145],"floor_reached":16,"language":"ENG","playtime":682,"items_purged":[],"score":171,"play_id":"1e0a75b8-94e1-4c65-8e9f-db2acc719eef","local_time":"20210227015715","is_ascension_mode":true,"campfire_choices":[{"data":"A Thousand Cuts","floor":7,"key":"SMITH"},{"data":"Prepared","floor":11,"key":"SMITH"},{"data":"Deflect","floor":15,"key":"SMITH"}],"circlet_count":0,"master_deck":["Strike_G","Strike_G","Strike_G","Strike_G","Strike_G","Defend_G","Defend_G","Defend_G","Defend_G","Defend_G","Survivor","Neutralize","Deflect+1","Backflip","Cloak And Dagger","Accuracy","A Thousand Cuts+1","Expertise","Prepared+1","Sucker Punch"],"relics":["Ring of the Snake","Pear","Akabeko","infinitespire:Satchel","Centennial Puzzle","Toxic Egg 2"],"acts_visited":["Exordium"],"potions_floor_usage":[6,16,16],"damage_taken":[{"damage":1,"enemies":"2 Louse","floor":1,"turns":4},{"damage":1,"enemies":"Jaw Worm","floor":2,"turns":5},{"damage":2,"enemies":"Cultist","floor":3,"turns":5},{"damage":2,"enemies":"3 Louse","floor":4,"turns":3},{"damage":0,"enemies":"Looter","floor":5,"turns":4},{"damage":10,"enemies":"3 Sentries","floor":6,"turns":7},{"damage":24,"enemies":"Lagavulin","floor":8,"turns":9},{"damage":12,"enemies":"3 Sentries","floor":10,"turns":7},{"damage":6,"enemies":"Large Slime","floor":12,"turns":5},{"damage":33,"enemies":"Hexaghost","floor":16,"turns":14}],"seed_played":"8949672734843688445","potions_obtained":[{"floor":3,"key":"infinitespire:BlackPotion"},{"floor":5,"key":"FearPotion"},{"floor":8,"key":"ColorlessPotion"},{"floor":10,"key":"sneckomod:MuddlingPotion"}],"is_trial":false,"path_per_floor":["M","M","M","M","M","E","R","E","T","E","R","M","?","?","R","B"],"character_chosen":"THE_SILENT","items_purchased":[],"campfire_rested":0,"item_purchase_floors":[],"current_hp_per_floor":[83,82,80,78,78,78,78,54,54,42,42,36,36,29,29,0,0],"gold":145,"neow_bonus":"TWENTY_PERCENT_HP_BONUS","is_daily":false,"chose_seed":false,"campfire_upgraded":3,"win_rate":0.0,"timestamp":1614409035,"path_taken":["M","M","M","M","M","E","R","E","T","E","R","M","?","?","R","BOSS"],"items_purchased_type":[],"build_version":"2020-12-22","purchased_purges":0,"victory":false,"max_hp_per_floor":[84,84,84,84,84,94,94,94,94,94,94,94,94,94,94,94,94],"card_choices":[{"not_picked":["Prepared","Underhanded Strike"],"picked":"Deflect","floor":1},{"not_picked":["Dagger Spray","Expertise"],"picked":"Backflip","floor":2},{"not_picked":["Backstab","Deadly Poison"],"picked":"Cloak And Dagger","floor":3},{"not_picked":["Poisoned Stab","Outmaneuver"],"picked":"Accuracy","floor":4},{"not_picked":["Deadly Poison","Dagger Spray"],"picked":"A Thousand Cuts","floor":5},{"not_picked":["Skewer","Predator"],"picked":"Expertise","floor":6},{"not_picked":["Predator","Concentrate","Choke"],"picked":"SKIP","floor":8},{"not_picked":["Slice","Reflex"],"picked":"Prepared","floor":10},{"not_picked":["Quick Slash","Acrobatics"],"picked":"Sucker Punch","floor":12}],"player_experience":294882,"relics_obtained":[{"floor":6,"key":"Pear"},{"floor":8,"key":"Akabeko"},{"floor":9,"key":"infinitespire:Satchel"},{"floor":10,"key":"Centennial Puzzle"}],"event_choices":[{"damage_healed":0,"gold_gain":0,"player_choice":"Left Gold","damage_taken":0,"max_hp_gain":0,"max_hp_loss":0,"event_name":"World of Goop","floor":13,"gold_loss":23},{"damage_healed":0,"gold_gain":0,"player_choice":"Success","damage_taken":7,"relics_obtained":["Toxic Egg 2"],"max_hp_gain":0,"max_hp_loss":0,"event_name":"Scrap Ooze","floor":14,"gold_loss":0}],"is_beta":false,"boss_relics":[],"items_purged_floors":[],"is_endless":false,"potions_floor_spawned":[3,5,8,10,12],"killed_by":"Hexaghost","ascension_level":4}}