{"host":"ypphcgdomtfqpc2w","time":1614433902,"event":{"mods":["BaseMod","DeckTracker","MarisaÅiñ∂âJÅ@ñÇóùçπÅj","Minty Spire (QoL Compilation)","Relic Stats","StSLib"],"gold_per_floor":[109,122,35,53,53,53,87,87,112,112,143,153,181,256,256,332,332,342,352,352,369,294,294,310,345,345,345,372,384,136,154,154,154,154],"floor_reached":33,"language":"ENG","playtime":1497,"items_purged":["Strike_G"],"score":570,"play_id":"cdc4d4e1-bdad-4ae3-b5f7-d616e4caeb5e","local_time":"20210227225142","is_ascension_mode":true,"campfire_choices":[{"data":"Bouncing Flask","floor":6.0,"key":"SMITH"},{"data":"Poisoned Stab","floor":8.0,"key":"SMITH"},{"floor":15.0,"key":"REST"},{"data":"Burst","floor":23,"key":"SMITH"},{"floor":27,"key":"REST"},{"floor":32,"key":"REST"}],"circlet_count":0,"master_deck":["AscendersBane","Strike_G+1","Strike_G+1","Defend_G","Defend_G","Defend_G","Defend_G","Defend_G","Survivor","Neutralize","Backstab","Dagger Throw","Bouncing Flask+1","Poisoned Stab+1","Escape Plan","All Out Attack","Crippling Poison","Burst+1","Noxious Fumes","Burst","Acrobatics+1","PiercingWail+1","Bane","Calculated Gamble","Backflip"],"relics":["Ring of the Snake","Whetstone","Dream Catcher","Orichalcum","Bag of Preparation","Anchor","Akabeko","Runic Dome","Ancient Tea Set","HornCleat","Red Mask","Toy Ornithopter"],"acts_visited":["Exordium","TheCity"],"potions_floor_usage":[24,31,33],"damage_taken":[{"damage":3.0,"enemies":"Small Slimes","floor":1.0,"turns":7.0},{"damage":0.0,"enemies":"2 Louse","floor":2.0,"turns":2.0},{"damage":0.0,"enemies":"Cultist","floor":4.0,"turns":2.0},{"damage":3.0,"enemies":"Gremlin Nob","floor":7.0,"turns":3.0},{"damage":16.0,"enemies":"3 Sentries","floor":11.0,"turns":6.0},{"damage":0.0,"enemies":"Exordium Wildlife","floor":12.0,"turns":2.0},{"damage":7.0,"enemies":"Lagavulin","floor":13.0,"turns":4.0},{"damage":4.0,"enemies":"Hexaghost","floor":16.0,"turns":6.0},{"damage":1.0,"enemies":"2 Thieves","floor":18.0,"turns":3.0},{"damage":0,"enemies":"Spheric Guardian","floor":19,"turns":3},{"damage":8,"enemies":"Snecko","floor":21,"turns":3},{"damage":12,"enemies":"Snake Plant","floor":24,"turns":3},{"damage":24,"enemies":"Gremlin Leader","floor":25,"turns":5},{"damage":0,"enemies":"Masked Bandits","floor":28,"turns":2},{"damage":6,"enemies":"Centurion and Healer","floor":29,"turns":5},{"damage":14,"enemies":"Snecko","floor":31,"turns":4},{"damage":44,"enemies":"Collector","floor":33,"turns":5}],"seed_played":"2445755431111206291","potions_obtained":[{"floor":4.0,"key":"Weak Potion"},{"floor":7.0,"key":"GhostInAJar"},{"floor":16.0,"key":"SkillPotion"},{"floor":18.0,"key":"BlessingOfTheForge"},{"floor":28,"key":"Weak Potion"}],"is_trial":false,"path_per_floor":["M","M","$","M","?","R","E","R","T","?","E","M","E","?","R","B",null,"M","M","?","M","?","R","M","E","T","R","?","M","$","M","R","B"],"character_chosen":"THE_SILENT","items_purchased":["Bouncing Flask","Toy Ornithopter"],"campfire_rested":3,"item_purchase_floors":[3,30],"current_hp_per_floor":[56,56,56,56,38,38,35,35,35,35,19,19,12,1,20,16,54,53,53,53,45,45,45,33,9,9,28,28,22,22,13,32,0,0],"gold":154,"neow_bonus":"RANDOM_COMMON_RELIC","is_daily":false,"chose_seed":false,"campfire_upgraded":3,"win_rate":0.0,"timestamp":1614433902,"path_taken":["M","M","$","M","?","R","E","R","T","?","E","M","E","?","R","BOSS","M","M","?","?","?","R","M","E","T","R","?","M","$","M","R","BOSS"],"items_purchased_type":["Card","Relic"],"build_version":"2020-12-22","purchased_purges":1,"victory":false,"max_hp_per_floor":[66,66,66,66,66,66,66,66,66,66,66,66,66,66,66,66,66,66,66,66,66,66,66,66,66,66,66,66,66,66,66,66,66,66],"relic_stats":{"Dream Catcher":3,"counters":[17,65],"Bag of Preparation":[26],"Whetstone":["Strike_G","Strike_G"],"Orichalcum":[132],"obtain_stats":[{"Runic Dome":17,"Dream Catcher":5,"Anchor":11,"HornCleat":26,"Bag of Preparation":9,"Red Mask":28,"Whetstone":0,"Orichalcum":7,"Ancient Tea Set":25,"Akabeko":13,"Toy Ornithopter":30,"Ring of the Snake":0},{"Runic Dome":8,"Dream Catcher":3,"Anchor":5,"HornCleat":13,"Bag of Preparation":4,"Red Mask":14,"Whetstone":0,"Orichalcum":4,"Ancient Tea Set":13,"Akabeko":7,"Toy Ornithopter":15,"Ring of the Snake":0},{"Runic Dome":32,"Dream Catcher":11,"Anchor":20,"HornCleat":49,"Bag of Preparation":14,"Red Mask":51,"Whetstone":0,"Orichalcum":14,"Ancient Tea Set":49,"Akabeko":26,"Toy Ornithopter":56,"Ring of the Snake":0}],"Toy Ornithopter":10,"Ring of the Snake":[34]},"card_choices":[{"not_picked":["Underhanded Strike","Cloak And Dagger"],"picked":"Backstab","floor":1.0},{"not_picked":["Calculated Gamble","Masterful Stab"],"picked":"Dagger Throw","floor":2.0},{"not_picked":["Backflip","Sucker Punch"],"picked":"Poisoned Stab","floor":4.0},{"not_picked":["Acrobatics","Finisher"],"picked":"Escape Plan","floor":7.0},{"not_picked":["Poisoned Stab","Setup","Dodge and Roll"],"picked":"SKIP","floor":11.0},{"not_picked":["Prepared","Dash"],"picked":"Crippling Poison","floor":12.0},{"not_picked":["Heel Hook","Sucker Punch"],"picked":"Burst","floor":13.0},{"not_picked":["Dodge and Roll","Bane"],"picked":"Noxious Fumes","floor":15.0},{"not_picked":["Envenom","Night Terror"],"picked":"Burst","floor":16.0},{"not_picked":["Flechettes","Flying Knee","Eviscerate"],"picked":"SKIP","floor":18.0},{"not_picked":["Slice","Eviscerate","Heel Hook"],"picked":"SKIP","floor":19},{"not_picked":["Outmaneuver","Bouncing Flask"],"picked":"Acrobatics+1","floor":21},{"not_picked":["Dagger Throw","Acrobatics"],"picked":"PiercingWail+1","floor":24},{"not_picked":["Flying Knee","Glass Knife"],"picked":"Bane","floor":25},{"not_picked":["Backstab","Choke"],"picked":"Calculated Gamble","floor":27},{"not_picked":["Flying Knee+1","Underhanded Strike","Expertise"],"picked":"SKIP","floor":29},{"not_picked":["Flying Knee+1","Underhanded Strike","Expertise"],"picked":"SKIP","floor":29},{"not_picked":["Setup","Flying Knee"],"picked":"Backflip","floor":31}],"player_experience":3390202,"relics_obtained":[{"floor":7.0,"key":"Orichalcum"},{"floor":9.0,"key":"Bag of Preparation"},{"floor":11.0,"key":"Anchor"},{"floor":13.0,"key":"Akabeko"},{"floor":25,"key":"Ancient Tea Set"},{"floor":26,"key":"HornCleat"},{"floor":28,"key":"Red Mask"}],"event_choices":[{"damage_healed":0.0,"max_hp_gain":0.0,"max_hp_loss":0.0,"gold_gain":0.0,"event_name":"Scrap Ooze","player_choice":"Success","floor":5.0,"gold_loss":0.0,"damage_taken":18.0,"relics_obtained":["Dream Catcher"]},{"damage_healed":0.0,"max_hp_gain":0.0,"max_hp_loss":0.0,"gold_gain":0.0,"cards_transformed":["Strike_G"],"event_name":"Living Wall","player_choice":"Change","floor":10.0,"gold_loss":0.0,"damage_taken":0.0,"cards_obtained":["All Out Attack"]},{"damage_healed":0.0,"max_hp_gain":0.0,"max_hp_loss":0.0,"gold_gain":75.0,"event_name":"World of Goop","player_choice":"Gather Gold","floor":14.0,"gold_loss":0.0,"damage_taken":11.0},{"damage_healed":0,"gold_gain":0,"player_choice":"0 cards matched","damage_taken":0,"max_hp_gain":0,"max_hp_loss":0,"event_name":"Match and Keep!","floor":20,"gold_loss":0,"cards_obtained":[]},{"cards_removed":["Strike_G"],"damage_healed":0,"gold_gain":0,"player_choice":"Gave Gold","damage_taken":0,"max_hp_gain":0,"max_hp_loss":0,"event_name":"Beggar","floor":22,"gold_loss":75},{"damage_healed":0,"gold_gain":0,"player_choice":"Fought Bandits","damage_taken":0,"max_hp_gain":0,"max_hp_loss":0,"event_name":"Masked Bandits","floor":28,"gold_loss":0}],"is_beta":false,"boss_relics":[{"not_picked":["Ring of the Serpent","Velvet Choker"],"picked":"Runic Dome"}],"items_purged_floors":[30],"is_endless":false,"potions_floor_spawned":[4,7,16,18,21,28],"killed_by":"Collector","ascension_level":20}}