{"host":"0ssbae92yp6998o9","time":1614396850,"event":{"mods":["ATMod(°¢èªMod)","BaseMod","Marisa£¨ìFÓê¡¡Ä§ÀíÉ³£©","Minty Spire (QoL Compilation)","READ ME - Guardian Mod","Shop Mod","Spicy Shops","StSLib","The Marked","Waifu the Spire"],"gold_per_floor":[112,124,124,142,142,142,157,157,157,232,81,81,110,128,128,225,225,244,244,244,244],"floor_reached":20,"language":"ZHT","playtime":1540,"items_purged":["Strike_B"],"score":198,"play_id":"4d26ba8d-e1c6-43ac-a80b-c0e6980a8644","local_time":"20210227113410","is_ascension_mode":true,"campfire_choices":[{"data":"Dualcast","floor":6.0,"key":"SMITH"},{"data":"White Noise","floor":8.0,"key":"SMITH"},{"data":"Strike_B","floor":12.0,"key":"PURGE"},{"data":"Recycle","floor":15.0,"key":"SMITH"}],"circlet_count":0,"master_deck":["Strike_B","Strike_B","Defend_B","Defend_B","Defend_B","Defend_B","Zap+1","Dualcast+1","Turbo","Compile Driver","White Noise+1","Double Energy","Glacier","Recycle+1","Reboot","Ball Lightning"],"relics":["Cracked Core","NeowsBlessing","Peace Pipe","FossilizedHelix","Runic Dome"],"acts_visited":[],"potions_floor_usage":[],"damage_taken":[{"damage":0.0,"enemies":"2 Louse","floor":1.0,"turns":1.0},{"damage":0.0,"enemies":"Jaw Worm","floor":2.0,"turns":1.0},{"damage":0.0,"enemies":"Cultist","floor":4.0,"turns":1.0},{"damage":6.0,"enemies":"Looter","floor":7.0,"turns":2.0},{"damage":13.0,"enemies":"Lagavulin","floor":13.0,"turns":8.0},{"damage":0.0,"enemies":"2 Fungi Beasts","floor":14.0,"turns":4.0},{"damage":14.0,"enemies":"The Guardian","floor":16.0,"turns":13.0},{"damage":8.0,"enemies":"Spheric Guardian","floor":18.0,"turns":8.0}],"seed_played":"-7959794402203668035","potions_obtained":[{"floor":2.0,"key":"Ancient Potion"},{"floor":4.0,"key":"CultistPotion"},{"floor":14.0,"key":"SpeedPotion"}],"is_trial":false,"path_per_floor":["M","M","?","M","?","R","M","R","T","?","$","R","E","M","R","B",null,"M","$","?"],"character_chosen":"DEFECT","items_purchased":["Glacier"],"campfire_rested":0,"item_purchase_floors":[11],"current_hp_per_floor":[75,75,80,80,80,80,74,74,74,63,63,63,50,50,50,36,80,72,72,72,72],"gold":244,"neow_bonus":"THREE_ENEMY_KILL","is_daily":false,"chose_seed":false,"campfire_upgraded":3,"win_rate":0.0,"timestamp":1614396850,"path_taken":["M","M","?","M","?","R","M","R","T","?","$","R","E","M","R","BOSS","M","$","?"],"items_purchased_type":["Card"],"build_version":"2020-12-22","purchased_purges":1,"victory":false,"max_hp_per_floor":[75,75,80,80,80,80,80,80,80,80,80,80,80,80,80,80,80,80,80,80,80],"card_choices":[{"not_picked":["Rebound","Beam Cell"],"picked":"Turbo","floor":1.0},{"not_picked":["Darkness","Turbo"],"picked":"Compile Driver","floor":2.0},{"not_picked":["Cold Snap","Chaos"],"picked":"White Noise","floor":4.0},{"not_picked":["Force Field","Chaos"],"picked":"Double Energy","floor":7.0},{"not_picked":["Redo","Reprogram","Barrage"],"picked":"SKIP","floor":13.0},{"not_picked":["All For One","Sweeping Beam"],"picked":"Recycle","floor":14.0},{"not_picked":["Machine Learning","Buffer"],"picked":"Reboot","floor":16.0},{"not_picked":["Barrage","Glacier+1"],"picked":"Ball Lightning","floor":18.0}],"player_experience":242385,"relics_obtained":[{"floor":9.0,"key":"Peace Pipe"},{"floor":13.0,"key":"FossilizedHelix"}],"event_choices":[{"damage_healed":0.0,"max_hp_gain":5.0,"max_hp_loss":0.0,"gold_gain":0.0,"event_name":"Big Fish","player_choice":"Donut","floor":3.0,"gold_loss":0.0,"damage_taken":0.0},{"damage_healed":0.0,"max_hp_gain":0.0,"max_hp_loss":0.0,"gold_gain":0.0,"event_name":"Living Wall","player_choice":"Grow","floor":5.0,"gold_loss":0.0,"damage_taken":0.0,"cards_upgraded":["Zap"]},{"damage_healed":0.0,"max_hp_gain":0.0,"max_hp_loss":0.0,"gold_gain":75.0,"event_name":"World of Goop","player_choice":"Gather Gold","floor":10.0,"gold_loss":0.0,"damage_taken":11.0}],"is_beta":false,"boss_relics":[{"not_picked":["SlaversCollar","Velvet Choker"],"picked":"Runic Dome"}],"items_purged_floors":[11],"is_endless":false,"potions_floor_spawned":[2,4,14],"ascension_level":3}}