{"host":"7e6a7vfmtx61a48y","time":1614434643,"event":{"mods":["BaseMod","Better Note","BetterRewards","Block Reminder","Colored Powertips","Curses Come First","Gremlin Skip","Hubris","Minty Spire (QoL Compilation)","Quick Restart","Rare Cards Sparkle","Reliquary","StSLib","SuperFastMode"],"gold_per_floor":[119,119,138,150,150,150,166,166,191,205,205,12,12,23,23,95,95,106,118,0,0,0,32,46,46,46],"floor_reached":25,"language":"ENG","playtime":776,"items_purged":[],"score":434,"play_id":"a1057cbd-4d38-40cd-944f-9566cb4171c1","local_time":"20210227220403","is_ascension_mode":true,"campfire_choices":[{"data":"1","floor":6.0,"key":"LIFT"},{"data":"2","floor":8.0,"key":"LIFT"},{"data":"3","floor":13.0,"key":"LIFT"},{"data":"Heavy Blade","floor":15.0,"key":"SMITH"}],"circlet_count":0,"master_deck":["AscendersBane","Strike_R","Strike_R","Strike_R","Strike_R","Strike_R","Defend_R","Defend_R","Defend_R","Defend_R","Bash","Shrug It Off","Cleave","Seeing Red","Armaments+1","Heavy Blade+1","Juggernaut","Spot Weakness","Warcry"],"relics":["Burning Blood","reliquary:TridentHead","Pantograph","Girya","reliquary:Crutches","Omamori","reliquary:Knoch","hubris:Backtick","hubris:EmptyBottle","MutagenicStrength","Bronze Scales"],"acts_visited":["Exordium","TheCity"],"potions_floor_usage":[],"damage_taken":[{"damage":1.0,"enemies":"Cultist","floor":1.0,"turns":3.0},{"damage":7.0,"enemies":"Jaw Worm","floor":3.0,"turns":4.0},{"damage":0.0,"enemies":"2 Louse","floor":4.0,"turns":2.0},{"damage":8.0,"enemies":"Blue Slaver","floor":7.0,"turns":3.0},{"damage":6.0,"enemies":"Looter","floor":10.0,"turns":3.0},{"damage":9.0,"enemies":"Red Slaver","floor":14.0,"turns":3.0},{"damage":0.0,"enemies":"Slime Boss","floor":16.0,"turns":6.0},{"damage":28.0,"enemies":"Shell Parasite","floor":18.0,"turns":6.0},{"damage":9.0,"enemies":"2 Thieves","floor":19.0,"turns":3.0},{"damage":53.0,"enemies":"Book of Stabbing","floor":23.0,"turns":6.0},{"damage":6.0,"enemies":"Sentry and Sphere","floor":24.0,"turns":3.0},{"damage":13,"enemies":"Snecko","floor":25,"turns":2}],"seed_played":"-3989669147134302000","potions_obtained":[{"floor":1.0,"key":"ColorlessPotion"},{"floor":4.0,"key":"DuplicationPotion"},{"floor":16.0,"key":"Ancient Potion"},{"floor":18.0,"key":"Explosive Potion"},{"floor":24.0,"key":"Ancient Potion"}],"is_trial":false,"path_per_floor":["M","?","M","M","?","R","M","R","T","M","?","$","R","M","R","B",null,"M","M","?","?","$","E","M","M"],"character_chosen":"IRONCLAD","items_purchased":["reliquary:TridentHead","Pantograph","Shrug It Off","Heavy Blade","reliquary:Knoch"],"campfire_rested":0,"item_purchase_floors":[0,0,0,12,12],"current_hp_per_floor":[53,58,57,63,60,60,58,58,58,58,58,58,58,55,55,85,85,63,60,60,60,60,13,13,0,0],"gold":46,"neow_bonus":"","is_daily":false,"chose_seed":false,"campfire_upgraded":1,"win_rate":0.0,"timestamp":1614434643,"path_taken":["M","?","M","M","?","R","M","R","T","M","?","$","R","M","R","BOSS","M","M","?","?","?","E","?","M"],"items_purchased_type":["Relic","Relic","Card","Card","Relic"],"build_version":"2020-12-22","purchased_purges":0,"victory":false,"max_hp_per_floor":[80,85,85,85,85,85,85,85,85,85,85,85,85,85,85,85,85,85,85,85,85,85,85,85,85,85],"card_choices":[{"not_picked":["Perfected Strike","Twin Strike"],"picked":"Cleave","floor":1.0},{"not_picked":["Havoc","Body Slam","Clash"],"picked":"SKIP","floor":3.0},{"not_picked":["Perfected Strike","Headbutt"],"picked":"Seeing Red","floor":4.0},{"not_picked":["Feel No Pain","Clothesline","Sword Boomerang"],"picked":"SKIP","floor":7.0},{"not_picked":["hubris:ReadiedAction","Perfected Strike"],"picked":"Armaments","floor":10.0},{"not_picked":["Perfected Strike","Impervious","Clash"],"picked":"SKIP","floor":14.0},{"not_picked":["Exhume","Corruption"],"picked":"Juggernaut","floor":16.0},{"not_picked":["Pommel Strike","Clash"],"picked":"Spot Weakness","floor":18.0},{"not_picked":["Rupture","True Grit","Feel No Pain"],"picked":"SKIP","floor":19.0},{"not_picked":["Feel No Pain","Evolve+1"],"picked":"Warcry","floor":23.0},{"not_picked":["Reckless Charge","Spot Weakness","Wild Strike"],"picked":"SKIP","floor":24.0}],"player_experience":377860,"relics_obtained":[{"floor":9.0,"key":"Omamori"},{"floor":23.0,"key":"Bronze Scales"}],"event_choices":[{"damage_healed":0.0,"max_hp_gain":5.0,"max_hp_loss":0.0,"gold_gain":0.0,"event_name":"Big Fish","player_choice":"Donut","floor":2.0,"gold_loss":0.0,"damage_taken":0.0},{"damage_healed":0.0,"max_hp_gain":0.0,"max_hp_loss":0.0,"gold_gain":0.0,"event_name":"Scrap Ooze","player_choice":"Success","floor":5.0,"gold_loss":0.0,"damage_taken":3.0,"relics_obtained":["reliquary:Crutches"]},{"damage_healed":0.0,"max_hp_gain":0.0,"max_hp_loss":0.0,"gold_gain":0.0,"event_name":"Masked Bandits","player_choice":"Paid Fearfully","floor":20.0,"gold_loss":118.0,"damage_taken":0.0},{"damage_healed":0.0,"max_hp_gain":0.0,"max_hp_loss":0.0,"gold_gain":0.0,"event_name":"Drug Dealer","player_choice":"Inject Mutagens","floor":21.0,"gold_loss":0.0,"damage_taken":0.0,"relics_obtained":["MutagenicStrength"]}],"is_beta":false,"boss_relics":[{"not_picked":["Philosopher\u0027s Stone","Snecko Eye"],"picked":"hubris:Backtick"}],"items_purged_floors":[],"is_endless":false,"potions_floor_spawned":[1,4,14,16,18,24],"killed_by":"Snecko","ascension_level":13}}