{"host":"rw1trt79hfpl7pom","time":1614431729,"event":{"mods":["BaseMod","Bestiary","Colored Map","Jorbs\u0027s Wanderer Trilogy","Minty Spire (QoL Compilation)","Relic Stats","StSLib","SuperFastMode"],"gold_per_floor":[111,122,133,133,152,152,180,180,180,180,180,212,248,273,285,374,386,414,426,452,474,393,405,450,462,528,570,592,604,645,670,682,769,781,804,455,472,472,472,499,510,545,593,593,644,662,673,700,700,700,700,700,700,0,31,31],"floor_reached":57,"language":"ENG","playtime":3899,"items_purged":["Defend_P","ClearTheMind"],"score":3195,"play_id":"83e93141-ea98-4281-ad9a-fe7d1845d2d0","local_time":"20210227051529","is_ascension_mode":true,"campfire_choices":[{"data":"Eruption","floor":6.0,"key":"SMITH"},{"floor":8.0,"key":"REST"},{"data":"Tantrum","floor":10.0,"key":"SMITH"},{"data":"FlurryOfBlows","floor":15.0,"key":"SMITH"},{"floor":23.0,"key":"REST"},{"data":"RitualDagger","floor":25.0,"key":"SMITH"},{"data":"Adaptation","floor":29.0,"key":"SMITH"},{"data":"Strike_P","floor":32,"key":"PURGE"},{"floor":44,"key":"RECALL"},{"data":"Fasting2","floor":49,"key":"SMITH"},{"data":"Omniscience","floor":53,"key":"SMITH"}],"circlet_count":0,"master_deck":["AscendersBane","Defend_P","Defend_P","Defend_P","Eruption+1","Vigilance","Tantrum+1","EmptyFist","Consecrate","SpiritShield","FlurryOfBlows+1","Wallop","DeusExMachina","CutThroughFate+1","RitualDagger+1","EmptyMind","Adaptation+1","JustLucky","InnerPeace","Fasting2+1","Omniscience+1","Wireheading+1","CrushJoints+1","Study+1","ThirdEye+1","Wireheading","Wallop","Weave","Ragnarok","Nirvana","Protect+1","WaveOfTheHand"],"relics":["Runic Pyramid","Mummified Hand","HornCleat","Bag of Preparation","MawBank","Odd Mushroom","VioletLotus","Peace Pipe","White Beast Statue","Ancient Tea Set","Letter Opener","Juzu Bracelet","Astrolabe","OrangePellets","PreservedInsect","Blue Candle","GoldenEye","Damaru","Medical Kit","Oddly Smooth Stone","Ornamental Fan","Pen Nib"],"acts_visited":["Exordium","TheCity","TheBeyond","TheEnding"],"potions_floor_usage":[33,42,56],"damage_taken":[{"damage":3.0,"enemies":"2 Louse","floor":1.0,"turns":3.0},{"damage":0.0,"enemies":"Jaw Worm","floor":2.0,"turns":2.0},{"damage":8.0,"enemies":"Small Slimes","floor":3.0,"turns":3.0},{"damage":21.0,"enemies":"Gremlin Gang","floor":5.0,"turns":4.0},{"damage":10.0,"enemies":"3 Sentries","floor":7.0,"turns":4.0},{"damage":0.0,"enemies":"Lagavulin","floor":12.0,"turns":5.0},{"damage":0.0,"enemies":"The Mushroom Lair","floor":13.0,"turns":3.0},{"damage":0.0,"enemies":"Exordium Wildlife","floor":14.0,"turns":3.0},{"damage":5.0,"enemies":"Slime Boss","floor":16.0,"turns":6.0},{"damage":15.0,"enemies":"Chosen","floor":18.0,"turns":6.0},{"damage":0.0,"enemies":"Spheric Guardian","floor":20.0,"turns":2.0},{"damage":10.0,"enemies":"Snake Plant","floor":21.0,"turns":4.0},{"damage":0.0,"enemies":"Gremlin Leader","floor":24.0,"turns":5.0},{"damage":13.0,"enemies":"Slavers","floor":27.0,"turns":4.0},{"damage":0.0,"enemies":"Snecko","floor":28.0,"turns":4.0},{"damage":0,"enemies":"Book of Stabbing","floor":30,"turns":3},{"damage":0,"enemies":"Centurion and Healer","floor":31,"turns":2},{"damage":5,"enemies":"Champ","floor":33,"turns":6},{"damage":0,"enemies":"Orb Walker","floor":35,"turns":1},{"damage":1,"enemies":"3 Shapes","floor":37,"turns":6},{"damage":0,"enemies":"Reptomancer","floor":40,"turns":6},{"damage":13,"enemies":"Writhing Mass","floor":41,"turns":3},{"damage":6,"enemies":"Giant Head","floor":42,"turns":2},{"damage":0,"enemies":"2 Orb Walkers","floor":45,"turns":2},{"damage":14,"enemies":"3 Darklings","floor":46,"turns":3},{"damage":2,"enemies":"Sphere and 2 Shapes","floor":47,"turns":5},{"damage":0,"enemies":"Nemesis","floor":48,"turns":3},{"damage":16,"enemies":"Time Eater","floor":50,"turns":4},{"damage":0,"enemies":"Donu and Deca","floor":51,"turns":5},{"damage":0,"enemies":"Shield and Spear","floor":55,"turns":3},{"damage":77,"enemies":"The Heart","floor":56,"turns":10}],"seed_played":"8466223203039459539","potions_obtained":[{"floor":3.0,"key":"PowerPotion"},{"floor":5.0,"key":"Block Potion"},{"floor":13.0,"key":"Strength Potion"},{"floor":21.0,"key":"ColorlessPotion"},{"floor":27.0,"key":"Explosive Potion"},{"floor":28.0,"key":"StancePotion"},{"floor":31,"key":"FearPotion"},{"floor":33,"key":"StancePotion"},{"floor":40,"key":"LiquidMemories"},{"floor":42,"key":"SpeedPotion"},{"floor":48,"key":"FairyPotion"}],"is_trial":false,"path_per_floor":["M","M","M","?","M","R","E","R","T","R","?","E","?","M","R","B",null,"M","?","M","M","?","R","E","R","T","E","M","R","E","M","R","B",null,"M","$","M","?","?","E","M","E","T","R","?","M","M","E","R","B","B",null,"R","$","E","B",null],"character_chosen":"WATCHER","items_purchased":["OrangePellets","Wireheading","Wallop","Medical Kit","Oddly Smooth Stone","Ornamental Fan"],"campfire_rested":2,"item_purchase_floors":[36,36,36,54,54,54],"current_hp_per_floor":[58,58,50,55,34,34,24,45,45,45,27,27,27,27,27,22,60,45,39,39,29,29,50,50,50,50,37,37,37,37,37,37,32,63,63,63,62,62,62,62,49,43,43,43,43,29,27,27,27,11,11,58,58,58,58,21],"gold":31,"neow_bonus":"BOSS_RELIC","is_daily":false,"chose_seed":false,"campfire_upgraded":7,"win_rate":0.0,"timestamp":1614431729,"path_taken":["M","M","M","?","M","R","E","R","T","R","?","E","?","M","R","BOSS","M","?","M","M","?","R","E","R","T","E","?","R","E","M","R","BOSS","M","$","M","?","?","E","M","E","T","R","?","M","M","E","R","BOSS","BOSS","R","$","E","BOSS"],"items_purchased_type":["Relic","Card","Card","Relic","Relic","Relic"],"build_version":"2020-12-22","purchased_purges":2,"victory":true,"max_hp_per_floor":[68,68,68,73,73,73,73,73,73,73,73,73,73,73,73,73,73,73,73,73,73,73,73,73,73,73,73,73,73,73,73,73,73,73,73,73,73,73,73,73,73,73,73,73,73,73,73,73,73,73,73,73,73,73,73,73],"relic_stats":{"counters":[31,122],"Astrolabe":["Wireheading","CrushJoints","Study"],"Blue Candle":[0],"PreservedInsect":257,"Pen Nib":[2],"Bag of Preparation":[53],"Juzu Bracelet":0,"Letter Opener":[105],"MawBank":288,"GoldenEye":[57],"Medical Kit":[0],"Peace Pipe":1,"OrangePellets":[18],"Mummified Hand":[84],"Ornamental Fan":[20],"VioletLotus":[30],"obtain_stats":[{"Astrolabe":34,"Blue Candle":42,"Damaru":48,"Oddly Smooth Stone":54,"PreservedInsect":40,"Pen Nib":55,"Bag of Preparation":11,"Juzu Bracelet":30,"Letter Opener":27,"Odd Mushroom":13,"MawBank":12,"Ancient Tea Set":26,"GoldenEye":45,"Medical Kit":54,"White Beast Statue":24,"Peace Pipe":22,"OrangePellets":36,"HornCleat":9,"Mummified Hand":7,"Ornamental Fan":54,"VioletLotus":17,"PureWater":0,"Runic Pyramid":0},{"Astrolabe":18,"Blue Candle":23,"Damaru":27,"Oddly Smooth Stone":29,"PreservedInsect":21,"Pen Nib":30,"Bag of Preparation":5,"Juzu Bracelet":16,"Letter Opener":14,"Odd Mushroom":7,"MawBank":6,"Ancient Tea Set":13,"GoldenEye":24,"Medical Kit":29,"White Beast Statue":13,"Peace Pipe":12,"OrangePellets":19,"HornCleat":5,"Mummified Hand":5,"Ornamental Fan":29,"VioletLotus":9,"PureWater":0,"Runic Pyramid":0},{"Astrolabe":69,"Blue Candle":87,"Damaru":100,"Oddly Smooth Stone":109,"PreservedInsect":82,"Pen Nib":112,"Bag of Preparation":16,"Juzu Bracelet":61,"Letter Opener":54,"Odd Mushroom":24,"MawBank":21,"Ancient Tea Set":50,"GoldenEye":89,"Medical Kit":109,"White Beast Statue":50,"Peace Pipe":45,"OrangePellets":70,"HornCleat":16,"Mummified Hand":16,"Ornamental Fan":109,"VioletLotus":33,"PureWater":0,"Runic Pyramid":0}]},"card_choices":[{"not_picked":["SashWhip","Weave"],"picked":"Tantrum","floor":1.0},{"not_picked":["Consecrate","Indignation"],"picked":"EmptyFist","floor":2.0},{"not_picked":["CrushJoints","SashWhip"],"picked":"ClearTheMind","floor":3.0},{"not_picked":["ClearTheMind","Perseverance"],"picked":"Consecrate","floor":5.0},{"not_picked":["ThirdEye","Evaluate"],"picked":"SpiritShield","floor":7.0},{"not_picked":["Consecrate","Establishment","ReachHeaven"],"picked":"SKIP","floor":12.0},{"not_picked":["FollowUp","CrushJoints"],"picked":"FlurryOfBlows","floor":13.0},{"not_picked":["PathToVictory","FlurryOfBlows"],"picked":"Wallop","floor":14.0},{"not_picked":["Scrawl","Brilliance"],"picked":"DeusExMachina","floor":16.0},{"not_picked":["ThirdEye","Consecrate"],"picked":"CutThroughFate+1","floor":18.0},{"not_picked":["Indignation+1","FollowUp"],"picked":"EmptyMind","floor":20.0},{"not_picked":["Vengeance","Evaluate"],"picked":"Adaptation","floor":21.0},{"not_picked":["BattleHymn+1","Worship"],"picked":"JustLucky","floor":24.0},{"not_picked":["Crescendo","SandsOfTime"],"picked":"InnerPeace","floor":27.0},{"not_picked":["SignatureMove+1","Blasphemy"],"picked":"FlurryOfBlows","floor":28.0},{"not_picked":["PathToVictory","Worship","Devotion"],"picked":"SKIP","floor":30},{"not_picked":["PathToVictory","Prostrate"],"picked":"Fasting2","floor":31},{"not_picked":["Scrawl","Alpha"],"picked":"Omniscience","floor":33},{"not_picked":["ClearTheMind","EmptyMind+1"],"picked":"ThirdEye+1","floor":35},{"not_picked":["FlyingSleeves","BowlingBash","FollowUp+1"],"picked":"SKIP","floor":37},{"not_picked":["Consecrate","CutThroughFate+1"],"picked":"Weave","floor":40},{"not_picked":["EmptyMind","CrushJoints","JustLucky"],"picked":"SKIP","floor":41},{"not_picked":["Consecrate","SignatureMove"],"picked":"Ragnarok","floor":42},{"not_picked":["FlyingSleeves","ClearTheMind"],"picked":"Nirvana","floor":45},{"not_picked":["Study","Crescendo"],"picked":"Protect+1","floor":46},{"not_picked":["FollowUp+1","Consecrate","ForeignInfluence"],"picked":"SKIP","floor":47},{"not_picked":["Prostrate","BattleHymn+1","Wireheading"],"picked":"SKIP","floor":48},{"not_picked":["PathToVictory","Nirvana"],"picked":"WaveOfTheHand","floor":55}],"player_experience":2941819,"relics_obtained":[{"floor":7.0,"key":"Mummified Hand"},{"floor":9.0,"key":"HornCleat"},{"floor":12.0,"key":"MawBank"},{"floor":13.0,"key":"Odd Mushroom"},{"floor":24.0,"key":"White Beast Statue"},{"floor":26.0,"key":"Ancient Tea Set"},{"floor":27.0,"key":"Letter Opener"},{"floor":30,"key":"Juzu Bracelet"},{"floor":40,"key":"PreservedInsect"},{"floor":42,"key":"Blue Candle"},{"floor":45,"key":"GoldenEye"},{"floor":48,"key":"Damaru"},{"floor":55,"key":"Pen Nib"}],"event_choices":[{"damage_healed":0.0,"max_hp_gain":5.0,"max_hp_loss":0.0,"gold_gain":0.0,"event_name":"Big Fish","player_choice":"Donut","floor":4.0,"gold_loss":0.0,"damage_taken":0.0},{"damage_healed":0.0,"max_hp_gain":0.0,"max_hp_loss":0.0,"gold_gain":0.0,"event_name":"Scrap Ooze","player_choice":"Success","floor":11.0,"gold_loss":0.0,"damage_taken":18.0,"relics_obtained":["Bag of Preparation"]},{"damage_healed":0.0,"max_hp_gain":0.0,"max_hp_loss":0.0,"gold_gain":0.0,"event_name":"Mushrooms","player_choice":"Fought Mushrooms","floor":13.0,"gold_loss":0.0,"damage_taken":0.0},{"damage_healed":0.0,"max_hp_gain":0.0,"max_hp_loss":0.0,"gold_gain":0.0,"event_name":"Nest","player_choice":"Joined the Cult","floor":19.0,"gold_loss":0.0,"damage_taken":6.0,"cards_obtained":["RitualDagger"]},{"damage_healed":0.0,"max_hp_gain":0.0,"max_hp_loss":0.0,"gold_gain":0.0,"event_name":"WeMeetAgain","player_choice":"Paid Gold","floor":22.0,"gold_loss":93.0,"damage_taken":0.0,"relics_obtained":["Peace Pipe"]},{"cards_removed":["FlurryOfBlows"],"damage_healed":0,"gold_gain":0,"player_choice":"Removed Attack","damage_taken":0,"max_hp_gain":0,"max_hp_loss":0,"event_name":"Falling","floor":38,"gold_loss":0},{"damage_healed":0,"gold_gain":0,"player_choice":"Ignored","damage_taken":0,"max_hp_gain":0,"max_hp_loss":0,"event_name":"Tomb of Lord Red Mask","floor":39,"gold_loss":0},{"damage_healed":0,"gold_gain":0,"player_choice":"Fight","damage_taken":0,"max_hp_gain":0,"max_hp_loss":0,"event_name":"Mysterious Sphere","floor":45,"gold_loss":0}],"is_beta":false,"boss_relics":[{"not_picked":["Sozu","Philosopher\u0027s Stone"],"picked":"VioletLotus"},{"not_picked":["Busted Crown","Empty Cage"],"picked":"Astrolabe"}],"items_purged_floors":[36,54],"is_endless":false,"potions_floor_spawned":[3,5,13,14,21,24,27,28,30,31,33,35,37,40,41,42,45,46,47,48,55],"ascension_level":20}}