{"host":"cfv8orgc8997ql4r","time":1614452289,"event":{"mods":["AchievementEnabler","BaseMod","DeckTracker","Keyboard Shortcuts","Minty Spire (QoL Compilation)"],"gold_per_floor":[115,115,115,115,45,45,72,72,146,164,175,175,190,201,201,298,298,315,315,315],"floor_reached":19,"language":"KOR","playtime":379,"items_purged":[],"score":234,"play_id":"6ba95fcc-e317-4b1d-a6c1-f9bb5063ca22","local_time":"20210228035809","is_ascension_mode":true,"campfire_choices":[{"data":"Blade Dance","floor":6,"key":"SMITH"},{"data":"Accuracy","floor":8,"key":"SMITH"},{"data":"Escape Plan","floor":12,"key":"SMITH"},{"floor":15,"key":"REST"}],"circlet_count":0,"master_deck":["Strike_G+1","Strike_G+1","Strike_G","Strike_G+1","Defend_G","Defend_G","Defend_G","Defend_G","Defend_G","Survivor","Neutralize","Endless Agony+1","Blade Dance+1","Accuracy+1","Deadly Poison","Escape Plan+1","Acrobatics","Deadly Poison","Well Laid Plans","Storm of Steel"],"relics":["Ring of the Snake","Whetstone","Eternal Feather","Busted Crown"],"acts_visited":["Exordium","TheCity"],"potions_floor_usage":[16],"damage_taken":[{"damage":1,"enemies":"Jaw Worm","floor":1,"turns":3},{"damage":29,"enemies":"3 Sentries","floor":7,"turns":10},{"damage":0,"enemies":"2 Louse","floor":10,"turns":1},{"damage":0,"enemies":"Cultist","floor":11,"turns":2},{"damage":9,"enemies":"Blue Slaver","floor":13,"turns":3},{"damage":5,"enemies":"Red Slaver","floor":14,"turns":3},{"damage":2,"enemies":"Slime Boss","floor":16,"turns":6},{"damage":2,"enemies":"Chosen","floor":18,"turns":3},{"damage":0,"enemies":"2 Thieves","floor":19,"turns":1}],"seed_played":"-1258632058883933601","potions_obtained":[{"floor":1,"key":"Strength Potion"},{"floor":10,"key":"Poison Potion"},{"floor":11,"key":"Ancient Potion"},{"floor":16,"key":"EntropicBrew"},{"floor":18,"key":"Regen Potion"}],"is_trial":false,"path_per_floor":["M","$","?","?","$","R","E","R","T","M","M","R","M","M","R","B",null,"M","M"],"character_chosen":"THE_SILENT","items_purchased":["Accuracy"],"campfire_rested":1,"item_purchase_floors":[5],"current_hp_per_floor":[62,62,67,52,52,52,23,23,23,23,23,32,23,18,49,47,68,66,66,66],"gold":315,"neow_bonus":"TRANSFORM_CARD","is_daily":false,"chose_seed":true,"campfire_upgraded":3,"win_rate":0.0,"timestamp":1614452289,"path_taken":["M","$","?","?","?","R","E","R","T","M","M","R","M","M","R","BOSS","M","M"],"items_purchased_type":["Card"],"build_version":"2020-12-22","purchased_purges":0,"victory":false,"max_hp_per_floor":[70,70,75,75,75,75,75,75,75,75,75,75,75,75,75,75,75,75,75,75],"card_choices":[{"not_picked":["Deadly Poison","Infinite Blades"],"picked":"Blade Dance","floor":1},{"not_picked":["Outmaneuver","Wraith Form v2"],"picked":"Deadly Poison","floor":7},{"not_picked":["Sucker Punch","Terror"],"picked":"Escape Plan","floor":10},{"not_picked":["Reflex","Escape Plan"],"picked":"Acrobatics","floor":11},{"not_picked":["Tactician","Dodge and Roll"],"picked":"Deadly Poison","floor":13},{"not_picked":["Calculated Gamble","Footwork"],"picked":"Well Laid Plans","floor":14},{"not_picked":["Venomology","Glass Knife"],"picked":"Storm of Steel","floor":16},{"not_picked":["Quick Slash"],"picked":"SKIP","floor":18}],"player_experience":222065,"relics_obtained":[{"floor":7,"key":"Whetstone"},{"floor":9,"key":"Eternal Feather"}],"event_choices":[{"damage_healed":0,"gold_gain":0,"player_choice":"Donut","damage_taken":0,"max_hp_gain":5,"max_hp_loss":0,"event_name":"Big Fish","floor":3,"gold_loss":0},{"damage_healed":0,"gold_gain":0,"player_choice":"Entered Light","damage_taken":15,"max_hp_gain":0,"max_hp_loss":0,"event_name":"Shining Light","floor":4,"gold_loss":0,"cards_upgraded":["Strike_G","Endless Agony"]}],"is_beta":false,"boss_relics":[{"not_picked":["Snecko Eye","Runic Pyramid"],"picked":"Busted Crown"}],"items_purged_floors":[],"is_endless":false,"potions_floor_spawned":[1,10,11,16,18],"killed_by":"2 Thieves","ascension_level":8}}