{"host":"e5vsl4ezcfxwu44d","time":1614395658,"event":{"mods":["BaseMod","Colored Powertips","Downfall","Highlight Path","Minty Spire (QoL Compilation)","StSLib","Unceasing Turn Reminder"],"gold_per_floor":[99,115,175,175,85,112,159,159,159,159],"floor_reached":8,"language":"ENG","playtime":983,"items_purged":["Injury"],"score":52,"play_id":"b991fa95-0c1a-4846-a08e-4a77ba012a1e","local_time":"20210226201418","is_ascension_mode":false,"campfire_choices":[{"floor":1,"key":"RECALL"}],"circlet_count":0,"master_deck":["champ:Strike","champ:Strike","champ:Defend","champ:Defend","champ:Defend","champ:Execute","champ:Taunt","Injury","champ:Lariat","champ:ArenaPreparation","champ:FancyFootwork","champ:DefensiveStyle","champ:ArenaPreparation","champ:SwordSigil","champ:Improvising"],"relics":["champ:ChampionCrown","Calipers","Bottled Lightning","Dream Catcher"],"acts_visited":["Exordium"],"potions_floor_usage":[8,8],"damage_taken":[{"damage":13,"enemies":"2 Louse","floor":2,"turns":3},{"damage":73,"enemies":"3 Sentries","floor":3,"turns":12},{"damage":43,"enemies":"downfall:FleeingMerchant","floor":5,"turns":4},{"damage":34,"enemies":"Gremlin Nob","floor":6,"turns":4},{"damage":32,"enemies":"Lagavulin","floor":8,"turns":4}],"seed_played":"4953246616294897424","potions_obtained":[{"floor":3,"key":"hexamod:SoulburnPotion"},{"floor":6,"key":"SteroidPotion"}],"is_trial":false,"path_per_floor":["R","M","?","?","$","E","T","E"],"character_chosen":"THE_CHAMP","items_purchased":[],"campfire_rested":0,"item_purchase_floors":[],"current_hp_per_floor":[90,87,44,44,44,30,30,0,0,0],"gold":159,"neow_bonus":"ONE_RARE_RELIC","is_daily":false,"chose_seed":false,"campfire_upgraded":0,"win_rate":0.0,"timestamp":1614395658,"path_taken":["R","M","?","?","$","E","T","E"],"items_purchased_type":[],"build_version":"2020-12-22","purchased_purges":1,"victory":false,"max_hp_per_floor":[90,90,90,90,90,90,90,90,90,90],"card_choices":[{"not_picked":["champ:BerserkersShout","champ:PreemptiveStrike"],"picked":"champ:Lariat","floor":2},{"not_picked":["champ:Shatter","champ:FanOfKnives"],"picked":"champ:ArenaPreparation","floor":3},{"not_picked":["champ:AdrenalArmor","champ:PreciseThrust"],"picked":"champ:SwordSigil","floor":5},{"not_picked":["champ:PreciseThrust","champ:TornadoPunch"],"picked":"champ:Improvising","floor":6}],"player_experience":262930,"relics_obtained":[{"floor":3,"key":"Bottled Lightning"},{"floor":6,"key":"Dream Catcher"}],"event_choices":[],"is_beta":false,"boss_relics":[],"items_purged_floors":[5],"is_endless":false,"potions_floor_spawned":[3,6],"killed_by":"Lagavulin","ascension_level":0}}