{"host":"0kk91h4bq4kgfj0u","time":1614442309,"event":{"mods":["BaseMod","Bestiary","Block Reminder","Colored Map","Colored Powertips","Curses Come First","Highlight Path","Minty Spire (QoL Compilation)","Relic Stats","StSLib"],"gold_per_floor":[111,111,137,151,0,0,41,65,116,159,174,139,108,122,122,122,122],"floor_reached":16,"language":"ENG","playtime":461,"items_purged":[],"score":160,"play_id":"e726e0d9-8675-43fd-af22-f6a3eb8ea2ba","local_time":"20210227111149","is_ascension_mode":true,"campfire_choices":[{"floor":6,"key":"RECALL"},{"floor":15,"key":"REST"}],"circlet_count":0,"master_deck":["Strike_R","Strike_R","Strike_R","Strike_R","Strike_R","Defend_R","Defend_R","Defend_R","Defend_R","Bash","Cleave","Injury","Battle Trance","Metallicize","Heavy Blade","Cleave+1","Pommel Strike+1","Searing Blow+1"],"relics":["Burning Blood","MealTicket","Golden Idol","Akabeko","Ancient Tea Set","Omamori","PreservedInsect","Molten Egg 2"],"acts_visited":["Exordium"],"potions_floor_usage":[7,16,16,16,16,16],"damage_taken":[{"damage":6,"enemies":"Jaw Worm","floor":1,"turns":4},{"damage":1,"enemies":"Cultist","floor":4,"turns":3},{"damage":48,"enemies":"Lagavulin","floor":7,"turns":8},{"damage":0,"enemies":"2 Louse","floor":8,"turns":1},{"damage":23,"enemies":"3 Sentries","floor":10,"turns":7},{"damage":15,"enemies":"Large Slime","floor":11,"turns":5},{"damage":0,"enemies":"2 Fungi Beasts","floor":14,"turns":2},{"damage":71,"enemies":"Hexaghost","floor":16,"turns":12}],"seed_played":"6792760356537627550","potions_obtained":[{"floor":4,"key":"SteroidPotion"},{"floor":8,"key":"EntropicBrew"},{"floor":10,"key":"Block Potion"}],"is_trial":false,"path_per_floor":["M","?","T","M","$","R","E","M","T","E","M","?","?","M","R","B"],"character_chosen":"IRONCLAD","items_purchased":["Ancient Tea Set"],"campfire_rested":1,"item_purchase_floors":[5],"current_hp_per_floor":[72,72,72,77,80,80,38,44,44,27,18,38,38,44,68,0,0],"gold":122,"neow_bonus":"RANDOM_COMMON_RELIC","is_daily":false,"chose_seed":false,"campfire_upgraded":0,"win_rate":0.0,"timestamp":1614442309,"path_taken":["M","?","?","M","$","R","E","?","T","E","M","?","?","M","R","BOSS"],"items_purchased_type":["Relic"],"build_version":"2020-12-22","purchased_purges":0,"victory":false,"max_hp_per_floor":[80,80,80,80,80,80,80,80,80,80,80,80,80,80,80,80,80],"relic_stats":{"counters":[8,42],"Golden Idol":31,"MealTicket":3,"PreservedInsect":31,"obtain_stats":[{"Golden Idol":2,"MealTicket":0,"Molten Egg 2":10,"PreservedInsect":9,"Omamori":7,"Ancient Tea Set":5,"Burning Blood":0,"Akabeko":3},{"Golden Idol":1,"MealTicket":0,"Molten Egg 2":5,"PreservedInsect":4,"Omamori":3,"Ancient Tea Set":2,"Burning Blood":0,"Akabeko":1},{"Golden Idol":4,"MealTicket":0,"Molten Egg 2":23,"PreservedInsect":16,"Omamori":15,"Ancient Tea Set":7,"Burning Blood":0,"Akabeko":4}],"Burning Blood":42},"card_choices":[{"not_picked":["Infernal Blade","Battle Trance"],"picked":"Cleave","floor":1},{"not_picked":["Body Slam","True Grit"],"picked":"Battle Trance","floor":4},{"not_picked":["Double Tap","Clash"],"picked":"Metallicize","floor":7},{"not_picked":["Clothesline","Shockwave"],"picked":"Heavy Blade","floor":8},{"not_picked":["Perfected Strike+1","Pummel+1"],"picked":"Cleave+1","floor":10},{"not_picked":["Whirlwind+1","Twin Strike+1"],"picked":"Pommel Strike+1","floor":11},{"not_picked":["Flame Barrier","Reckless Charge+1"],"picked":"Searing Blow+1","floor":14}],"player_experience":935405,"relics_obtained":[{"floor":3,"key":"Akabeko"},{"floor":7,"key":"Omamori"},{"floor":9,"key":"PreservedInsect"},{"floor":10,"key":"Molten Egg 2"}],"event_choices":[{"damage_healed":0,"gold_gain":0,"player_choice":"Take Wound","damage_taken":0,"relics_obtained":["Golden Idol"],"max_hp_gain":0,"max_hp_loss":0,"event_name":"Golden Idol","floor":2,"gold_loss":0,"cards_obtained":["Injury"]},{"damage_healed":20,"gold_gain":0,"player_choice":"Healed","damage_taken":0,"max_hp_gain":0,"max_hp_loss":0,"event_name":"The Cleric","floor":12,"gold_loss":35},{"damage_healed":0,"gold_gain":0,"player_choice":"Left Gold","damage_taken":0,"max_hp_gain":0,"max_hp_loss":0,"event_name":"World of Goop","floor":13,"gold_loss":31}],"is_beta":false,"boss_relics":[],"items_purged_floors":[],"is_endless":false,"potions_floor_spawned":[4,8,10],"killed_by":"Hexaghost","ascension_level":9}}