{"host":"9ab6zvx33qoi7ia9","time":1614432636,"event":{"mods":["Act Like it!","Ascension Unlocker","BaseMod","Downfall","Gensokyo","Marked Mod","Minty Spire (QoL Compilation)","Pale of the Ancients","Permanent Neow","Quick Restart","StSLib","The Jungle"],"gold_per_floor":[119,119,119,133,133,133,163,163,163,181,181,69,69,83,83,83,83],"floor_reached":16,"language":"ZHS","playtime":607,"items_purged":["Strike_P"],"score":123,"play_id":"519a7143-5193-4921-9503-78b7550a0b1a","local_time":"20210227213036","is_ascension_mode":false,"campfire_choices":[{"data":"Eruption","floor":6,"key":"SMITH"},{"floor":8,"key":"REST"},{"data":"Vigilance","floor":11,"key":"SMITH"},{"floor":15,"key":"REST"}],"circlet_count":0,"master_deck":["Strike_P","Strike_P","Defend_P","Defend_P","Defend_P","Defend_P","Eruption+1","Vigilance+1","MarkedMod:NorthStar","MarkedMod:GracefulMovements"],"relics":["PureWater","Pear","Lizard Tail"],"acts_visited":["Gensokyo:Gensokyo"],"potions_floor_usage":[1],"damage_taken":[{"damage":0,"enemies":"Gensokyo:3_Fairies","floor":1,"turns":4},{"damage":3,"enemies":"Gensokyo:Gryphon","floor":4,"turns":5},{"damage":40,"enemies":"Gensokyo:Aya","floor":7,"turns":9},{"damage":3,"enemies":"Gensokyo:2_Kodama","floor":10,"turns":3},{"damage":21,"enemies":"Gensokyo:Gryphon_and_Rabbit","floor":14,"turns":6},{"damage":0,"enemies":"Gensokyo:Kokoro","floor":16,"turns":1}],"seed_played":"5275545950671143284","potions_obtained":[{"floor":1,"key":"Fruit Juice"},{"floor":14,"key":"Block Potion"}],"is_trial":false,"path_per_floor":["M","?","?","M","?","R","E","R","T","M","R","$","$","M","R","B"],"character_chosen":"WATCHER","items_purchased":["MarkedMod:GracefulMovements"],"campfire_rested":2,"item_purchase_floors":[12],"current_hp_per_floor":[77,72,55,52,52,52,12,38,38,35,35,35,35,14,40,40,40],"gold":83,"neow_bonus":"THREE_RARE_CARDS","is_daily":false,"chose_seed":false,"campfire_upgraded":2,"win_rate":0.0,"timestamp":1614432636,"path_taken":["M","?","?","M","?","R","E","R","T","M","R","?","$","M","R","BOSS"],"items_purchased_type":["Card"],"build_version":"2020-12-22","purchased_purges":1,"victory":false,"max_hp_per_floor":[77,87,87,87,87,87,87,87,87,87,87,87,87,87,87,87,87],"card_choices":[{"not_picked":["Establishment","Ragnarok"],"picked":"MarkedMod:NorthStar","floor":0},{"not_picked":["Protect","Adaptation","WaveOfTheHand"],"picked":"SKIP","floor":1},{"not_picked":["InnerPeace","FlurryOfBlows","BowlingBash"],"picked":"SKIP","floor":4},{"not_picked":["Indignation","WreathOfFlame","Blasphemy"],"picked":"SKIP","floor":7},{"not_picked":["Swivel","CarveReality","FlurryOfBlows"],"picked":"SKIP","floor":10},{"not_picked":["Evaluate","Collect","Crescendo"],"picked":"SKIP","floor":14}],"player_experience":279948,"relics_obtained":[{"floor":7,"key":"Lizard Tail"}],"event_choices":[],"is_beta":false,"boss_relics":[],"items_purged_floors":[12],"is_endless":false,"potions_floor_spawned":[1,14],"killed_by":"Gensokyo:Kokoro","ascension_level":0}}