{"host":"2l3i55whvwk76mom","time":1614394256,"event":{"mods":["BaseMod","Googly Eyes","Hubris","Minty Spire (QoL Compilation)","Replay The Spire","StSLib"],"gold_per_floor":[111,126,126,145,145,145,173,185,185,195,195,210,235,248,248,352,352,367,155,155,167,167,167,197,214,214,228,248,276,292,308,308,308,308],"floor_reached":33,"language":"ENG","playtime":1412,"items_purged":["Strike_R"],"score":455,"play_id":"f717e221-5920-4302-acd0-86a8d0d534d6","local_time":"20210226185056","is_ascension_mode":true,"campfire_choices":[{"data":"Whirlwind","floor":6.0,"key":"SMITH"},{"data":"Spot Weakness","floor":11.0,"key":"SMITH"},{"data":"Inflame","floor":15.0,"key":"SMITH"},{"data":"Demon Form","floor":23,"key":"SMITH"},{"data":"Heavy Blade","floor":32,"key":"SMITH"}],"circlet_count":0,"master_deck":["AscendersBane","Strike_R","Strike_R","Strike_R","Defend_R","Defend_R","Defend_R","Defend_R","Bash+1","Whirlwind+1","Thunderclap","Power Through","Spot Weakness+1","Ghostly Armor","Heavy Blade+1","Sword Boomerang","Pummel","Impervious","Inflame+1","Fiend Fire","Shrug It Off+1","Demon Form+1","Reaper","Burning Pact","Feed","Uppercut","True Grit+1","Exhume","True Grit"],"relics":["Burning Blood","hubris:Towel","MealTicket","Ornamental Fan","Strawberry","Snecko Heart","Orrery","HornCleat","Gremlin Food"],"acts_visited":["Exordium","TheCity"],"potions_floor_usage":[27,29,33,33],"damage_taken":[{"damage":0.0,"enemies":"2 Louse","floor":1.0,"turns":2.0},{"damage":6.0,"enemies":"Cultist","floor":2.0,"turns":3.0},{"damage":6.0,"enemies":"Jaw Worm","floor":4.0,"turns":4.0},{"damage":20.0,"enemies":"3 Sentries","floor":7.0,"turns":5.0},{"damage":10.0,"enemies":"3 Louse","floor":8.0,"turns":3.0},{"damage":0.0,"enemies":"Lots of Slimes","floor":10.0,"turns":1.0},{"damage":1.0,"enemies":"Looter","floor":12.0,"turns":3.0},{"damage":18.0,"enemies":"Gremlin Nob","floor":13.0,"turns":4.0},{"damage":0.0,"enemies":"Exordium Wildlife","floor":14.0,"turns":2.0},{"damage":46.0,"enemies":"Slime Boss","floor":16.0,"turns":8.0},{"damage":0.0,"enemies":"Chosen","floor":18.0,"turns":5.0},{"damage":8.0,"enemies":"3 Byrds","floor":21.0,"turns":3.0},{"damage":28,"enemies":"Slavers","floor":24,"turns":8},{"damage":1,"enemies":"Shelled Parasite and Fungi","floor":25,"turns":4},{"damage":0,"enemies":"Centurion and Healer","floor":27,"turns":4},{"damage":0,"enemies":"3 Cultists","floor":28,"turns":3},{"damage":36,"enemies":"Gremlin Leader","floor":29,"turns":7},{"damage":0,"enemies":"Snake Plant","floor":30,"turns":3},{"damage":17,"enemies":"Snecko","floor":31,"turns":6},{"damage":95,"enemies":"Automaton","floor":33,"turns":10}],"seed_played":"7238244557931814653","potions_obtained":[{"floor":1.0,"key":"SpeedPotion"},{"floor":2.0,"key":"Toxic Potion"},{"floor":4.0,"key":"Strength Potion"},{"floor":7.0,"key":"Weak Potion"},{"floor":16.0,"key":"ColorlessPotion"},{"floor":24,"key":"Fire Potion"},{"floor":25,"key":"Adrenaline Potion"},{"floor":28,"key":"Languid Potion"},{"floor":31,"key":"LiquidMemories"}],"is_trial":false,"path_per_floor":["M","M","?","M","?","R","E","M","T","M","R","M","E","M","R","B",null,"M","$","?","M","$","R","E","M","T","M","M","E","M","M","R","B"],"character_chosen":"IRONCLAD","items_purchased":["Demon Form","Orrery"],"campfire_rested":0,"item_purchase_floors":[19,22],"current_hp_per_floor":[78,78,78,78,78,78,64,60,60,66,66,71,66,72,72,32,73,79,87,87,85,75,75,69,87,87,87,87,70,76,71,71,0,0],"gold":308,"neow_bonus":"THREE_CARDS","is_daily":false,"chose_seed":false,"campfire_upgraded":5,"win_rate":0.0,"timestamp":1614394256,"path_taken":["M","M","?","M","?","R","E","M","T","M","R","M","E","M","R","BOSS","M","$","?","M","?","R","E","M","T","?","?","E","M","M","R","BOSS"],"items_purchased_type":["Card","Relic"],"build_version":"2020-12-22","purchased_purges":1,"victory":false,"max_hp_per_floor":[80,80,80,80,80,80,80,80,80,80,80,80,87,87,87,87,87,87,87,87,87,87,87,87,87,87,87,87,87,87,87,87,87,87],"card_choices":[{"not_picked":["Combust","Burning Pact"],"picked":"Whirlwind","floor":0.0},{"not_picked":["Evolve","Combust"],"picked":"Thunderclap","floor":1.0},{"not_picked":["Havoc","Heavy Blade"],"picked":"Power Through","floor":2.0},{"not_picked":["True Grit","Sever Soul"],"picked":"Spot Weakness","floor":4.0},{"not_picked":["True Grit","Pommel Strike"],"picked":"Ghostly Armor","floor":7.0},{"not_picked":["Havoc","hubris:ReadiedAction"],"picked":"Heavy Blade","floor":8.0},{"not_picked":["Replay:Many Hands","Clothesline"],"picked":"Sword Boomerang","floor":10.0},{"not_picked":["Run Through","Sever Soul"],"picked":"Pummel","floor":12.0},{"not_picked":["Shrug It Off","Sword Boomerang"],"picked":"Impervious","floor":13.0},{"not_picked":["Disarm","Clothesline"],"picked":"Inflame","floor":14.0},{"not_picked":["Demonic Infusion","Hemogenesis"],"picked":"Fiend Fire","floor":16.0},{"not_picked":["Rage","Cleave+1"],"picked":"Shrug It Off+1","floor":18.0},{"not_picked":["Warcry+1","ReplayTheSpireMod:Strike From Hell","Replay:Undeath\u0027s Touch+1"],"picked":"SKIP","floor":21.0},{"not_picked":["Run Through","Replay:Undeath\u0027s Touch"],"picked":"Reaper","floor":22.0},{"not_picked":["Cleave","Flex"],"picked":"Burning Pact","floor":22.0},{"not_picked":["ReplayTheSpireMod:Corrosion Curse+1","hubris:CleavingFinish"],"picked":"Feed","floor":22.0},{"not_picked":["Defy Death","Sentinel","ReplayReversal+1"],"picked":"SKIP","floor":24},{"not_picked":["ReplayTheSpireMod:Strike From Hell","Shrug It Off+1"],"picked":"Uppercut","floor":25},{"not_picked":["Second Wind+1","Replay:Undeath\u0027s Touch+1"],"picked":"True Grit+1","floor":27},{"not_picked":["True Grit","Shrug It Off","Havoc+1"],"picked":"SKIP","floor":28},{"not_picked":["ReplayTheSpireMod:LeadingStrike","Fiend Fire","Perfected Strike"],"picked":"SKIP","floor":29},{"not_picked":["Flex+1","Whirlwind"],"picked":"Exhume","floor":30},{"not_picked":["Whirlwind+1","Armaments"],"picked":"True Grit","floor":31}],"player_experience":395217,"relics_obtained":[{"floor":7.0,"key":"MealTicket"},{"floor":9.0,"key":"Ornamental Fan"},{"floor":13.0,"key":"Strawberry"},{"floor":24,"key":"HornCleat"},{"floor":29,"key":"Gremlin Food"}],"event_choices":[{"damage_healed":0.0,"max_hp_gain":0.0,"max_hp_loss":0.0,"gold_gain":0.0,"event_name":"Living Wall","player_choice":"Grow","floor":5.0,"gold_loss":0.0,"damage_taken":0.0,"cards_upgraded":["Bash"]},{"cards_removed":["Strike_R"],"damage_healed":0.0,"max_hp_gain":0.0,"max_hp_loss":0.0,"gold_gain":0.0,"event_name":"Purifier","player_choice":"Purged","floor":20.0,"gold_loss":0.0,"damage_taken":0.0}],"is_beta":false,"boss_relics":[{"not_picked":["Replay:Ancient Bell","Replay:Wanted Poster"],"picked":"Snecko Heart"}],"items_purged_floors":[19],"is_endless":false,"potions_floor_spawned":[1,2,4,7,16,24,25,28,31],"killed_by":"Automaton","ascension_level":10}}