{"host":"ul3z8ex5o8l5j7mh","time":1614442668,"event":{"mods":["2.2 Compatiblity","AchievementEnabler","BaseMod","Bestiary","Colored Map","Colored Powertips","Curses Come First","DeckTracker","Highlight Path","Keyboard Shortcuts","Minty Spire (QoL Compilation)","Relic Sorter","Relic Stats","StSLib","SuperFastMode"],"gold_per_floor":[119,134,134,148,168,194,194,18,18,38,38,64,76,87,87,185,185,196,196,196,216,59,59,59,59],"floor_reached":24,"language":"ENG","playtime":893,"items_purged":[],"score":281,"play_id":"897c1f4c-3e9f-4e0e-831c-4dec82c77ed0","local_time":"20210227171748","is_ascension_mode":true,"campfire_choices":[{"floor":7.0,"key":"REST"},{"data":"Metamorphosis","floor":11.0,"key":"SMITH"},{"floor":15,"key":"REST"}],"circlet_count":0,"master_deck":["Strike_R+1","Strike_R+1","Strike_R+1","Defend_R+1","Defend_R+1","Defend_R+1","Defend_R+1","Bash+1","Pommel Strike","Rupture","Carnage","Second Wind","Seeing Red","Metamorphosis+1","Sever Soul","Seeing Red","Clash+1","Searing Blow+1","Fiend Fire+1","Carnage+1","Anger+1"],"relics":["Burning Blood","Shuriken","Sundial","Molten Egg 2","Busted Crown","Bag of Marbles"],"acts_visited":["Exordium","TheCity"],"potions_floor_usage":[14],"damage_taken":[{"damage":9.0,"enemies":"Jaw Worm","floor":1.0,"turns":3.0},{"damage":6.0,"enemies":"Cultist","floor":2.0,"turns":3.0},{"damage":0.0,"enemies":"Small Slimes","floor":4.0,"turns":2.0},{"damage":21.0,"enemies":"2 Fungi Beasts","floor":5.0,"turns":4.0},{"damage":35.0,"enemies":"3 Sentries","floor":6.0,"turns":10.0},{"damage":16.0,"enemies":"Blue Slaver","floor":10.0,"turns":3.0},{"damage":13.0,"enemies":"Gremlin Nob","floor":12.0,"turns":3.0},{"damage":0.0,"enemies":"3 Louse","floor":13.0,"turns":3.0},{"damage":2,"enemies":"Large Slime","floor":14,"turns":4},{"damage":33,"enemies":"Slime Boss","floor":16,"turns":4},{"damage":29,"enemies":"3 Byrds","floor":18,"turns":5},{"damage":7,"enemies":"Chosen","floor":21,"turns":4},{"damage":37,"enemies":"Book of Stabbing","floor":24,"turns":3}],"seed_played":"3339086248827998775","potions_obtained":[{"floor":5.0,"key":"LiquidMemories"},{"floor":6.0,"key":"AttackPotion"},{"floor":10.0,"key":"SteroidPotion"},{"floor":13.0,"key":"BlessingOfTheForge"}],"is_trial":false,"path_per_floor":["M","M","?","M","M","E","R","$","T","M","R","E","M","M","R","B",null,"M","?","?","M","$","?","E"],"character_chosen":"IRONCLAD","items_purchased":["Metamorphosis","Bag of Marbles"],"campfire_rested":2,"item_purchase_floors":[8,22],"current_hp_per_floor":[69,69,69,75,60,31,55,55,55,45,45,38,44,48,72,45,71,48,33,33,32,32,32,0,0],"gold":59,"neow_bonus":"UPGRADE_CARD","is_daily":false,"chose_seed":false,"campfire_upgraded":1,"win_rate":0.0,"timestamp":1614442668,"path_taken":["M","M","?","M","M","E","R","$","T","M","R","E","?","?","R","BOSS","M","?","?","M","$","?","E"],"items_purchased_type":["Card","Relic"],"build_version":"2020-12-22","purchased_purges":0,"victory":false,"max_hp_per_floor":[80,80,80,80,80,80,80,80,80,80,80,80,80,80,80,80,80,80,85,85,85,85,85,85,85],"relic_stats":{"Busted Crown":4,"counters":[13,51],"Shuriken":[10],"Sundial":[0],"obtain_stats":[{"Busted Crown":17,"Shuriken":6,"Sundial":9,"Molten Egg 2":12,"Bag of Marbles":22,"Burning Blood":0},{"Busted Crown":10,"Shuriken":5,"Sundial":5,"Molten Egg 2":7,"Bag of Marbles":12,"Burning Blood":0},{"Busted Crown":39,"Shuriken":22,"Sundial":22,"Molten Egg 2":28,"Bag of Marbles":48,"Burning Blood":0}],"Burning Blood":72},"card_choices":[{"not_picked":["Flex","Thunderclap"],"picked":"Pommel Strike","floor":1.0},{"not_picked":["Blood for Blood","Dark Embrace","Clothesline"],"picked":"SKIP","floor":2.0},{"not_picked":["Warcry","Seeing Red"],"picked":"Carnage","floor":4.0},{"not_picked":["Sword Boomerang","Iron Wave"],"picked":"Second Wind","floor":5.0},{"not_picked":["Burning Pact","Headbutt"],"picked":"Seeing Red","floor":6.0},{"not_picked":["Clash","Whirlwind"],"picked":"Sever Soul","floor":10.0},{"not_picked":["Fire Breathing","Inflame"],"picked":"Seeing Red","floor":12.0},{"not_picked":["Headbutt+1","Clothesline+1"],"picked":"Clash+1","floor":13.0},{"not_picked":["Rampage+1","Brutality"],"picked":"Searing Blow+1","floor":14},{"not_picked":["Impervious","Juggernaut"],"picked":"Fiend Fire+1","floor":16},{"not_picked":["True Grit"],"picked":"SKIP","floor":18},{"not_picked":["Havoc"],"picked":"SKIP","floor":21}],"player_experience":453357,"relics_obtained":[{"floor":6.0,"key":"Shuriken"},{"floor":9.0,"key":"Sundial"},{"floor":12.0,"key":"Molten Egg 2"}],"event_choices":[{"damage_healed":0.0,"max_hp_gain":0.0,"max_hp_loss":0.0,"gold_gain":0.0,"event_name":"Match and Keep!","player_choice":"1 cards matched","floor":3.0,"gold_loss":0.0,"damage_taken":0.0,"cards_obtained":["Rupture"]},{"damage_healed":0.0,"max_hp_gain":0.0,"max_hp_loss":0.0,"gold_gain":0.0,"event_name":"Match and Keep!","player_choice":"1 cards matched","floor":3.0,"gold_loss":0.0,"damage_taken":0.0,"cards_obtained":["Rupture"]},{"damage_healed":0,"gold_gain":0,"player_choice":"Shed Blood","damage_taken":20,"max_hp_gain":5,"max_hp_loss":0,"event_name":"Forgotten Altar","floor":19,"gold_loss":0},{"damage_healed":0,"gold_gain":0,"cards_transformed":["Strike_R","Strike_R"],"player_choice":"Became Test Subject","damage_taken":0,"max_hp_gain":0,"max_hp_loss":0,"event_name":"Drug Dealer","floor":20,"gold_loss":0,"cards_obtained":["Carnage","Anger"]},{"damage_healed":0,"gold_gain":0,"player_choice":"Simplicity","damage_taken":0,"max_hp_gain":0,"max_hp_loss":0,"event_name":"Back to Basics","floor":23,"gold_loss":0,"cards_upgraded":["Strike_R","Strike_R","Strike_R","Defend_R","Defend_R","Defend_R","Defend_R"]}],"is_beta":false,"boss_relics":[{"not_picked":["Ectoplasm","Tiny House"],"picked":"Busted Crown"}],"items_purged_floors":[],"is_endless":false,"potions_floor_spawned":[5,6,10,13],"killed_by":"Book of Stabbing","ascension_level":7}}