{"host":"bx8ylsmj2ob6hd5u","time":1614442694,"event":{"mods":["AchievementEnabler","Act Like it!","Aspiration","BaseMod","Colored Map","Downfall","Duelist Mod","Friendly Minions","Gensokyo","GifTheSpireLib","Hallownest","Hermit","HololiveMod","Hubris","Infinite Spire","Jorbs\u0027s Wanderer Trilogy","KinomotoSakuraMod(????)","Kiyohime????","Koishi","KomeijiMod","Lobotomy","LobotomyExtend","Marisa????????","Minty Spire (QoL Compilation)","Prisma Mod","Rare Cards Sparkle","Reimu??????","Remilia??????","Replay The Spire","StSLib","Td1madao Mod","The Administrix","The Animator","The Bug Knight","The Construct","The Cursed","The Disciple","The Hierophant","The Necromancer","The Poker Player","The Runesmith","The Senshi","The Servant 0.9.4","WarShipGirlsR/????R mod"],"gold_per_floor":[116,13,13,13,13,13,13,13,13,13,13,13,13,25,25,325,325],"floor_reached":16,"language":"ENG","playtime":930,"items_purged":[],"score":84,"play_id":"944efcd8-4c7e-440c-a967-e15fe08d44ad","local_time":"20210227181814","is_ascension_mode":false,"campfire_choices":[{"data":"infinitespire:TheBestDefense","floor":6,"key":"SMITH"},{"data":"Vigilance","floor":8,"key":"SMITH"},{"data":"Pray","floor":10,"key":"SMITH"},{"data":"Defend_P","floor":12,"key":"SMITH"},{"data":"Defend_P","floor":15,"key":"SMITH"}],"circlet_count":0,"master_deck":["Strike_P","Strike_P","Strike_P","Strike_P","Defend_P","Defend_P","Defend_P+1","Defend_P+1","Eruption+1","Vigilance+1","Pray+1","Gensokyo:TarnishedGold","Gensokyo:Shovel","infinitespire:TheBestDefense+1","Clumsy","BowlingBash"],"relics":["PureWater","LetterFromLob","hubris:Towel","hubris:Icosahedron","Mercury Hourglass","Gensokyo:NagashiBinaDoll"],"acts_visited":["Exordium"],"potions_floor_usage":[16],"damage_taken":[{"damage":0,"enemies":"Gensokyo:3_Fairies","floor":1,"turns":4},{"damage":9,"enemies":"Gensokyo:Gryphon","floor":14,"turns":5},{"damage":93,"enemies":"Gensokyo:Kokoro","floor":16,"turns":14}],"seed_played":"-198373202561981776","potions_obtained":[{"floor":14,"key":"CalmPotion"}],"is_trial":false,"path_per_floor":["M","COS","?","?","$","R","?","R","T","R","?","R","?","M","R","B"],"character_chosen":"WATCHER","items_purchased":[],"campfire_rested":0,"item_purchase_floors":[],"current_hp_per_floor":[72,72,72,55,55,55,55,55,55,55,55,55,55,46,46,0,0],"gold":325,"neow_bonus":"UPGRADE_CARD","is_daily":false,"chose_seed":false,"campfire_upgraded":5,"win_rate":0.0,"timestamp":1614442694,"path_taken":["M","COS","?","?","$","R","?","R","T","R","?","R","?","?","R","BOSS"],"items_purchased_type":[],"build_version":"2020-12-22","purchased_purges":0,"victory":false,"max_hp_per_floor":[72,72,72,72,72,72,72,72,72,72,72,72,72,72,72,72,72],"card_choices":[{"not_picked":["Replay:Hum","WheelKick"],"picked":"Pray","floor":1},{"not_picked":["infinitespire:SealOfDarkness+","ReplayTheSpireMod:Black Plague"],"picked":"infinitespire:TheBestDefense","floor":4},{"not_picked":["DeceiveReality","Replay:AllIn"],"picked":"BowlingBash","floor":14}],"player_experience":1630035,"relics_obtained":[{"floor":1,"key":"LetterFromLob"},{"floor":9,"key":"Mercury Hourglass"}],"event_choices":[],"is_beta":false,"boss_relics":[],"items_purged_floors":[],"is_endless":false,"potions_floor_spawned":[14],"killed_by":"Gensokyo:Kokoro","ascension_level":0}}