{"host":"jyt8vqv30ansoqx1","time":1614384154,"event":{"mods":["BaseMod","Colored Map","DeckTracker","Highlight Path","Minty Spire (QoL Compilation)","Relic Stats","StSLib","SuperFastMode"],"gold_per_floor":[11,11,31,41,60,90,6,36,36,36,36],"floor_reached":10,"language":"ENG","playtime":419,"items_purged":[],"score":156,"play_id":"ac4b24a3-145f-464a-a90f-d747f2846bc5","local_time":"20210226190234","is_ascension_mode":true,"campfire_choices":[],"circlet_count":0,"master_deck":["AscendersBane","Strike_G","Strike_G","Strike_G","Strike_G","Strike_G","Defend_G","Defend_G","Defend_G","Defend_G","Defend_G+1","Survivor","Neutralize","Corpse Explosion","Blade Dance+1","Neutralize","Skewer","Blade Dance","Dash","Wraith Form v2","Accuracy"],"relics":["Ring of the Snake","Letter Opener","PreservedInsect","War Paint"],"acts_visited":["Exordium"],"potions_floor_usage":[8,8,10],"damage_taken":[{"damage":0.0,"enemies":"Cultist","floor":1.0,"turns":4.0},{"damage":6.0,"enemies":"Small Slimes","floor":3.0,"turns":3.0},{"damage":7.0,"enemies":"2 Louse","floor":4.0,"turns":2.0},{"damage":4.0,"enemies":"Blue Slaver","floor":5.0,"turns":3.0},{"damage":20.0,"enemies":"3 Sentries","floor":6.0,"turns":4.0},{"damage":21,"enemies":"Gremlin Nob","floor":8,"turns":5},{"damage":10,"enemies":"3 Sentries","floor":10,"turns":2}],"seed_played":"2229169171799809033","potions_obtained":[{"floor":3.0,"key":"Swift Potion"},{"floor":6.0,"key":"GamblersBrew"},{"floor":8,"key":"Regen Potion"}],"is_trial":false,"path_per_floor":["M","?","M","M","M","E","$","E","T","E"],"character_chosen":"THE_SILENT","items_purchased":["Wraith Form v2"],"campfire_rested":0,"item_purchase_floors":[7],"current_hp_per_floor":[59,59,53,46,42,22,22,1,1,0,0],"gold":36,"neow_bonus":"THREE_RARE_CARDS","is_daily":false,"chose_seed":false,"campfire_upgraded":0,"win_rate":0.0,"timestamp":1614384154,"path_taken":["M","?","M","M","M","E","$","E","T","E"],"items_purchased_type":["Card"],"build_version":"2020-12-22","purchased_purges":0,"victory":false,"max_hp_per_floor":[66,66,66,66,66,66,66,66,66,66,66],"relic_stats":{"counters":[7,23],"PreservedInsect":34,"Letter Opener":[0],"War Paint":["Blade Dance","Defend_G"],"obtain_stats":[{"PreservedInsect":8,"Letter Opener":6,"War Paint":9,"Ring of the Snake":0},{"PreservedInsect":6,"Letter Opener":5,"War Paint":6,"Ring of the Snake":0},{"PreservedInsect":21,"Letter Opener":16,"War Paint":21,"Ring of the Snake":0}],"Ring of the Snake":[14]},"card_choices":[{"not_picked":["Unload","Burst"],"picked":"Corpse Explosion","floor":0.0},{"not_picked":["Quick Slash","Endless Agony"],"picked":"Blade Dance","floor":1.0},{"not_picked":["Backflip","Outmaneuver"],"picked":"Blade Dance","floor":3.0},{"not_picked":["Cloak And Dagger","Dagger Throw","Quick Slash"],"picked":"SKIP","floor":4.0},{"not_picked":["Masterful Stab","Distraction","Eviscerate"],"picked":"SKIP","floor":5.0},{"not_picked":["Noxious Fumes","Prepared"],"picked":"Dash","floor":6.0},{"not_picked":["Cloak And Dagger","Riddle With Holes"],"picked":"Accuracy","floor":8}],"player_experience":1714595,"relics_obtained":[{"floor":6.0,"key":"Letter Opener"},{"floor":8,"key":"PreservedInsect"},{"floor":9,"key":"War Paint"}],"event_choices":[{"damage_healed":0.0,"max_hp_gain":0.0,"max_hp_loss":0.0,"gold_gain":0.0,"event_name":"Match and Keep!","player_choice":"2 cards matched","floor":2.0,"gold_loss":0.0,"damage_taken":0.0,"cards_obtained":["Neutralize","Skewer"]}],"is_beta":false,"boss_relics":[],"items_purged_floors":[],"is_endless":false,"potions_floor_spawned":[3,6,8],"killed_by":"3 Sentries","ascension_level":20}}