{"host":"yqw1zpryoutrnocq","time":1614457327,"event":{"mods":["2.2 Compatiblity","AchievementEnabler","BaseMod","Colored Map","Custom Start","DeckTracker","Minty Spire (QoL Compilation)","StSLib","SuperFastMode"],"gold_per_floor":[115,115,115,1,18,18,46,61,84,84,113,113,113,141,141,243,243,257,268,193,1,20,20,40,40,40,40,51,67,67,95,95,95,95],"floor_reached":33,"language":"KOR","playtime":712,"items_purged":["Strike_R","Strike_R"],"score":493,"play_id":"468074af-4feb-481b-96bd-5d36a3179989","local_time":"20210227142207","is_ascension_mode":true,"campfire_choices":[{"data":"Searing Blow","floor":6,"key":"SMITH"},{"data":"Searing Blow+1","floor":13,"key":"SMITH"},{"data":"Searing Blow+2","floor":15,"key":"SMITH"},{"data":"Searing Blow+3","floor":23,"key":"SMITH"},{"data":"Searing Blow+4","floor":25,"key":"SMITH"},{"data":"Searing Blow+5","floor":32,"key":"SMITH"}],"circlet_count":0,"master_deck":["AscendersBane","Strike_R","Defend_R","Defend_R","Defend_R","Defend_R","Bash","Searing Blow+6","Carnage","Double Tap","Shockwave","Seeing Red","Blood for Blood","Offering","CurseOfTheBell","Pommel Strike","Panacea","Dual Wield","Disarm","True Grit","Fiend Fire"],"relics":["Burning Blood","NeowsBlessing","Oddly Smooth Stone","Blood Vial","Happy Flower","Vajra","Nunchaku","Calling Bell","Akabeko","Letter Opener","Incense Burner","Bottled Flame","Lantern"],"acts_visited":["Exordium","TheCity"],"potions_floor_usage":[11,14,16,24,29,33],"damage_taken":[{"damage":0.0,"enemies":"2 Louse","floor":1.0,"turns":1.0},{"damage":0,"enemies":"Jaw Worm","floor":5,"turns":1},{"damage":0,"enemies":"Lagavulin","floor":7,"turns":1},{"damage":0,"enemies":"Cultist","floor":8,"turns":3},{"damage":16,"enemies":"3 Sentries","floor":11,"turns":6},{"damage":23,"enemies":"Lagavulin","floor":14,"turns":5},{"damage":30,"enemies":"Slime Boss","floor":16,"turns":10},{"damage":34,"enemies":"3 Byrds","floor":18,"turns":6},{"damage":6,"enemies":"Spheric Guardian","floor":19,"turns":1},{"damage":6,"enemies":"Snake Plant","floor":22,"turns":1},{"damage":16,"enemies":"Centurion and Healer","floor":24,"turns":5},{"damage":9,"enemies":"3 Cultists","floor":28,"turns":5},{"damage":6,"enemies":"Chosen and Byrds","floor":29,"turns":3},{"damage":4,"enemies":"Gremlin Leader","floor":31,"turns":5},{"damage":33,"enemies":"Champ","floor":33,"turns":6}],"seed_played":"-3890317509974170973","potions_obtained":[{"floor":7,"key":"DistilledChaos"},{"floor":11,"key":"EssenceOfSteel"},{"floor":14,"key":"Explosive Potion"},{"floor":18,"key":"SpeedPotion"},{"floor":19,"key":"SpeedPotion"},{"floor":28,"key":"SteroidPotion"}],"is_trial":false,"path_per_floor":["M","?","?","$","M","R","E","M","T","$","E","?","R","E","R","B",null,"M","M","?","$","M","R","M","R","T","$","M","M","?","E","R","B"],"character_chosen":"IRONCLAD","items_purchased":["Carnage","Panacea"],"campfire_rested":0,"item_purchase_floors":[4,21],"current_hp_per_floor":[78,53,58,58,64,64,70,78,78,78,70,70,70,55,55,33,72,46,48,48,48,50,50,42,42,42,42,41,43,27,31,31,0,0],"gold":95,"neow_bonus":"THREE_ENEMY_KILL","is_daily":false,"chose_seed":false,"campfire_upgraded":6,"win_rate":0.0,"timestamp":1614457327,"path_taken":["M","?","?","?","M","R","E","M","T","$","E","?","R","E","R","BOSS","M","M","?","?","M","R","M","R","T","$","?","M","?","E","R","BOSS"],"items_purchased_type":["Card","Card"],"build_version":"2020-12-22","purchased_purges":2,"victory":false,"max_hp_per_floor":[80,80,85,85,85,85,85,85,85,85,85,85,85,85,85,85,85,85,85,85,85,85,85,85,85,85,85,85,85,90,90,90,90,90],"card_choices":[{"not_picked":["Flex","Wild Strike"],"picked":"Searing Blow","floor":1},{"not_picked":["True Grit","Twin Strike","Iron Wave"],"picked":"SKIP","floor":5},{"not_picked":["Demon Form","Power Through"],"picked":"Double Tap","floor":7},{"not_picked":["Clash","Havoc"],"picked":"Shockwave","floor":8},{"not_picked":["Heavy Blade","Havoc"],"picked":"Seeing Red","floor":11},{"not_picked":["Sentinel","Iron Wave","Flex"],"picked":"SKIP","floor":14},{"not_picked":["Reaper","Corruption"],"picked":"Offering","floor":16},{"not_picked":["Pommel Strike","Ghostly Armor","Infernal Blade"],"picked":"SKIP","floor":18},{"not_picked":["Twin Strike","Flex"],"picked":"Pommel Strike","floor":19},{"not_picked":["Burning Pact","Anger"],"picked":"Dual Wield","floor":22},{"not_picked":["Armaments","Wild Strike"],"picked":"Disarm","floor":24},{"not_picked":["Body Slam","Dark Embrace","Fire Breathing"],"picked":"SKIP","floor":28},{"not_picked":["Evolve","Iron Wave"],"picked":"True Grit","floor":29},{"not_picked":["Uppercut","Shockwave"],"picked":"Fiend Fire","floor":31}],"player_experience":375430,"relics_obtained":[{"floor":7,"key":"Blood Vial"},{"floor":9,"key":"Happy Flower"},{"floor":11,"key":"Vajra"},{"floor":14,"key":"Nunchaku"},{"floor":17,"key":"Akabeko"},{"floor":17,"key":"Letter Opener"},{"floor":17,"key":"Incense Burner"},{"floor":26,"key":"Bottled Flame"},{"floor":31,"key":"Lantern"}],"event_choices":[{"damage_healed":0,"gold_gain":0,"player_choice":"Success","damage_taken":25,"relics_obtained":["Oddly Smooth Stone"],"max_hp_gain":0,"max_hp_loss":0,"event_name":"Scrap Ooze","floor":2,"gold_loss":0},{"damage_healed":0,"gold_gain":0,"player_choice":"Donut","damage_taken":0,"max_hp_gain":5,"max_hp_loss":0,"event_name":"Big Fish","floor":3,"gold_loss":0},{"damage_healed":0,"gold_gain":0,"cards_transformed":["Strike_R"],"player_choice":"Transformed","damage_taken":0,"max_hp_gain":0,"max_hp_loss":0,"event_name":"Transmorgrifier","floor":12,"gold_loss":0,"cards_obtained":["Blood for Blood"]},{"cards_removed":["Strike_R"],"damage_healed":0,"gold_gain":0,"player_choice":"Gave Gold","damage_taken":0,"max_hp_gain":0,"max_hp_loss":0,"event_name":"Beggar","floor":20,"gold_loss":75},{"damage_healed":0,"gold_gain":0,"player_choice":"Shed Blood","damage_taken":21,"max_hp_gain":5,"max_hp_loss":0,"event_name":"Forgotten Altar","floor":30,"gold_loss":0}],"is_beta":false,"boss_relics":[{"not_picked":["SacredBark","Runic Dome"],"picked":"Calling Bell"}],"items_purged_floors":[4,21],"is_endless":false,"potions_floor_spawned":[7,11,14,18,19,28],"killed_by":"Champ","ascension_level":12}}