{"host":"py7qdianp3jrm8dm","time":1614459752,"event":{"mods":["AchievementEnabler","BaseMod","Bestiary","Highlight Path","Minty Spire (QoL Compilation)","Relic Stats","StSLib"],"gold_per_floor":[109,109,120,134,152,152,180,180,180,197,211,227,227,227,227,355,355,370,43,68,81,81,81,121,121,121],"floor_reached":25,"language":"ENG","playtime":1558,"items_purged":[],"score":338,"play_id":"ad64c796-cf60-4df5-b2e7-ddd473c4c9b0","local_time":"20210227210232","is_ascension_mode":true,"campfire_choices":[{"data":"Worship","floor":6,"key":"SMITH"},{"floor":8,"key":"REST"},{"floor":13,"key":"REST"},{"data":"ReachHeaven","floor":15,"key":"SMITH"},{"floor":23,"key":"REST"}],"circlet_count":0,"master_deck":["AscendersBane","Strike_P","Strike_P","Strike_P","Defend_P","Defend_P","Defend_P","Defend_P","Eruption","Vigilance","Crescendo","Evaluate","BattleHymn","Worship+1","Collect","ReachHeaven+1","BattleHymn","Vengeance","DevaForm","MentalFortress","MasterReality","MentalFortress","EmptyBody+1","Halt"],"relics":["Snecko Eye","Bag of Marbles","MealTicket","Golden Idol","SlaversCollar","Mummified Hand","FaceOfCleric","Pear"],"acts_visited":["Exordium","TheCity"],"potions_floor_usage":[5,10,16,20,24,25],"damage_taken":[{"damage":0,"enemies":"2 Louse","floor":1,"turns":4},{"damage":0,"enemies":"Cultist","floor":3,"turns":3},{"damage":4,"enemies":"Jaw Worm","floor":4,"turns":3},{"damage":15,"enemies":"Lots of Slimes","floor":5,"turns":5},{"damage":34,"enemies":"3 Sentries","floor":7,"turns":8},{"damage":13,"enemies":"Large Slime","floor":10,"turns":3},{"damage":1,"enemies":"Looter","floor":11,"turns":2},{"damage":3,"enemies":"3 Louse","floor":12,"turns":3},{"damage":30,"enemies":"Hexaghost","floor":16,"turns":8},{"damage":7,"enemies":"Chosen","floor":18,"turns":4},{"damage":34,"enemies":"3 Byrds","floor":20,"turns":5},{"damage":19,"enemies":"Centurion and Healer","floor":21,"turns":6},{"damage":10,"enemies":"Gremlin Leader","floor":24,"turns":5},{"damage":31,"enemies":"Snake Plant","floor":25,"turns":3}],"seed_played":"-7916006903504394152","potions_obtained":[{"floor":1,"key":"Dexterity Potion"},{"floor":3,"key":"AttackPotion"},{"floor":7,"key":"SkillPotion"},{"floor":12,"key":"SteroidPotion"},{"floor":16,"key":"Explosive Potion"},{"floor":20,"key":"FearPotion"},{"floor":24,"key":"CultistPotion"}],"is_trial":false,"path_per_floor":["M","?","M","M","M","R","E","R","T","M","M","M","R","?","R","B",null,"M","$","M","M","?","R","E","M"],"character_chosen":"WATCHER","items_purchased":["Mummified Hand","MasterReality"],"campfire_rested":3,"item_purchase_floors":[19,19],"current_hp_per_floor":[65,65,65,61,46,46,12,33,33,20,19,16,37,37,37,7,52,45,60,26,7,7,27,28,0,0],"gold":121,"neow_bonus":"BOSS_RELIC","is_daily":false,"chose_seed":false,"campfire_upgraded":2,"win_rate":0.0,"timestamp":1614459752,"path_taken":["M","?","M","M","M","R","E","R","T","M","M","?","R","?","R","BOSS","M","$","M","M","?","R","E","?"],"items_purchased_type":["Relic","Card"],"build_version":"2020-12-22","purchased_purges":0,"victory":false,"max_hp_per_floor":[72,72,72,72,72,72,72,72,72,72,72,72,72,67,67,67,67,67,67,67,67,67,67,78,78,78],"relic_stats":{"FaceOfCleric":1,"counters":[14,62],"Golden Idol":45,"Mummified Hand":[43],"Snecko Eye":[78,97,89,110],"MealTicket":15,"obtain_stats":[{"SlaversCollar":17,"Pear":24,"FaceOfCleric":22,"Golden Idol":14,"Mummified Hand":19,"Snecko Eye":0,"MealTicket":9,"Bag of Marbles":7,"PureWater":0},{"SlaversCollar":9,"Pear":13,"FaceOfCleric":12,"Golden Idol":8,"Mummified Hand":10,"Snecko Eye":0,"MealTicket":5,"Bag of Marbles":5,"PureWater":0},{"SlaversCollar":39,"Pear":59,"FaceOfCleric":54,"Golden Idol":31,"Mummified Hand":43,"Snecko Eye":0,"MealTicket":23,"Bag of Marbles":23,"PureWater":0}]},"card_choices":[{"not_picked":["Perseverance","ClearTheMind"],"picked":"Crescendo","floor":1},{"not_picked":["PathToVictory","Prostrate"],"picked":"Evaluate","floor":3},{"not_picked":["Crescendo","LikeWater"],"picked":"BattleHymn","floor":4},{"not_picked":["SignatureMove","JustLucky"],"picked":"Worship","floor":5},{"not_picked":["Evaluate","FlyingSleeves"],"picked":"Collect","floor":7},{"not_picked":["Prostrate","Evaluate"],"picked":"ReachHeaven","floor":10},{"not_picked":["SignatureMove","Protect"],"picked":"BattleHymn","floor":11},{"not_picked":["InnerPeace","SashWhip"],"picked":"Vengeance","floor":12},{"not_picked":["SpiritShield","Judgement"],"picked":"DevaForm","floor":16},{"not_picked":["Consecrate","ClearTheMind"],"picked":"MentalFortress","floor":18},{"not_picked":["Crescendo","Study"],"picked":"MentalFortress","floor":20},{"not_picked":["Perseverance","BattleHymn"],"picked":"EmptyBody+1","floor":21},{"not_picked":["CarveReality","CutThroughFate"],"picked":"Halt","floor":24}],"player_experience":617312,"relics_obtained":[{"floor":7,"key":"Bag of Marbles"},{"floor":9,"key":"MealTicket"},{"floor":24,"key":"Pear"}],"event_choices":[{"cards_removed":["Strike_P"],"damage_healed":0,"gold_gain":0,"player_choice":"Offered Basic","damage_taken":0,"max_hp_gain":0,"max_hp_loss":0,"event_name":"Bonfire Elementals","floor":2,"gold_loss":0},{"damage_healed":0,"gold_gain":0,"player_choice":"Lose Max HP","damage_taken":0,"relics_obtained":["Golden Idol"],"max_hp_gain":0,"max_hp_loss":5,"event_name":"Golden Idol","floor":14,"gold_loss":0},{"damage_healed":0,"gold_gain":0,"player_choice":"Trade","damage_taken":0,"relics_obtained":["FaceOfCleric"],"max_hp_gain":0,"max_hp_loss":0,"event_name":"FaceTrader","floor":22,"gold_loss":0}],"is_beta":false,"boss_relics":[{"not_picked":["SacredBark","Black Star"],"picked":"SlaversCollar"}],"items_purged_floors":[],"is_endless":false,"potions_floor_spawned":[1,3,7,12,16,20,24],"killed_by":"Snake Plant","ascension_level":10}}