{"host":"w3q5ijqu8eoknil3","time":1614391965,"event":{"mods":["AchievementEnabler","BaseMod","Block Reminder","Colored Map","Colored Powertips","Curses Come First","Dark Map","Minty Spire (QoL Compilation)","Quick Restart","Relic Stats","StSLib","ojb\u0027s Better Paths Mod","ojb\u0027s Info Mod","slay the spire mod where everything is the same but ironclad has a cowboy hat"],"gold_per_floor":[16,16,16,35,35,71,71,90,167,206,206,78,78,78,78,78,78],"floor_reached":16,"language":"ENG","playtime":402,"items_purged":["Parasite"],"score":207,"play_id":"5cec59d2-e05b-407e-89ea-0f5da7fcaa70","local_time":"20210227021245","is_ascension_mode":true,"campfire_choices":[{"floor":7,"key":"REST"},{"data":"Blade Dance","floor":13,"key":"SMITH"},{"floor":15,"key":"REST"}],"circlet_count":0,"master_deck":["AscendersBane","Strike_G","Strike_G","Strike_G","Strike_G","Strike_G+1","Defend_G","Defend_G","Defend_G","Defend_G","Defend_G","Survivor","Neutralize","Choke+1","Blade Dance+1","Deadly Poison","Outmaneuver","Deadly Poison","Dagger Spray"],"relics":["Ring of the Snake","CaptainsWheel","Golden Idol","Centennial Puzzle","Sundial","Potion Belt","Oddly Smooth Stone"],"acts_visited":["Exordium"],"potions_floor_usage":[16],"damage_taken":[{"damage":1.0,"enemies":"Jaw Worm","floor":1.0,"turns":4.0},{"damage":8.0,"enemies":"Small Slimes","floor":4.0,"turns":3.0},{"damage":26.0,"enemies":"Lagavulin","floor":6.0,"turns":6.0},{"damage":3,"enemies":"2 Louse","floor":8,"turns":2},{"damage":21,"enemies":"Gremlin Nob","floor":10,"turns":4},{"damage":27,"enemies":"Slime Boss","floor":16,"turns":7}],"seed_played":"-5264950193345278361","potions_obtained":[{"floor":1.0,"key":"ColorlessPotion"},{"floor":8,"key":"SpeedPotion"}],"is_trial":false,"path_per_floor":["M","?","?","M","?","E","R","M","T","E","?","$","R","?","R","B"],"character_chosen":"THE_SILENT","items_purchased":["Dagger Spray"],"campfire_rested":2,"item_purchase_floors":[12],"current_hp_per_floor":[58,58,40,32,37,11,30,27,27,6,22,22,22,4,22,0,0],"gold":78,"neow_bonus":"ONE_RARE_RELIC","is_daily":false,"chose_seed":false,"campfire_upgraded":1,"win_rate":0.0,"timestamp":1614391965,"path_taken":["M","?","?","M","?","E","R","M","T","E","?","?","R","?","R","BOSS"],"items_purchased_type":["Card"],"build_version":"2020-12-22","purchased_purges":1,"victory":false,"max_hp_per_floor":[66,60,60,60,65,65,65,65,65,65,65,62,62,62,62,62,62],"relic_stats":{"Centennial Puzzle":[9],"counters":[6,26],"Golden Idol":30,"Sundial":[0],"obtain_stats":[{"Potion Belt":10,"CaptainsWheel":0,"Centennial Puzzle":6,"Golden Idol":2,"Sundial":9,"Oddly Smooth Stone":14,"Ring of the Snake":0},{"Potion Belt":5,"CaptainsWheel":0,"Centennial Puzzle":3,"Golden Idol":1,"Sundial":4,"Oddly Smooth Stone":5,"Ring of the Snake":0},{"Potion Belt":19,"CaptainsWheel":0,"Centennial Puzzle":13,"Golden Idol":4,"Sundial":15,"Oddly Smooth Stone":19,"Ring of the Snake":0}],"Ring of the Snake":[12]},"card_choices":[{"not_picked":["Underhanded Strike","Outmaneuver"],"picked":"Choke","floor":1.0},{"not_picked":["PiercingWail","Endless Agony"],"picked":"Blade Dance","floor":4.0},{"not_picked":["Sucker Punch","PiercingWail"],"picked":"Deadly Poison","floor":6},{"not_picked":["Distraction","Prepared"],"picked":"Outmaneuver","floor":8},{"not_picked":["Accuracy","Deflect"],"picked":"Deadly Poison","floor":10}],"player_experience":1063653,"relics_obtained":[{"floor":6,"key":"Centennial Puzzle"},{"floor":9,"key":"Sundial"},{"floor":10,"key":"Potion Belt"}],"event_choices":[{"damage_healed":0.0,"max_hp_gain":0.0,"max_hp_loss":6.0,"gold_gain":0.0,"event_name":"Golden Idol","player_choice":"Lose Max HP","floor":2.0,"gold_loss":0.0,"damage_taken":0.0,"relics_obtained":["Golden Idol"]},{"damage_healed":0.0,"max_hp_gain":0.0,"max_hp_loss":0.0,"gold_gain":0.0,"event_name":"Shining Light","player_choice":"Entered Light","floor":3.0,"gold_loss":0.0,"damage_taken":18.0,"cards_upgraded":["Choke","Strike_G"]},{"damage_healed":0.0,"max_hp_gain":5.0,"max_hp_loss":0.0,"gold_gain":0.0,"event_name":"Big Fish","player_choice":"Donut","floor":5.0,"gold_loss":0.0,"damage_taken":0.0},{"damage_healed":16,"gold_gain":0,"player_choice":"Healed and dodged fight","damage_taken":0,"max_hp_gain":0,"max_hp_loss":0,"event_name":"Mushrooms","floor":11,"gold_loss":0,"cards_obtained":["Parasite"]},{"damage_healed":0,"gold_gain":0,"player_choice":"Success","damage_taken":18,"relics_obtained":["Oddly Smooth Stone"],"max_hp_gain":0,"max_hp_loss":0,"event_name":"Scrap Ooze","floor":14,"gold_loss":0}],"is_beta":false,"boss_relics":[],"items_purged_floors":[12],"is_endless":false,"potions_floor_spawned":[1,8],"killed_by":"Slime Boss","ascension_level":19}}