{"host":"mt3nndg5ku536gxi","time":1614435626,"event":{"mods":["BaseMod","Colored Powertips","Minty Spire (QoL Compilation)","Permanent Neow","Quick Restart","Relic Stats","StSLib","UnlockEverythingMod"],"gold_per_floor":[118,137,149,18,168,168,168,168],"floor_reached":7,"language":"ZHS","playtime":178,"items_purged":[],"score":76,"play_id":"b6b23338-41d3-4ff5-bbc5-a2caa063d181","local_time":"20210227222026","is_ascension_mode":true,"campfire_choices":[{"data":"Genetic Algorithm","floor":6,"key":"SMITH"}],"circlet_count":0,"master_deck":["AscendersBane","Strike_B","Strike_B","Strike_B","Strike_B","Defend_B","Defend_B","Defend_B","Defend_B","Zap","Dualcast","Coolheaded","Core Surge","Genetic Algorithm+1","Glacier","Defragment","Doubt"],"relics":["Runic Dome"],"acts_visited":["Exordium"],"potions_floor_usage":[],"damage_taken":[{"damage":9.0,"enemies":"Jaw Worm","floor":1.0,"turns":4.0},{"damage":0.0,"enemies":"2 Louse","floor":2.0,"turns":3.0},{"damage":2.0,"enemies":"Small Slimes","floor":3.0,"turns":3.0},{"damage":0,"enemies":"3 Sentries","floor":7,"turns":1}],"seed_played":"-2686261499218913004","potions_obtained":[{"floor":3,"key":"Energy Potion"}],"is_trial":false,"path_per_floor":["M","M","M","$","?","R","E"],"character_chosen":"DEFECT","items_purchased":["Glacier","Defragment"],"campfire_rested":0,"item_purchase_floors":[4,4],"current_hp_per_floor":[55,55,53,53,53,53,53,53],"gold":168,"neow_bonus":"BOSS_RELIC","is_daily":false,"chose_seed":false,"campfire_upgraded":1,"win_rate":0.0,"timestamp":1614435626,"path_taken":["M","M","M","$","?","R","E"],"items_purchased_type":["Card","Card"],"build_version":"2020-12-22","purchased_purges":0,"victory":false,"max_hp_per_floor":[71,71,71,71,71,71,71,71],"relic_stats":{"counters":[3,10],"obtain_stats":[{"Runic Dome":0,"Cracked Core":0},{"Runic Dome":0,"Cracked Core":0},{"Runic Dome":0,"Cracked Core":0}]},"card_choices":[{"not_picked":["Tempest","Steam"],"picked":"Coolheaded","floor":1.0},{"not_picked":["Conserve Battery","Compile Driver"],"picked":"Core Surge","floor":2.0},{"not_picked":["White Noise","Leap"],"picked":"Genetic Algorithm","floor":3}],"player_experience":32760,"relics_obtained":[],"event_choices":[{"damage_healed":0,"gold_gain":150,"player_choice":"AGREE","damage_taken":0,"max_hp_gain":0,"max_hp_loss":0,"event_name":"Liars Game","floor":5,"gold_loss":0,"cards_obtained":["Doubt"]}],"is_beta":false,"boss_relics":[],"items_purged_floors":[],"is_endless":false,"potions_floor_spawned":[3],"killed_by":"3 Sentries","ascension_level":17}}