{"host":"iodn1af76021fjto","time":1614448094,"event":{"mods":["AchievementEnabler","BaseMod","BetterRewards","Colored Map","Downfall","Hermit","Jorbs\u0027s Wanderer Trilogy","Minty Spire (QoL Compilation)","Quick Restart","StSLib","SuperFastMode","The Cursed","The Hierophant","The Jungle","The Runesmith","The Servant 0.9.4"],"gold_per_floor":[115,130,150,168,186,218,228,258,284,317,28,28,28,48,48,152,152,164,164,164,175,74,99,99,124,124,158,73,87,87,117,117,117,117],"floor_reached":33,"language":"ENG","playtime":1111,"items_purged":["downfall:Bewildered"],"score":525,"play_id":"93c9ec40-b7b1-404a-85ee-cf4d036c2d66","local_time":"20210227124814","is_ascension_mode":true,"campfire_choices":[{"data":"1","floor":13,"key":"LIFT"},{"data":"2","floor":15,"key":"LIFT"},{"data":"3","floor":24,"key":"LIFT"},{"data":"Offering","floor":30,"key":"SMITH"},{"data":"Uppercut","floor":32,"key":"SMITH"}],"circlet_count":0,"master_deck":["Strike_R","Strike_R","Strike_R","Strike_R","Strike_R","Defend_R","Defend_R","Defend_R","Defend_R+1","Bash","Fiend Fire","Shrug It Off+1","Flex","Armaments+1","Pommel Strike","Offering+1","True Grit","Headbutt","Fiend Fire","Pommel Strike","Reaper","Demon Form","Evolve","Wild Strike","Uppercut+1"],"relics":["Burning Blood","Art of War","Orichalcum","PreservedInsect","Girya","Strange Spoon","Runic Pyramid","sneckomod:BabySnecko","Toy Ornithopter","War Paint","Anchor","Blue Candle","Prayer Wheel"],"acts_visited":["Exordium","TheCity"],"potions_floor_usage":[8,16,27,33],"damage_taken":[{"damage":12,"enemies":"Jaw Worm","floor":1,"turns":3},{"damage":3,"enemies":"2 Louse","floor":2,"turns":3},{"damage":0,"enemies":"Small Slimes","floor":3,"turns":3},{"damage":11,"enemies":"Blue Slaver","floor":4,"turns":5},{"damage":8,"enemies":"3 Louse","floor":5,"turns":3},{"damage":30,"enemies":"Lagavulin","floor":6,"turns":5},{"damage":0,"enemies":"2 Fungi Beasts","floor":7,"turns":3},{"damage":6,"enemies":"Gremlin Nob","floor":8,"turns":2},{"damage":13,"enemies":"3 Sentries","floor":10,"turns":6},{"damage":0,"enemies":"Large Slime","floor":14,"turns":3},{"damage":23,"enemies":"The Guardian","floor":16,"turns":7},{"damage":28,"enemies":"Spheric Guardian","floor":18,"turns":5},{"damage":13,"enemies":"Chosen","floor":21,"turns":3},{"damage":6,"enemies":"Gremlin Leader","floor":23,"turns":2},{"damage":20,"enemies":"Book of Stabbing","floor":25,"turns":3},{"damage":43,"enemies":"Slavers","floor":27,"turns":4},{"damage":6,"enemies":"Snake Plant","floor":29,"turns":2},{"damage":0,"enemies":"Gremlin Leader","floor":31,"turns":3},{"damage":84,"enemies":"Automaton","floor":33,"turns":6}],"seed_played":"-2774200835063337412","potions_obtained":[{"floor":4,"key":"DuplicationPotion"},{"floor":10,"key":"LiquidMemories"},{"floor":14,"key":"BlessingOfTheForge"},{"floor":16,"key":"Dexterity Potion"},{"floor":27,"key":"sneckomod:MuddlingPotion"},{"floor":31,"key":"PowerPotion"}],"is_trial":false,"path_per_floor":["M","M","M","M","M","E","M","E","T","E","$","?","R","M","R","B",null,"M","?","?","M","$","E","R","E","T","E","?","M","R","E","R","B"],"character_chosen":"IRONCLAD","items_purchased":["Strange Spoon","Reaper","Wild Strike"],"campfire_rested":0,"item_purchase_floors":[11,11,22],"current_hp_per_floor":[74,77,80,75,73,49,55,55,55,48,48,48,48,54,54,37,69,55,80,80,79,79,80,80,66,66,62,62,62,62,68,68,0,0],"gold":117,"neow_bonus":"ONE_RANDOM_RARE_CARD","is_daily":false,"chose_seed":false,"campfire_upgraded":2,"win_rate":0.0,"timestamp":1614448094,"path_taken":["M","M","M","M","M","E","M","E","T","E","$","?","R","M","R","BOSS","M","?","?","M","$","E","R","E","T","E","?","M","R","E","R","BOSS"],"items_purchased_type":["Relic","Card","Card"],"build_version":"2020-12-22","purchased_purges":1,"victory":false,"max_hp_per_floor":[80,80,80,80,80,80,80,80,80,80,80,80,80,80,80,80,80,80,80,80,80,80,80,80,80,80,80,80,80,80,80,80,80,80],"card_choices":[{"not_picked":["Thunderclap","Iron Wave"],"picked":"Shrug It Off","floor":1},{"not_picked":["Battle Trance","Thunderclap"],"picked":"Flex","floor":2},{"not_picked":["Clothesline","Sword Boomerang"],"picked":"Armaments","floor":3},{"not_picked":["Entrench","Shrug It Off"],"picked":"Pommel Strike","floor":4},{"not_picked":["Sword Boomerang","Warcry"],"picked":"Offering","floor":5},{"not_picked":["Shrug It Off","Flex"],"picked":"True Grit","floor":6},{"not_picked":["Clash","Rupture"],"picked":"Headbutt","floor":7},{"not_picked":["True Grit","Infernal Blade"],"picked":"Fiend Fire","floor":8},{"not_picked":["Shrug It Off","Perfected Strike"],"picked":"Pommel Strike","floor":10},{"not_picked":["Sword Boomerang","Reckless Charge","Heavy Blade"],"picked":"SKIP","floor":14},{"not_picked":["Brutality","Bludgeon"],"picked":"Demon Form","floor":16},{"not_picked":["Anger","Whirlwind"],"picked":"Evolve","floor":18},{"not_picked":["Thunderclap","Rampage","True Grit"],"picked":"SKIP","floor":21},{"not_picked":["Armaments","Cleave"],"picked":"Uppercut","floor":23},{"not_picked":["Sentinel","Shrug It Off","Anger"],"picked":"SKIP","floor":25},{"not_picked":["Pummel","Anger+1","Sever Soul"],"picked":"SKIP","floor":27},{"not_picked":["Evolve","Heavy Blade+1","Clash"],"picked":"SKIP","floor":29},{"not_picked":["Infernal Blade","Heavy Blade","Sword Boomerang"],"picked":"SKIP","floor":31}],"player_experience":299997,"relics_obtained":[{"floor":6,"key":"Art of War"},{"floor":8,"key":"Orichalcum"},{"floor":9,"key":"PreservedInsect"},{"floor":10,"key":"Girya"},{"floor":23,"key":"Toy Ornithopter"},{"floor":25,"key":"War Paint"},{"floor":27,"key":"Anchor"},{"floor":31,"key":"Prayer Wheel"}],"event_choices":[{"damage_healed":0,"gold_gain":0,"player_choice":"Grow","damage_taken":0,"max_hp_gain":0,"max_hp_loss":0,"event_name":"Living Wall","floor":12,"gold_loss":0,"cards_upgraded":["Armaments"]},{"damage_healed":26,"gold_gain":0,"player_choice":"Heal","damage_taken":0,"max_hp_gain":0,"max_hp_loss":0,"event_name":"The Library","floor":19,"gold_loss":0},{"damage_healed":0,"gold_gain":0,"player_choice":"Obtained Relic","damage_taken":0,"relics_obtained":["Blue Candle"],"max_hp_gain":0,"max_hp_loss":0,"event_name":"Addict","floor":28,"gold_loss":85}],"is_beta":false,"boss_relics":[{"not_picked":["SacredBark","Ectoplasm"],"picked":"Runic Pyramid"}],"items_purged_floors":[22],"is_endless":false,"potions_floor_spawned":[4,10,14,16,27,31],"killed_by":"Automaton","ascension_level":5}}