{"host":"eoar8rbrvmits2sz","time":1614442849,"event":{"mods":["BaseMod","Minty Spire (QoL Compilation)","Rare Cards Sparkle"],"gold_per_floor":[117,42,42,42,42,42,70,70,70,105,115,126,142,176,176,255,255,274,274,191,191,206,206,232,232,232,260,260,275,288,302,302,379,379,390,390,150,163,180,199,217,247,247,247,280,300,333,333,333,333,333],"floor_reached":52,"language":"ENG","playtime":3227,"items_purged":["Strike_R","Bite"],"score":2125,"play_id":"e349fcc7-3cc1-4e5a-8e0b-984ae68d42d0","local_time":"20210227102049","is_ascension_mode":true,"campfire_choices":[{"data":"Sword Boomerang","floor":6,"key":"SMITH"},{"data":"Flex","floor":8,"key":"SMITH"},{"data":"Disarm","floor":15,"key":"SMITH"},{"data":"Immolate","floor":23,"key":"SMITH"},{"data":"True Grit","floor":28,"key":"SMITH"},{"data":"Spot Weakness","floor":32,"key":"SMITH"},{"data":"Dark Embrace","floor":49,"key":"SMITH"}],"circlet_count":0,"master_deck":["AscendersBane","Defend_R+1","Defend_R+1","Defend_R+1","Bash+1","Sword Boomerang+1","Flex+1","True Grit","Corruption","Disarm+1","Spot Weakness+1","Immolate+1","Offering","Bite","Bite","Bite","Power Through","Dark Embrace+1","Sword Boomerang+1","Bloodletting","True Grit+1","Battle Trance","Entrench","Fiend Fire","Spot Weakness","True Grit","Blood for Blood+1","Armaments","Pummel","The Bomb","Disarm+1"],"relics":["Burning Blood","NeowsBlessing","Pocketwatch","TungstenRod","Omamori","Peace Pipe","Runic Pyramid","Tiny Chest","Bottled Tornado","Regal Pillow","Cursed Key","Bag of Marbles","Calipers","Mercury Hourglass","Eternal Feather"],"acts_visited":["Exordium","TheCity","TheBeyond"],"potions_floor_usage":[14,27,33,38,39,40,50],"damage_taken":[{"damage":0,"enemies":"2 Louse","floor":1,"turns":1},{"damage":0,"enemies":"Lagavulin","floor":7,"turns":1},{"damage":0,"enemies":"3 Sentries","floor":10,"turns":1},{"damage":4,"enemies":"Small Slimes","floor":11,"turns":3},{"damage":0,"enemies":"Jaw Worm","floor":12,"turns":3},{"damage":0,"enemies":"2 Fungi Beasts","floor":13,"turns":3},{"damage":13,"enemies":"Gremlin Nob","floor":14,"turns":3},{"damage":28,"enemies":"The Guardian","floor":16,"turns":9},{"damage":18,"enemies":"Shell Parasite","floor":18,"turns":2},{"damage":14,"enemies":"Chosen","floor":22,"turns":7},{"damage":30,"enemies":"Book of Stabbing","floor":24,"turns":6},{"damage":27,"enemies":"Slavers","floor":27,"turns":5},{"damage":7,"enemies":"3 Cultists","floor":29,"turns":4},{"damage":7,"enemies":"Snake Plant","floor":30,"turns":4},{"damage":11,"enemies":"Sentry and Sphere","floor":31,"turns":5},{"damage":14,"enemies":"Automaton","floor":33,"turns":8},{"damage":7,"enemies":"Orb Walker","floor":35,"turns":3},{"damage":19,"enemies":"3 Shapes","floor":38,"turns":5},{"damage":11,"enemies":"3 Darklings","floor":39,"turns":4},{"damage":12,"enemies":"Sphere and 2 Shapes","floor":40,"turns":3},{"damage":5,"enemies":"Maw","floor":41,"turns":6},{"damage":9,"enemies":"Giant Head","floor":42,"turns":6},{"damage":12,"enemies":"Reptomancer","floor":45,"turns":4},{"damage":23,"enemies":"3 Darklings","floor":46,"turns":4},{"damage":14,"enemies":"Giant Head","floor":47,"turns":4},{"damage":29,"enemies":"Awakened One","floor":50,"turns":8},{"damage":38,"enemies":"Donu and Deca","floor":51,"turns":5}],"seed_played":"-7816114859949757426","potions_obtained":[{"floor":1,"key":"Ancient Potion"},{"floor":14,"key":"EntropicBrew"},{"floor":16,"key":"FearPotion"},{"floor":18,"key":"LiquidMemories"},{"floor":29,"key":"PowerPotion"},{"floor":33,"key":"DistilledChaos"},{"floor":41,"key":"BloodPotion"},{"floor":42,"key":"Energy Potion"}],"is_trial":false,"path_per_floor":["M","$","?","?","?","R","E","R","T","E","M","M","M","E","R","B",null,"M","?","$","?","M","R","E","?","T","E","R","M","M","M","R","B",null,"M","?","$","M","M","M","M","E","T","?","E","M","E","T","R","B","B",null],"character_chosen":"IRONCLAD","items_purchased":["Power Through","Spot Weakness","True Grit"],"campfire_rested":0,"item_purchase_floors":[20,37,37],"current_hp_per_floor":[74,74,79,79,55,55,61,61,61,67,69,75,80,73,73,51,73,61,56,56,56,52,52,40,40,40,29,29,40,55,56,56,56,56,56,56,56,49,56,55,56,56,56,56,52,45,39,39,56,53,23],"gold":333,"neow_bonus":"THREE_ENEMY_KILL","is_daily":false,"chose_seed":false,"campfire_upgraded":7,"win_rate":0.0,"timestamp":1614442849,"path_taken":["M","$","?","?","?","R","E","R","T","E","M","M","M","E","R","BOSS","M","?","$","?","M","R","E","?","T","E","R","M","M","M","R","BOSS","M","?","$","M","M","M","M","E","T","?","E","M","E","?","R","BOSS","BOSS"],"items_purchased_type":["Card","Card","Card"],"build_version":"2020-12-22","purchased_purges":2,"victory":true,"max_hp_per_floor":[75,75,80,80,80,80,80,80,80,80,80,80,80,80,80,80,80,80,56,56,56,56,56,56,56,56,56,56,56,56,56,56,56,56,56,56,56,56,56,56,56,56,56,56,56,56,56,56,56,56,56],"card_choices":[{"not_picked":["Clash","Thunderclap"],"picked":"Sword Boomerang","floor":1},{"not_picked":["Sword Boomerang","Body Slam"],"picked":"Flex","floor":7},{"not_picked":["Dark Embrace","Warcry"],"picked":"True Grit","floor":10},{"not_picked":["Havoc","Hemokinesis"],"picked":"Corruption","floor":11},{"not_picked":["Headbutt","Anger"],"picked":"Disarm","floor":12},{"not_picked":["Uppercut","Intimidate"],"picked":"Spot Weakness","floor":13},{"not_picked":["Anger","Shrug It Off"],"picked":"Immolate","floor":14},{"not_picked":["Demon Form","Juggernaut"],"picked":"Offering","floor":16},{"not_picked":["Cleave","Armaments","Clothesline"],"picked":"SKIP","floor":18},{"not_picked":["Shrug It Off","Sword Boomerang"],"picked":"Dark Embrace","floor":22},{"not_picked":["Dual Wield","Twin Strike"],"picked":"Sword Boomerang+1","floor":24},{"not_picked":["Thunderclap","Sever Soul+1"],"picked":"True Grit","floor":27},{"not_picked":["Rupture","Body Slam","Clothesline"],"picked":"SKIP","floor":29},{"not_picked":["Wild Strike","Whirlwind"],"picked":"Battle Trance","floor":30},{"not_picked":["Clothesline","Anger+1"],"picked":"Entrench","floor":31},{"not_picked":["Offering","Immolate"],"picked":"Fiend Fire","floor":33},{"not_picked":["Clash","Sword Boomerang+1","Clothesline"],"picked":"SKIP","floor":35},{"not_picked":["Twin Strike","Perfected Strike","Sever Soul"],"picked":"SKIP","floor":38},{"not_picked":["Twin Strike","Warcry"],"picked":"Blood for Blood+1","floor":39},{"not_picked":["Blood for Blood","Fire Breathing"],"picked":"Armaments","floor":40},{"not_picked":["Hemokinesis","Battle Trance","Carnage"],"picked":"SKIP","floor":41},{"not_picked":["Uppercut","Warcry+1"],"picked":"Pummel","floor":42},{"not_picked":["Metallicize","Warcry","Flex"],"picked":"SKIP","floor":45},{"not_picked":["Battle Trance","Sword Boomerang","Havoc"],"picked":"SKIP","floor":46},{"not_picked":["Cleave","Corruption"],"picked":"Disarm+1","floor":47}],"player_experience":1006085,"relics_obtained":[{"floor":7,"key":"Pocketwatch"},{"floor":9,"key":"TungstenRod"},{"floor":10,"key":"Omamori"},{"floor":14,"key":"Peace Pipe"},{"floor":24,"key":"Tiny Chest"},{"floor":26,"key":"Bottled Tornado"},{"floor":27,"key":"Regal Pillow"},{"floor":42,"key":"Bag of Marbles"},{"floor":45,"key":"Calipers"},{"floor":47,"key":"Mercury Hourglass"},{"floor":48,"key":"Eternal Feather"}],"event_choices":[{"damage_healed":0,"gold_gain":0,"player_choice":"Donut","damage_taken":0,"max_hp_gain":5,"max_hp_loss":0,"event_name":"Big Fish","floor":3,"gold_loss":0},{"damage_healed":0,"gold_gain":0,"player_choice":"Grow","damage_taken":0,"max_hp_gain":0,"max_hp_loss":0,"event_name":"Living Wall","floor":4,"gold_loss":0,"cards_upgraded":["Bash"]},{"damage_healed":0,"gold_gain":0,"player_choice":"Entered Light","damage_taken":24,"max_hp_gain":0,"max_hp_loss":0,"event_name":"Shining Light","floor":5,"gold_loss":0,"cards_upgraded":["Strike_R","Defend_R"]},{"damage_healed":0,"gold_gain":0,"player_choice":"Became a vampire","damage_taken":0,"max_hp_gain":0,"max_hp_loss":24,"event_name":"Vampires","floor":19,"gold_loss":0,"cards_obtained":["Bite","Bite","Bite","Bite","Bite"]},{"damage_healed":0,"gold_gain":0,"player_choice":"Simplicity","damage_taken":0,"max_hp_gain":0,"max_hp_loss":0,"event_name":"Back to Basics","floor":21,"gold_loss":0,"cards_upgraded":["Defend_R","Defend_R","Defend_R"]},{"damage_healed":0,"gold_gain":0,"player_choice":"Read","damage_taken":0,"max_hp_gain":0,"max_hp_loss":0,"event_name":"The Library","floor":25,"gold_loss":0,"cards_obtained":["Bloodletting"]},{"cards_removed":["Defend_R"],"damage_healed":0,"gold_gain":0,"player_choice":"Removed Skill","damage_taken":0,"max_hp_gain":0,"max_hp_loss":0,"event_name":"Falling","floor":36,"gold_loss":0},{"damage_healed":0,"gold_gain":0,"cards_transformed":["Bite"],"player_choice":"Transformed","damage_taken":0,"max_hp_gain":0,"max_hp_loss":0,"event_name":"Transmorgrifier","floor":44,"gold_loss":0,"cards_obtained":["The Bomb"]}],"is_beta":false,"boss_relics":[{"not_picked":["Velvet Choker","Tiny House"],"picked":"Runic Pyramid"},{"not_picked":["SlaversCollar","Philosopher\u0027s Stone"],"picked":"Cursed Key"}],"items_purged_floors":[2,37],"is_endless":false,"potions_floor_spawned":[1,14,16,18,29,30,31,33,35,41,42,46],"ascension_level":20}}