{"host":"wik2u884rt5bbues","time":1614457132,"event":{"mods":["AchievementEnabler","BaseMod","Colored Map","Colored Powertips","DeckTracker","Googly Eyes","Minty Spire (QoL Compilation)","Permanent Neow","Quick Restart","Shop Mod","StSLib","SuperFastMode"],"gold_per_floor":[116,131,150,75,90,90,90,110,110,120,120,153,153,153,153,153,153],"floor_reached":16,"language":"ENG","playtime":591,"items_purged":["Strike_R"],"score":102,"play_id":"9f82c761-4b2e-4306-b106-73fd75bcf7c0","local_time":"20210227201852","is_ascension_mode":false,"campfire_choices":[{"data":"Shrug It Off","floor":6,"key":"SMITH"},{"floor":13,"key":"RECALL"},{"floor":15,"key":"REST"}],"circlet_count":0,"master_deck":["Strike_R","Strike_R","Strike_R","Defend_R","Defend_R","Defend_R","Defend_R","Bash","Shrug It Off+1"],"relics":["Burning Blood","Blood Vial","Self Forming Clay"],"acts_visited":["Exordium"],"potions_floor_usage":[12,12],"damage_taken":[{"damage":5,"enemies":"2 Louse","floor":1,"turns":2},{"damage":3,"enemies":"Small Slimes","floor":2,"turns":4},{"damage":1,"enemies":"Jaw Worm","floor":3,"turns":4},{"damage":4,"enemies":"2 Fungi Beasts","floor":5,"turns":7},{"damage":5,"enemies":"3 Louse","floor":8,"turns":5},{"damage":4,"enemies":"Blue Slaver","floor":10,"turns":4},{"damage":28,"enemies":"3 Sentries","floor":12,"turns":14},{"damage":51,"enemies":"Slime Boss","floor":16,"turns":10}],"seed_played":"-4759864868466914235","potions_obtained":[{"floor":2,"key":"Regen Potion"},{"floor":3,"key":"Block Potion"},{"floor":5,"key":"SkillPotion"}],"is_trial":false,"path_per_floor":["M","M","M","$","M","R","$","M","T","M","?","E","R","?","R","B"],"character_chosen":"IRONCLAD","items_purchased":[],"campfire_rested":1,"item_purchase_floors":[],"current_hp_per_floor":[80,80,80,80,80,80,80,80,80,80,77,72,72,77,85,34,34],"gold":153,"neow_bonus":"REMOVE_CARD","is_daily":false,"chose_seed":false,"campfire_upgraded":1,"win_rate":0.0,"timestamp":1614457132,"path_taken":["M","M","M","$","M","R","$","M","T","M","?","E","R","?","R","BOSS"],"items_purchased_type":[],"build_version":"2020-12-22","purchased_purges":1,"victory":false,"max_hp_per_floor":[80,80,80,80,80,80,80,80,80,80,80,80,80,85,85,85,85],"card_choices":[{"not_picked":["Body Slam","Pommel Strike"],"picked":"Shrug It Off","floor":1},{"not_picked":["Disarm","Sword Boomerang","Shrug It Off"],"picked":"SKIP","floor":2},{"not_picked":["Body Slam","Anger","Entrench"],"picked":"SKIP","floor":3},{"not_picked":["Anger","Rupture","Body Slam"],"picked":"SKIP","floor":5},{"not_picked":["Cleave","Twin Strike","Feel No Pain"],"picked":"SKIP","floor":8},{"not_picked":["Cleave","Headbutt","Second Wind"],"picked":"SKIP","floor":10},{"not_picked":["Intimidate","Pommel Strike","Power Through"],"picked":"SKIP","floor":12}],"player_experience":380870,"relics_obtained":[{"floor":12,"key":"Self Forming Clay"}],"event_choices":[{"damage_healed":0,"gold_gain":0,"player_choice":"Success","damage_taken":3,"relics_obtained":["Blood Vial"],"max_hp_gain":0,"max_hp_loss":0,"event_name":"Scrap Ooze","floor":11,"gold_loss":0},{"damage_healed":0,"gold_gain":0,"player_choice":"Donut","damage_taken":0,"max_hp_gain":5,"max_hp_loss":0,"event_name":"Big Fish","floor":14,"gold_loss":0}],"is_beta":false,"boss_relics":[],"items_purged_floors":[4],"is_endless":false,"potions_floor_spawned":[2,3,5,10],"killed_by":"Slime Boss","ascension_level":0}}