{"host":"0rxdudjy6rylha1k","time":1614436245,"event":{"mods":["Aspiration","BaseMod","Colored Map","Colored Powertips","Downfall","Highlight Path","Hubris","Minty Spire (QoL Compilation)","StSLib"],"gold_per_floor":[99,117,217,17,30,30,54,66,85,85,33,64,2,20,30,127,127,27,27,39,62,75,75,75,86,113,124,150,11,11,11,21,124,124,24,39,56,406,420,320,366,376,406,426,426,456,456,482,500,500,500,528,13,13,13,13,13],"floor_reached":55,"language":"ENG","playtime":5555,"items_purged":[],"score":1019,"play_id":"1f46d007-60d5-41fd-a6ed-b70f1de44bb6","local_time":"20210227073045","is_ascension_mode":true,"campfire_choices":[{"floor":1.0,"key":"RECALL"},{"data":"expansioncontent:StudyTheSpire","floor":6.0,"key":"SMITH"},{"data":"champ:PerfectedStrike","floor":10.0,"key":"SMITH"},{"data":"champ:PerfectedStrike","floor":18.0,"key":"SMITH"},{"data":"champ:Duel","floor":23.0,"key":"SMITH"},{"data":"champ:Taunt","floor":40,"key":"SMITH"},{"data":"hubris:DuctTapeCard","floor":45,"key":"SMITH"},{"data":"Adrenaline","floor":47,"key":"SMITH"},{"data":"champ:PerfectedStrike","floor":54,"key":"SMITH"}],"circlet_count":0,"master_deck":["champ:Strike","champ:Strike","champ:Strike","champ:Strike","champ:Defend","champ:Defend+1","champ:Defend","champ:Defend","champ:Execute","champ:Taunt+1","champ:Duel+1","champ:PerfectedStrike+1","champ:DeathBlow","champ:DefensiveShout+1","champ:DefensiveShout","champ:EnchantCrown","champ:ShieldWall","champ:HeavySlash","champ:PerfectedStrike+1","champ:PreciseThrust","champ:Parry","champ:HoldFirm","Eviscerate+1","Crippling Poison+1","Footwork+1","Adrenaline+1","champ:PerfectedStrike+1","Backstab+1","hubris:DuctTapeCard+2","champ:ShieldWall","champ:IgnorePain"],"relics":["Snecko Eye","hubris:SphereOfDissonance","aspiration:SilentSkillbook","downfall:HeartBlessingRed","Dream Catcher","Pear","aspiration:ArtOfWarUpgrade","Omamori","Lee\u0027s Waffle","aspiration:PoetsPen_weak","downfall:HeartBlessingGreen","Old Coin","downfall:HeartBlessingBlue","Toy Ornithopter","hubris:DuctTape","Strawberry","Boot","War Paint","hubris:Potato","aspiration:ChemicalBlood"],"acts_visited":["Exordium","TheCity","TheBeyond","TheEnding"],"potions_floor_usage":[42,44,46,46,55],"damage_taken":[{"damage":20.0,"enemies":"2 Louse","floor":2.0,"turns":3.0},{"damage":30.0,"enemies":"downfall:FleeingMerchant","floor":4.0,"turns":4.0},{"damage":10.0,"enemies":"Cultist","floor":5.0,"turns":3.0},{"damage":30.0,"enemies":"Jaw Worm","floor":8.0,"turns":3.0},{"damage":24.0,"enemies":"Exordium Thugs","floor":9.0,"turns":3.0},{"damage":40.0,"enemies":"downfall:FleeingMerchant","floor":11.0,"turns":4.0},{"damage":24.0,"enemies":"3 Sentries","floor":12.0,"turns":6.0},{"damage":35.0,"enemies":"downfall:FleeingMerchant","floor":13.0,"turns":4.0},{"damage":0.0,"enemies":"Lots of Slimes","floor":14.0,"turns":4.0},{"damage":0.0,"enemies":"Blue Slaver","floor":15.0,"turns":2.0},{"damage":20.0,"enemies":"DF_ARCHETYPE_STREAMLINE","floor":16.0,"turns":4.0},{"damage":10.0,"enemies":"Shell Parasite","floor":20.0,"turns":2.0},{"damage":20.0,"enemies":"downfall:LooterAlt2","floor":22.0,"turns":2.0},{"damage":5.0,"enemies":"Centurion and Healer","floor":25.0,"turns":3.0},{"damage":30.0,"enemies":"Gremlin Leader","floor":26.0,"turns":3.0},{"damage":10.0,"enemies":"Shelled Parasite and Fungi","floor":27.0,"turns":2.0},{"damage":0.0,"enemies":"Book of Stabbing","floor":28.0,"turns":2.0},{"damage":5.0,"enemies":"downfall:FleeingMerchant","floor":29.0,"turns":4.0},{"damage":0.0,"enemies":"Snake Plant","floor":32.0,"turns":2.0},{"damage":20.0,"enemies":"SI_MIRROR_ARCHETYPE","floor":33.0,"turns":5.0},{"damage":10.0,"enemies":"3 Darklings","floor":36.0,"turns":3.0},{"damage":6.0,"enemies":"Orb Walker","floor":37.0,"turns":3.0},{"damage":10.0,"enemies":"Orb Walker","floor":38.0,"turns":3.0},{"damage":6.0,"enemies":"Jaw Worm Horde","floor":39.0,"turns":3.0},{"damage":20,"enemies":"3 Darklings","floor":42,"turns":2},{"damage":26,"enemies":"Nemesis","floor":43,"turns":5},{"damage":20,"enemies":"4 Shapes","floor":44,"turns":3},{"damage":18,"enemies":"Reptomancer","floor":46,"turns":4},{"damage":13,"enemies":"Giant Head","floor":48,"turns":5},{"damage":36,"enemies":"Spire Growth","floor":49,"turns":3},{"damage":10,"enemies":"WA_ARCHETYPE_DIVINITY","floor":50,"turns":4},{"damage":25,"enemies":"downfall:CharBossMerchant","floor":52,"turns":5},{"damage":141,"enemies":"downfall:NeowBoss","floor":55,"turns":15}],"seed_played":"-987249774173405523","potions_obtained":[{"floor":5.0,"key":"Fire Potion"},{"floor":9.0,"key":"hexamod:SoulburnPotion"},{"floor":12.0,"key":"EssenceOfSteel"},{"floor":15.0,"key":"Explosive Potion"},{"floor":16.0,"key":"ColorlessPotion"},{"floor":25.0,"key":"ColorlessPotion"},{"floor":26.0,"key":"champ:OpenerPotion"},{"floor":27.0,"key":"Fire Potion"},{"floor":32.0,"key":"GamblersBrew"},{"floor":36.0,"key":"ColorlessPotion"},{"floor":38.0,"key":"champ:CounterPotion"},{"floor":43,"key":"LiquidMemories"},{"floor":44,"key":"hexamod:SoulburnPotion"}],"is_trial":false,"path_per_floor":["R","M","?","$","M","R","T","M","M","R","$","E","$","M","M","B",null,"R","?","M","T","M","R","T","M","E","M","E","$","R","?","M","B",null,"R","M","M","?","M","R","T","M","E","M","R","E","R","E","M","B",null,"E","$","R","B"],"character_chosen":"THE_CHAMP","items_purchased":["expansioncontent:StudyTheSpire","champ:ShieldWall","champ:PreciseThrust","Lee\u0027s Waffle","Adrenaline","GamblersBrew","Weak Potion","LiquidBronze","hubris:Potato","aspiration:ChemicalBlood","PowerPotion"],"campfire_rested":0,"item_purchase_floors":[4,11,13,29,29,29,29,29,53,53,53],"current_hp_per_floor":[90,90,90,90,90,90,90,90,76,76,66,62,62,62,62,57,90,90,90,90,90,90,90,100,95,80,80,80,107,107,92,92,92,107,107,107,101,101,95,105,105,110,94,89,89,98,98,95,79,79,124,119,119,119,0,0,0],"gold":13,"neow_bonus":"BOSS_RELIC","is_daily":false,"chose_seed":false,"campfire_upgraded":8,"win_rate":0.0,"timestamp":1614436245,"path_taken":["R","M","?","$","M","R","T","M","M","R","?","E","$","M","M","BOSS","R","?","M","?","?","R","T","M","E","M","E","$","R","?","M","BOSS","R","M","M","?","M","R","T","M","E","M","R","E","R","E","M","BOSS","E","$","R","BOSS"],"items_purchased_type":["Card","Card","Card","Relic","Card","Potion","Potion","Potion","Relic","Relic","Potion"],"build_version":"2020-12-22","purchased_purges":0,"victory":false,"max_hp_per_floor":[90,90,90,90,90,90,90,90,90,90,90,90,90,90,90,90,90,90,90,90,90,90,90,100,100,100,100,100,107,107,107,107,107,107,107,107,107,107,107,117,117,117,117,117,117,124,124,124,124,124,124,124,124,124,124,124,124],"card_choices":[{"not_picked":["champ:Shatter","champ:ShieldSigil"],"picked":"champ:Duel","floor":2.0},{"not_picked":["champ:EnragedBash","champ:CrownThrow"],"picked":"champ:PerfectedStrike","floor":4.0},{"not_picked":["champ:StanceDance","champ:EnGarde"],"picked":"champ:DeathBlow","floor":5.0},{"not_picked":["champ:CrookedStrike","champ:FlashCut"],"picked":"champ:DefensiveShout","floor":8.0},{"not_picked":["champ:GutPunch","champ:Backstep"],"picked":"champ:DefensiveShout","floor":9.0},{"not_picked":["champ:ShieldWall","champ:Haymaker"],"picked":"champ:EnchantCrown","floor":11.0},{"not_picked":["champ:FlashCut","champ:CrownThrow"],"picked":"champ:HeavySlash","floor":12.0},{"not_picked":["champ:DeathBlow","champ:Parry"],"picked":"champ:PerfectedStrike","floor":13.0},{"not_picked":["champ:GutPunch","champ:PreciseThrust"],"picked":"champ:Parry","floor":14.0},{"not_picked":["champ:Parry","champ:GutPunch","champ:PreciseThrust"],"picked":"SKIP","floor":15.0},{"not_picked":["champ:MurderStrike","champ:GladiatorForm"],"picked":"champ:HoldFirm","floor":16.0},{"not_picked":["Cloak And Dagger","champ:FancyFootwork+1","champ:BerserkersShout+1"],"picked":"Eviscerate+1","floor":20.0},{"not_picked":["champ:PreemptiveStrike+1","champ:Lariat","Flying Knee","champ:PreciseThrust"],"picked":"SKIP","floor":22.0},{"not_picked":["champ:FanOfKnives","champ:LastStand","champ:Backstep+1"],"picked":"Crippling Poison+1","floor":25.0},{"not_picked":["Cloak And Dagger","champ:ShieldThrow","Acrobatics+1"],"picked":"Footwork+1","floor":26.0},{"not_picked":["champ:GutPunch","champ:CrownThrow+1","Caltrops+1","champ:FocusedDefense"],"picked":"SKIP","floor":27.0},{"not_picked":["champ:DefensiveStyle+1","Dagger Spray+1","Backflip","champ:AdrenalArmor+1"],"picked":"SKIP","floor":28.0},{"not_picked":["Finisher","Eviscerate","champ:ArenaPreparation","Expertise"],"picked":"SKIP","floor":29.0},{"not_picked":["champ:PreciseThrust","champ:StanceDance+1","PiercingWail"],"picked":"champ:PerfectedStrike","floor":32.0},{"not_picked":["champ:MurderStrike","champ:UltimateStance","champ:SwordThrow"],"picked":"champ:StrikeOfGenius","floor":33.0},{"not_picked":["Deflect","Finisher+1","champ:Backstep+1","champ:FocusedBerserking+1"],"picked":"SKIP","floor":36.0},{"not_picked":["Flechettes+1","champ:FalseCounter","champ:BringItOn","Bane+1"],"picked":"SKIP","floor":37.0},{"not_picked":["champ:ViciousMockery+1","Tactician+1","Dodge and Roll+1"],"picked":"Backstab+1","floor":39.0},{"not_picked":["champ:Backstep","Caltrops+1","Acrobatics","champ:Parry+1"],"picked":"SKIP","floor":42},{"not_picked":["hubris:SlightOfHand+1","aspiration:Lunge","Expertise+1","champ:PreciseThrust+1"],"picked":"SKIP","floor":43},{"not_picked":["champ:Shatter","champ:EnGarde+1","Well Laid Plans","Finisher"],"picked":"SKIP","floor":44},{"not_picked":["champ:Lariat+1","champ:IronFortress","hubris:Counter"],"picked":"champ:ShieldWall","floor":46},{"not_picked":["Deadly Poison+1","champ:FaceSlap+1","Well Laid Plans","Tactician+1"],"picked":"SKIP","floor":48},{"not_picked":["hubris:SlightOfHand","Bane+1","Dodge and Roll"],"picked":"champ:IgnorePain","floor":49},{"not_picked":["Dagger Throw+1","Acrobatics+1","champ:Haymaker","champ:EndlessRage+1"],"picked":"SKIP","floor":52}],"player_experience":3077080,"relics_obtained":[{"floor":12.0,"key":"hubris:SphereOfDissonance"},{"floor":21.0,"key":"Dream Catcher"},{"floor":24.0,"key":"Pear"},{"floor":26.0,"key":"Art of War"},{"floor":28.0,"key":"Omamori"},{"floor":38.0,"key":"Old Coin"},{"floor":41,"key":"Toy Ornithopter"},{"floor":43,"key":"hubris:DuctTape"},{"floor":46,"key":"Strawberry"},{"floor":48,"key":"Boot"},{"floor":52,"key":"War Paint"}],"event_choices":[],"is_beta":false,"boss_relics":[{"not_picked":["aspiration:SecretTechniqueScroll","Calling Bell"],"picked":"aspiration:SilentSkillbook"},{"not_picked":["hubris:HollowSoul","hubris:TerracottaHorce"],"picked":"aspiration:PoetsPen_weak"}],"items_purged_floors":[],"is_endless":false,"potions_floor_spawned":[5,9,12,15,16,25,26,27,32,36,38,43,44],"killed_by":"downfall:NeowBoss","ascension_level":1}}