{"host":"sav7uxregyirlf69","time":1614440197,"event":{"mods":["AchievementEnabler","BaseMod","Colored Map","DeckTracker","Keyboard Shortcuts","Minty Spire (QoL Compilation)","READ ME - Guardian Mod","StSLib","SuperFastMode"],"gold_per_floor":[119,139,154,164,164,197,197,208,278,278,295,310,336,356,356,356,356],"floor_reached":16,"language":"KOR","playtime":262,"items_purged":[],"score":232,"play_id":"6947d2e2-0882-4e35-bdb6-d315c515f4f1","local_time":"20210228003637","is_ascension_mode":true,"campfire_choices":[{"data":"Skewer","floor":7.0,"key":"SMITH"},{"data":"Neutralize","floor":10.0,"key":"SMITH"},{"data":"Blade Dance","floor":15.0,"key":"SMITH"}],"circlet_count":0,"master_deck":["AscendersBane","Strike_G","Strike_G","Strike_G","Strike_G","Strike_G","Defend_G","Defend_G","Defend_G","Defend_G","Defend_G","Survivor","Neutralize+1","Skewer+1","Flying Knee","Outmaneuver","Blade Dance+1","Backflip"],"relics":["Ring of the Snake","NeowsBlessing","Blue Candle","Kunai","Ice Cream"],"acts_visited":["Exordium"],"potions_floor_usage":[16],"damage_taken":[{"damage":0.0,"enemies":"Small Slimes","floor":1.0,"turns":1.0},{"damage":0.0,"enemies":"Cultist","floor":2.0,"turns":1.0},{"damage":0.0,"enemies":"2 Louse","floor":3.0,"turns":1.0},{"damage":12.0,"enemies":"Red Slaver","floor":4.0,"turns":5.0},{"damage":32.0,"enemies":"3 Sentries","floor":6.0,"turns":8.0},{"damage":1.0,"enemies":"Looter","floor":8.0,"turns":2.0},{"damage":3.0,"enemies":"Exordium Wildlife","floor":11.0,"turns":4.0},{"damage":1.0,"enemies":"3 Louse","floor":12.0,"turns":3.0},{"damage":2.0,"enemies":"Gremlin Nob","floor":13.0,"turns":3.0},{"damage":4.0,"enemies":"Red Slaver","floor":14.0,"turns":4.0},{"damage":21,"enemies":"Hexaghost","floor":16,"turns":9}],"seed_played":"-8229389354608778199","potions_obtained":[{"floor":3.0,"key":"Strength Potion"},{"floor":5.0,"key":"Regen Potion"},{"floor":12.0,"key":"SteroidPotion"},{"floor":13.0,"key":"SteroidPotion"}],"is_trial":false,"path_per_floor":["M","M","M","M","?","E","R","M","T","R","M","M","E","M","R","B"],"character_chosen":"THE_SILENT","items_purchased":[],"campfire_rested":0,"item_purchase_floors":[],"current_hp_per_floor":[59,59,59,47,47,30,30,29,29,29,26,25,23,19,19,0,0],"gold":356,"neow_bonus":"THREE_ENEMY_KILL","is_daily":false,"chose_seed":false,"campfire_upgraded":3,"win_rate":0.0,"timestamp":1614440197,"path_taken":["M","M","M","M","?","E","R","M","T","R","?","M","E","M","R","BOSS"],"items_purchased_type":[],"build_version":"2020-12-22","purchased_purges":0,"victory":false,"max_hp_per_floor":[66,66,66,66,66,66,66,66,66,66,66,66,66,66,66,66,66],"card_choices":[{"not_picked":["Flying Knee","Acrobatics"],"picked":"Skewer","floor":1.0},{"not_picked":["Acrobatics","Deflect","Sucker Punch"],"picked":"SKIP","floor":2.0},{"not_picked":["Prepared","Outmaneuver"],"picked":"Flying Knee","floor":3.0},{"not_picked":["Deflect","Cloak And Dagger"],"picked":"Outmaneuver","floor":4.0},{"not_picked":["Storm of Steel","Prepared","Quick Slash"],"picked":"SKIP","floor":6.0},{"not_picked":["Dodge and Roll","Crippling Poison"],"picked":"Blade Dance","floor":8.0},{"not_picked":["Deflect","Predator"],"picked":"Backflip","floor":11.0},{"not_picked":["All Out Attack","Dodge and Roll","Quick Slash"],"picked":"SKIP","floor":12.0},{"not_picked":["Slice","Grand Finale","Predator"],"picked":"SKIP","floor":13.0},{"not_picked":["Slice","Riddle With Holes","Crippling Poison"],"picked":"SKIP","floor":14.0}],"player_experience":1721419,"relics_obtained":[{"floor":6.0,"key":"Blue Candle"},{"floor":9.0,"key":"Kunai"},{"floor":13.0,"key":"Ice Cream"}],"event_choices":[{"damage_healed":0.0,"max_hp_gain":0.0,"max_hp_loss":0.0,"gold_gain":0.0,"event_name":"Lab","player_choice":"Got Potions","floor":5.0,"gold_loss":0.0,"damage_taken":0.0}],"is_beta":false,"boss_relics":[],"items_purged_floors":[],"is_endless":false,"potions_floor_spawned":[3,12,13],"killed_by":"Hexaghost","ascension_level":20}}