{"host":"2ty4h143nj8vwezc","time":1614443956,"event":{"mods":["BaseMod","Colored Map","Googly Eyes","Highlight Path","Minty Spire (QoL Compilation)","Quick Restart","StSLib"],"gold_per_floor":[109,109,109,109,129,129,156,168,232,274,286,313,351,376,388,475,487,518,549,561,573,604,642,654,682,694,440,460,460,460],"floor_reached":29,"language":"ENG","playtime":1461,"items_purged":["Meteor Strike"],"score":533,"play_id":"e02395d6-19ae-4741-8281-7c28fc3f328c","local_time":"20210227113916","is_ascension_mode":true,"campfire_choices":[{"data":"Conserve Battery","floor":6,"key":"SMITH"},{"floor":8,"key":"REST"},{"floor":11,"key":"REST"},{"floor":15,"key":"REST"},{"floor":24,"key":"REST"}],"circlet_count":0,"master_deck":["AscendersBane","Zap","Dualcast","Conserve Battery+1","Leap","Leap","Rainbow","Melter","Beam Cell","Glacier","Rainbow","Streamline","Skim","Chaos","Fission","Reinforced Body","Leap","Chill","Force Field","Skim","Beam Cell","Beam Cell","Stack","Self Repair","Bandage Up","Go for the Eyes"],"relics":["Cracked Core","NeowsBlessing","Pantograph","MealTicket","MawBank","Lantern","Thread and Needle","Nunchaku","Pandora\u0027s Box","Letter Opener","Bottled Lightning"],"acts_visited":["Exordium","TheCity"],"potions_floor_usage":[10,16,23,23,28],"damage_taken":[{"damage":0,"enemies":"Jaw Worm","floor":1,"turns":1},{"damage":0,"enemies":"2 Louse","floor":5,"turns":1},{"damage":0,"enemies":"Lagavulin","floor":7,"turns":1},{"damage":45,"enemies":"Gremlin Nob","floor":10,"turns":5},{"damage":0,"enemies":"Cultist","floor":12,"turns":4},{"damage":19,"enemies":"3 Sentries","floor":13,"turns":9},{"damage":0,"enemies":"Exordium Thugs","floor":14,"turns":3},{"damage":41,"enemies":"The Guardian","floor":16,"turns":18},{"damage":17,"enemies":"Shell Parasite","floor":18,"turns":8},{"damage":7,"enemies":"Chosen","floor":19,"turns":5},{"damage":1,"enemies":"Sentry and Sphere","floor":22,"turns":8},{"damage":3,"enemies":"Slavers","floor":23,"turns":8},{"damage":50,"enemies":"Shelled Parasite and Fungi","floor":25,"turns":7},{"damage":13,"enemies":"Snecko","floor":28,"turns":8},{"damage":24,"enemies":"3 Cultists","floor":29,"turns":5}],"seed_played":"3604861888123258511","potions_obtained":[{"floor":5,"key":"SkillPotion"},{"floor":7,"key":"PotionOfCapacity"},{"floor":14,"key":"Explosive Potion"},{"floor":16,"key":"LiquidBronze"},{"floor":19,"key":"PowerPotion"},{"floor":25,"key":"PowerPotion"}],"is_trial":false,"path_per_floor":["M","?","?","T","M","R","E","R","T","E","R","M","E","M","R","B",null,"M","M","?","?","M","E","R","M","T","$","M","M"],"character_chosen":"DEFECT","items_purchased":["Stack","Self Repair","Bandage Up"],"campfire_rested":4,"item_purchase_floors":[27,27,27],"current_hp_per_floor":[64,38,38,38,38,38,38,59,59,14,35,35,16,16,37,21,59,42,35,35,35,34,31,52,2,2,17,11,0,0],"gold":460,"neow_bonus":"THREE_ENEMY_KILL","is_daily":false,"chose_seed":false,"campfire_upgraded":1,"win_rate":0.0,"timestamp":1614443956,"path_taken":["M","?","?","?","M","R","E","R","T","E","R","?","E","M","R","BOSS","M","M","?","?","M","E","R","M","T","$","M","M"],"items_purchased_type":["Card","Card","Card"],"build_version":"2020-12-22","purchased_purges":1,"victory":false,"max_hp_per_floor":[71,71,71,71,71,71,71,71,71,71,71,71,71,71,71,71,71,71,71,71,71,71,71,71,71,71,71,71,71,71],"card_choices":[{"not_picked":["Coolheaded","Stack"],"picked":"Conserve Battery","floor":1},{"not_picked":["Steam Power","Scrape"],"picked":"Leap","floor":5},{"not_picked":["Hello World","Undo"],"picked":"Leap","floor":7},{"not_picked":["Self Repair","Stack"],"picked":"Rainbow","floor":10},{"not_picked":["Undo","Leap"],"picked":"Melter","floor":12},{"not_picked":["Compile Driver","Turbo"],"picked":"Beam Cell","floor":13},{"not_picked":["Reinforced Body","Coolheaded"],"picked":"Glacier","floor":14},{"not_picked":["All For One","Multi-Cast"],"picked":"Rainbow","floor":16},{"not_picked":["Melter+1","Streamline+1"],"picked":"Leap","floor":18},{"not_picked":["Stack","Beam Cell"],"picked":"Chill","floor":19},{"not_picked":["Skim","Amplify","Reprogram"],"picked":"SKIP","floor":22},{"not_picked":["Scrape","Loop"],"picked":"Beam Cell","floor":23},{"not_picked":["Rip and Tear","Rebound+1"],"picked":"Beam Cell","floor":25},{"not_picked":["Fusion","Recycle+1"],"picked":"Go for the Eyes","floor":28}],"player_experience":490707,"relics_obtained":[{"floor":4,"key":"MealTicket"},{"floor":7,"key":"MawBank"},{"floor":9,"key":"Lantern"},{"floor":10,"key":"Thread and Needle"},{"floor":13,"key":"Nunchaku"},{"floor":23,"key":"Letter Opener"},{"floor":26,"key":"Bottled Lightning"}],"event_choices":[{"damage_healed":0,"gold_gain":0,"player_choice":"Success","damage_taken":26,"relics_obtained":["Pantograph"],"max_hp_gain":0,"max_hp_loss":0,"event_name":"Scrap Ooze","floor":2,"gold_loss":0},{"damage_healed":0,"gold_gain":0,"player_choice":"Ignored","damage_taken":0,"max_hp_gain":0,"max_hp_loss":0,"event_name":"Shining Light","floor":3,"gold_loss":0},{"damage_healed":0,"gold_gain":0,"player_choice":"Ignored","damage_taken":0,"max_hp_gain":0,"max_hp_loss":0,"event_name":"Ghosts","floor":20,"gold_loss":0},{"damage_healed":0,"gold_gain":0,"cards_transformed":["Meteor Strike","Consume"],"player_choice":"Became Test Subject","damage_taken":0,"max_hp_gain":0,"max_hp_loss":0,"event_name":"Drug Dealer","floor":21,"gold_loss":0,"cards_obtained":["Force Field","Skim"]}],"is_beta":false,"boss_relics":[{"not_picked":["Calling Bell","Snecko Eye"],"picked":"Pandora\u0027s Box"}],"items_purged_floors":[27],"is_endless":false,"potions_floor_spawned":[5,7,14,16,18,19,25],"killed_by":"3 Cultists","ascension_level":17}}