{"host":"jjrg941k7ydtmr5s","time":1614450861,"event":{"mods":["BaseMod","Colored Map","Colored Powertips","DeckTracker","Highlight Path","Koishi","Marisa（霧雨　魔理沙）","Minty Spire (QoL Compilation)","Quick Restart","Remilia（蕾米莉?）","StSLib","SuperFastMode","The Administrix","The Bladedancer","The Cursed","The Forsaken","The Runesmith","The Servant 0.9.4","Youmu（魂魄妖梦）"],"gold_per_floor":[111,126,201,215,215,240,240,275,275,275,289,318,64,64,64,164,164,182,182,192,209,209,209,239,239,239,250,250,250,263,277,277,378,378,395,395,445,464,477,477,82,94,145,145,162,187,147,163,163,163],"floor_reached":51,"language":"JPN","playtime":4436,"items_purged":[],"score":777,"play_id":"4d34d3d8-5c5a-48ed-899f-efc49e866747","local_time":"20210228033421","is_ascension_mode":true,"campfire_choices":[{"data":"Deadly Poison","floor":7,"key":"SMITH"},{"data":"Footwork","floor":10,"key":"SMITH"},{"data":"Catalyst","floor":15,"key":"SMITH"},{"data":"Night Terror","floor":23,"key":"SMITH"},{"floor":25,"key":"REST"},{"floor":32,"key":"REST"},{"data":"Blur","floor":40,"key":"SMITH"},{"floor":44,"key":"REST"},{"floor":49,"key":"REST"}],"circlet_count":0,"master_deck":["Strike_G","Strike_G","Strike_G","Strike_G","Defend_G","Defend_G","Defend_G","Defend_G","Survivor","Neutralize","Crippling Poison","Deadly Poison+1","Dodge and Roll+1","Footwork+1","Catalyst+1","Bouncing Flask","PiercingWail","Footwork","Night Terror+1","Endless Agony+1","RitualDagger","Deflect","Dodge and Roll+1","Deflect","Blur+1","Blur","Corpse Explosion","Deadly Poison","Parasite","Apotheosis","Outmaneuver","Deadly Poison+1","Sucker Punch+1","Outmaneuver+1","Slice+1"],"relics":["Ring of the Snake","NeowsBlessing","Girya","Dead Branch","Incense Burner","Runesmith:AutoHammer","Lee\u0027s Waffle","Velvet Choker","Regal Pillow","Paper Crane","Busted Crown","Pocketwatch","ClockworkSouvenir","Strawberry","Dream Catcher"],"acts_visited":["Exordium","TheCity","TheBeyond"],"potions_floor_usage":[50,50],"damage_taken":[{"damage":0,"enemies":"2 Louse","floor":1,"turns":1},{"damage":0,"enemies":"Small Slimes","floor":2,"turns":1},{"damage":0,"enemies":"Jaw Worm","floor":4,"turns":1},{"damage":10,"enemies":"Lagavulin","floor":6,"turns":9},{"damage":24,"enemies":"3 Sentries","floor":8,"turns":10},{"damage":5,"enemies":"Blue Slaver","floor":11,"turns":5},{"damage":23,"enemies":"Gremlin Nob","floor":12,"turns":5},{"damage":34,"enemies":"Slime Boss","floor":16,"turns":14},{"damage":0,"enemies":"Spheric Guardian","floor":18,"turns":3},{"damage":1,"enemies":"Chosen","floor":20,"turns":5},{"damage":8,"enemies":"Sentry and Sphere","floor":21,"turns":6},{"damage":36,"enemies":"Slavers","floor":24,"turns":7},{"damage":5,"enemies":"Snake Plant","floor":27,"turns":4},{"damage":3,"enemies":"Cultist and Chosen","floor":30,"turns":7},{"damage":6,"enemies":"Centurion and Healer","floor":31,"turns":9},{"damage":19,"enemies":"Collector","floor":33,"turns":6},{"damage":0,"enemies":"3 Shapes","floor":35,"turns":4},{"damage":0,"enemies":"Mind Bloom Boss Battle","floor":37,"turns":8},{"damage":40,"enemies":"3 Darklings","floor":38,"turns":3},{"damage":0,"enemies":"Writhing Mass","floor":39,"turns":4},{"damage":6,"enemies":"Maw","floor":42,"turns":6},{"damage":10,"enemies":"Jaw Worm Horde","floor":45,"turns":4},{"damage":16,"enemies":"Giant Head","floor":46,"turns":8},{"damage":7,"enemies":"3 Darklings","floor":48,"turns":3},{"damage":19,"enemies":"Time Eater","floor":50,"turns":11}],"seed_played":"1087656408967429976","potions_obtained":[{"floor":4,"key":"LiquidBronze"},{"floor":11,"key":"FearPotion"},{"floor":12,"key":"Regen Potion"},{"floor":24,"key":"LiquidBronze"},{"floor":37,"key":"LiquidMemories"}],"is_trial":false,"path_per_floor":["M","M","?","M","?","E","R","E","T","R","M","E","$","?","R","B",null,"M","?","M","M","?","R","E","R","T","M","?","?","M","M","R","B",null,"M","?","?","M","M","R","$","M","T","R","M","E","?","M","R","B",null],"character_chosen":"THE_SILENT","items_purchased":["Lee\u0027s Waffle","PiercingWail","Footwork","Apotheosis","Outmaneuver","ClockworkSouvenir"],"campfire_rested":4,"item_purchase_floors":[13,13,13,41,41,41],"current_hp_per_floor":[70,70,59,59,64,54,54,30,30,30,25,2,82,75,75,41,82,82,76,75,67,51,51,15,56,56,51,51,51,48,42,83,64,87,87,87,87,47,47,47,47,41,48,91,81,65,65,58,94,87],"gold":163,"neow_bonus":"THREE_ENEMY_KILL","is_daily":false,"chose_seed":false,"campfire_upgraded":5,"win_rate":0.0,"timestamp":1614450861,"path_taken":["M","M","?","M","?","E","R","E","T","R","M","E","$","?","R","BOSS","M","?","M","M","?","R","E","R","T","M","?","?","M","M","R","BOSS","M","?","?","M","M","R","$","M","T","R","M","E","?","M","R","BOSS"],"items_purchased_type":["Relic","Card","Card","Card","Card","Relic"],"build_version":"2020-12-22","purchased_purges":0,"victory":true,"max_hp_per_floor":[70,70,70,70,75,75,75,75,75,75,75,75,82,82,82,82,82,82,82,82,82,87,87,87,87,87,87,87,87,87,87,87,87,87,87,87,87,87,87,87,87,87,94,94,94,94,94,94,94,94],"card_choices":[{"not_picked":["Sucker Punch","Calculated Gamble","Eviscerate"],"picked":"SKIP","floor":1},{"not_picked":["Riddle With Holes","Blade Dance"],"picked":"Crippling Poison","floor":2},{"not_picked":["PiercingWail","Flying Knee"],"picked":"Deadly Poison","floor":4},{"not_picked":["Eviscerate","Deflect"],"picked":"Dodge and Roll","floor":6},{"not_picked":["Crippling Poison","Poisoned Stab"],"picked":"Footwork","floor":8},{"not_picked":["Quick Slash","Cloak And Dagger"],"picked":"Catalyst","floor":11},{"not_picked":["Cloak And Dagger","Night Terror"],"picked":"Bouncing Flask","floor":12},{"not_picked":["Die Die Die","Unload"],"picked":"Night Terror","floor":16},{"not_picked":["Underhanded Strike+1","Cloak And Dagger"],"picked":"Endless Agony","floor":18},{"not_picked":["Blade Dance+1","Dagger Throw"],"picked":"Flying Knee","floor":20},{"not_picked":["Sucker Punch+1","Distraction"],"picked":"Deflect","floor":21},{"not_picked":["A Thousand Cuts","Endless Agony"],"picked":"Dodge and Roll+1","floor":24},{"not_picked":["Masterful Stab+1","Acrobatics"],"picked":"Deflect","floor":27},{"not_picked":["Accuracy","Acrobatics"],"picked":"Blur","floor":30},{"not_picked":["Backstab","Prepared"],"picked":"Blur","floor":31},{"not_picked":["Night Terror","Tools of the Trade"],"picked":"Corpse Explosion","floor":33},{"not_picked":[],"picked":"Deadly Poison","floor":35},{"not_picked":["Cloak And Dagger+1"],"picked":"SKIP","floor":38},{"not_picked":["Skewer"],"picked":"SKIP","floor":39},{"not_picked":[],"picked":"Deadly Poison+1","floor":42},{"not_picked":[],"picked":"Sucker Punch+1","floor":45},{"not_picked":[],"picked":"Outmaneuver+1","floor":46},{"not_picked":[],"picked":"Slice+1","floor":48}],"player_experience":82416,"relics_obtained":[{"floor":6,"key":"Girya"},{"floor":8,"key":"Dead Branch"},{"floor":9,"key":"Incense Burner"},{"floor":12,"key":"Runesmith:AutoHammer"},{"floor":24,"key":"Regal Pillow"},{"floor":26,"key":"Paper Crane"},{"floor":37,"key":"Pocketwatch"},{"floor":43,"key":"Strawberry"},{"floor":46,"key":"Dream Catcher"}],"event_choices":[{"damage_healed":0,"gold_gain":75,"player_choice":"Gather Gold","damage_taken":11,"max_hp_gain":0,"max_hp_loss":0,"event_name":"World of Goop","floor":3,"gold_loss":0},{"damage_healed":0,"gold_gain":0,"player_choice":"Donut","damage_taken":0,"max_hp_gain":5,"max_hp_loss":0,"event_name":"Big Fish","floor":5,"gold_loss":0},{"cards_removed":["Strike_G"],"damage_healed":0,"gold_gain":0,"player_choice":"Card Removal","damage_taken":7,"max_hp_gain":0,"max_hp_loss":0,"event_name":"Golden Wing","floor":14,"gold_loss":0},{"damage_healed":0,"gold_gain":0,"player_choice":"Joined the Cult","damage_taken":6,"max_hp_gain":0,"max_hp_loss":0,"event_name":"Nest","floor":19,"gold_loss":0,"cards_obtained":["RitualDagger"]},{"damage_healed":0,"gold_gain":0,"player_choice":"Shed Blood","damage_taken":21,"max_hp_gain":5,"max_hp_loss":0,"event_name":"Forgotten Altar","floor":22,"gold_loss":0},{"damage_healed":0,"gold_gain":0,"player_choice":"Ignored","damage_taken":0,"max_hp_gain":0,"max_hp_loss":0,"event_name":"Vampires","floor":28,"gold_loss":0},{"cards_removed":["Defend_G"],"damage_healed":0,"gold_gain":0,"player_choice":"Purged","damage_taken":0,"max_hp_gain":0,"max_hp_loss":0,"event_name":"Purifier","floor":29,"gold_loss":0},{"cards_removed":["Flying Knee"],"damage_healed":0,"gold_gain":0,"player_choice":"Removed Attack","damage_taken":0,"max_hp_gain":0,"max_hp_loss":0,"event_name":"Falling","floor":36,"gold_loss":0},{"damage_healed":0,"gold_gain":0,"player_choice":"Fight","damage_taken":0,"max_hp_gain":0,"max_hp_loss":0,"event_name":"MindBloom","floor":37,"gold_loss":0},{"damage_healed":0,"gold_gain":0,"player_choice":"Upgraded Two","damage_taken":0,"max_hp_gain":0,"max_hp_loss":0,"event_name":"Designer","floor":47,"gold_loss":40,"cards_upgraded":["Dodge and Roll","Endless Agony"]}],"is_beta":false,"boss_relics":[{"not_picked":["HoveringKite","Ectoplasm"],"picked":"Velvet Choker"},{"not_picked":["Philosopher\u0027s Stone","Cursed Key"],"picked":"Busted Crown"}],"items_purged_floors":[],"is_endless":false,"potions_floor_spawned":[4,11,12,16,24,27,30,33,37,42,46,48],"ascension_level":1}}