{"host":"Christian","time":1614453995,"event":{"mods":["BaseMod","Bestiary","Block Reminder","DeckTracker","Minty Spire (QoL Compilation)","Relic Stats","StSLib"],"gold_per_floor":[115,115,115,139,99,134,158,178,178,198,198,231,251,275,275,369,369,392,392,442,459,459,459],"floor_reached":22,"language":"ENG","playtime":1112,"items_purged":[],"score":446,"play_id":"63f41ea2-9676-44aa-8429-8f103f381bfa","local_time":"20210227132635","is_ascension_mode":true,"campfire_choices":[{"data":"1","floor":11,"key":"LIFT"},{"data":"2","floor":15,"key":"LIFT"}],"circlet_count":0,"master_deck":["AscendersBane","Strike_G","Strike_G","Strike_G","Strike_G","Defend_G","Defend_G","Defend_G","Defend_G","Defend_G","Survivor","Neutralize","Dagger Spray","Quick Slash","Unload","Eviscerate","PiercingWail","Predator","Well Laid Plans","Acrobatics","Tactician","Corpse Explosion","Leg Sweep","Dagger Throw","Prepared","Wraith Form v2","Tactician","Dagger Throw","Flying Knee","Backflip"],"relics":["Ring of the Snake","NeowsBlessing","Bloody Idol","Prayer Wheel","Girya","Incense Burner","Black Star"],"acts_visited":["Exordium","TheCity"],"potions_floor_usage":[12,16,22],"damage_taken":[{"damage":0,"enemies":"2 Louse","floor":1,"turns":1},{"damage":0,"enemies":"Small Slimes","floor":4,"turns":1},{"damage":0,"enemies":"Gremlin Nob","floor":6,"turns":1},{"damage":0,"enemies":"Cultist","floor":7,"turns":3},{"damage":2,"enemies":"Gremlin Gang","floor":8,"turns":4},{"damage":0,"enemies":"2 Fungi Beasts","floor":10,"turns":4},{"damage":22,"enemies":"3 Sentries","floor":12,"turns":6},{"damage":0,"enemies":"Large Slime","floor":13,"turns":4},{"damage":9,"enemies":"Red Slaver","floor":14,"turns":4},{"damage":28,"enemies":"Hexaghost","floor":16,"turns":11},{"damage":20,"enemies":"Spheric Guardian","floor":18,"turns":4},{"damage":13,"enemies":"Shell Parasite","floor":21,"turns":6},{"damage":27,"enemies":"Snake Plant","floor":22,"turns":4}],"seed_played":"8210747407089823709","potions_obtained":[{"floor":5,"key":"Block Potion"},{"floor":5,"key":"Ancient Potion"},{"floor":8,"key":"FairyPotion"},{"floor":10,"key":"Fire Potion"},{"floor":12,"key":"Energy Potion"},{"floor":16,"key":"Regen Potion"},{"floor":18,"key":"CunningPotion"}],"is_trial":false,"path_per_floor":["M","?","?","M","?","E","M","M","T","M","R","E","M","M","R","B",null,"M","?","?","M","M"],"character_chosen":"THE_SILENT","items_purchased":[],"campfire_rested":0,"item_purchase_floors":[],"current_hp_per_floor":[59,52,52,52,52,52,52,50,50,50,50,28,28,19,19,12,48,28,28,33,25,0,0],"gold":459,"neow_bonus":"THREE_ENEMY_KILL","is_daily":false,"chose_seed":false,"campfire_upgraded":0,"win_rate":0.0,"timestamp":1614453995,"path_taken":["M","?","?","M","?","E","?","?","T","M","R","E","M","M","R","BOSS","M","?","?","M","M"],"items_purchased_type":[],"build_version":"2020-12-18","purchased_purges":0,"victory":false,"max_hp_per_floor":[66,66,60,60,60,60,60,60,60,60,60,60,60,60,60,60,60,60,60,60,60,60,60],"relic_stats":{"counters":[13,53],"Bloody Idol":10,"Prayer Wheel":7,"Black Star":0,"obtain_stats":[{"Girya":9,"NeowsBlessing":0,"Golden Idol":3,"Bloody Idol":19,"Prayer Wheel":6,"Incense Burner":12,"Black Star":17,"Ring of the Snake":0},{"Girya":5,"NeowsBlessing":0,"Golden Idol":1,"Bloody Idol":11,"Prayer Wheel":3,"Incense Burner":7,"Black Star":10,"Ring of the Snake":0},{"Girya":10,"NeowsBlessing":0,"Golden Idol":1,"Bloody Idol":43,"Prayer Wheel":3,"Incense Burner":20,"Black Star":39,"Ring of the Snake":0}],"Ring of the Snake":[26]},"card_choices":[{"not_picked":["PiercingWail","Slice"],"picked":"Dagger Spray","floor":1},{"not_picked":["Prepared","Outmaneuver"],"picked":"Quick Slash","floor":4},{"not_picked":["Concentrate","PiercingWail"],"picked":"Unload","floor":6},{"not_picked":["Underhanded Strike","Dash"],"picked":"Eviscerate","floor":7},{"not_picked":["Sucker Punch","Infinite Blades"],"picked":"PiercingWail","floor":7},{"not_picked":["Acrobatics","Noxious Fumes"],"picked":"Predator","floor":8},{"not_picked":["Blade Dance","Underhanded Strike"],"picked":"Well Laid Plans","floor":8},{"not_picked":["Distraction","Expertise"],"picked":"Acrobatics","floor":10},{"not_picked":["Dash","Deadly Poison"],"picked":"Tactician","floor":10},{"not_picked":["Masterful Stab","Accuracy"],"picked":"Corpse Explosion","floor":12},{"not_picked":["Outmaneuver","PiercingWail"],"picked":"Leg Sweep","floor":13},{"not_picked":["Quick Slash","After Image","Cloak And Dagger"],"picked":"SKIP","floor":13},{"not_picked":["Blade Dance","Sucker Punch"],"picked":"Dagger Throw","floor":14},{"not_picked":["Dagger Throw","Deflect"],"picked":"Prepared","floor":14},{"not_picked":["Glass Knife","Grand Finale"],"picked":"Wraith Form v2","floor":16},{"not_picked":["Cloak And Dagger","Heel Hook"],"picked":"Tactician","floor":18},{"not_picked":["Bane","Flying Knee"],"picked":"Dagger Throw","floor":18},{"not_picked":["Backflip","Noxious Fumes"],"picked":"Flying Knee","floor":21},{"not_picked":["Setup","PiercingWail"],"picked":"Backflip","floor":21}],"player_experience":125157,"relics_obtained":[{"floor":6,"key":"Prayer Wheel"},{"floor":9,"key":"Girya"},{"floor":12,"key":"Incense Burner"}],"event_choices":[{"cards_removed":["Strike_G"],"damage_healed":0,"gold_gain":0,"player_choice":"Card Removal","damage_taken":7,"max_hp_gain":0,"max_hp_loss":0,"event_name":"Golden Wing","floor":2,"gold_loss":0},{"damage_healed":0,"gold_gain":0,"player_choice":"Lose Max HP","damage_taken":0,"relics_obtained":["Golden Idol"],"max_hp_gain":0,"max_hp_loss":6,"event_name":"Golden Idol","floor":3,"gold_loss":0},{"damage_healed":0,"gold_gain":0,"player_choice":"Bought 3 Potions","damage_taken":0,"max_hp_gain":0,"max_hp_loss":0,"event_name":"The Woman in Blue","floor":5,"gold_loss":0},{"damage_healed":0,"gold_gain":0,"player_choice":"Gave Idol","damage_taken":0,"relics_obtained":["Bloody Idol"],"max_hp_gain":0,"max_hp_loss":0,"event_name":"Forgotten Altar","floor":19,"relics_lost":["Golden Idol"],"gold_loss":0},{"damage_healed":0,"gold_gain":50,"player_choice":"Pray","damage_taken":0,"max_hp_gain":0,"max_hp_loss":0,"event_name":"Golden Shrine","floor":20,"gold_loss":0}],"is_beta":true,"boss_relics":[{"not_picked":["Velvet Choker","Runic Dome"],"picked":"Black Star"}],"items_purged_floors":[],"is_endless":false,"potions_floor_spawned":[8,10,12,13,14,16,18],"killed_by":"Snake Plant","ascension_level":20}}