{"host":"y4fuci1jk2rsxnep","time":1614449041,"event":{"mods":["AchievementEnabler","BaseMod","Colored Powertips","Custom Start","Defuse TimeMaze Blight","Dio Mod","Downfall","Hermit","Hero for Fun","Hubris","Hunter ??","Infinite Spire","Minty Spire (QoL Compilation)","Quick Restart","Reliquary","Remove Card Discount Mod","Replay The Spire","StSLib","The Blackbeard","The Bug Knight","The Mystic","The Runesmith"],"gold_per_floor":[360,635,652,663,681,681,681],"floor_reached":6,"language":"ENG","playtime":522,"items_purged":[],"score":46,"play_id":"99765a5c-89e4-45bd-95a5-9f50838064f2","local_time":"20210227190401","is_ascension_mode":true,"campfire_choices":[],"circlet_count":0,"master_deck":["hermit:Strike_Hermit","hermit:Strike_Hermit","hermit:Strike_Hermit","hermit:Strike_Hermit","hermit:Defend_Hermit","hermit:Defend_Hermit","hermit:Defend_Hermit","hermit:Defend_Hermit","hermit:Snapshot","hermit:Covet","Doubt","hermit:Desperado","Regret","hermit:Manifest","hermit:Dive","hermit:Deadeye"],"relics":["hermit:Momento"],"acts_visited":["Exordium"],"potions_floor_usage":[],"damage_taken":[{"damage":0,"enemies":"2 Louse","floor":1,"turns":2},{"damage":12,"enemies":"infinitespire:Voidling","floor":3,"turns":4},{"damage":7,"enemies":"Cultist","floor":4,"turns":4},{"damage":29,"enemies":"Exordium Thugs","floor":5,"turns":8},{"damage":17,"enemies":"HollowMod:MossKnight","floor":6,"turns":6}],"seed_played":"-2629519615263137056","potions_obtained":[{"floor":3,"key":"champ:CounterPotion"},{"floor":4,"key":"AttackPotion"}],"is_trial":false,"path_per_floor":["M","?","M","M","M","E"],"character_chosen":"HERMIT","items_purchased":[],"campfire_rested":0,"item_purchase_floors":[],"current_hp_per_floor":[75,75,63,56,27,10,10],"gold":681,"neow_bonus":"TWO_FIFTY_GOLD","is_daily":false,"chose_seed":false,"campfire_upgraded":0,"win_rate":0.0,"timestamp":1614449041,"path_taken":["M","?","?","?","M","E"],"items_purchased_type":[],"build_version":"2020-12-22","purchased_purges":0,"victory":false,"max_hp_per_floor":[75,75,75,75,75,75,75],"card_choices":[{"not_picked":["hermit:Cheat","hermit:Snipe"],"picked":"hermit:Desperado","floor":1},{"not_picked":["hermit:Desperado","hermit:Glare"],"picked":"hermit:Manifest","floor":3},{"not_picked":["hermit:Snipe","hermit:TrackingShot"],"picked":"hermit:Dive","floor":4},{"not_picked":["hermit:WideOpen","hermit:Feint"],"picked":"hermit:Deadeye","floor":5}],"player_experience":740929,"relics_obtained":[],"event_choices":[{"damage_healed":0,"gold_gain":275,"player_choice":"Desecrate","damage_taken":0,"max_hp_gain":0,"max_hp_loss":0,"event_name":"Golden Shrine","floor":2,"gold_loss":0,"cards_obtained":["Regret"]}],"is_beta":false,"boss_relics":[],"items_purged_floors":[],"is_endless":false,"potions_floor_spawned":[3,4],"killed_by":"HollowMod:MossKnight","ascension_level":4}}