{"host":"wshey5htrz8rni6u","time":1614415887,"event":{"mods":["2.2 Compatiblity","BaseMod","Block Reminder","Colored Map","Colored Powertips","Current Relic Mod","Curses Come First","Dark Map","Key Reminder","Keyboard Shortcuts","Minty Spire (QoL Compilation)","Potion Indicator Mod","Quick Restart","Random Character Button","Relic Sorter","Relic Stats","StSLib","SuperFastMode","Unceasing Turn Reminder","UnlockEverythingMod","Weighted Paths"],"gold_per_floor":[109,284,284,303,318,318,353,367,418,447,447,478,478,88,88,162,162,173,21,120,35,35,35,67,83,162,193,193,193,209,243,243,243,243],"floor_reached":33,"language":"ENG","playtime":1683,"items_purged":["Doubt","Strike_B"],"score":567,"play_id":"e5a914be-9881-4eb3-a06e-b3e293f07a9e","local_time":"20210227005127","is_ascension_mode":true,"campfire_choices":[{"data":"Zap","floor":6,"key":"SMITH"},{"floor":11,"key":"REST"},{"floor":15,"key":"REST"},{"data":"Hologram","floor":23,"key":"SMITH"},{"floor":28,"key":"REST"},{"data":"Dualcast","floor":32,"key":"SMITH"}],"circlet_count":0,"master_deck":["AscendersBane","Defend_B","Defend_B","Defend_B","Defend_B","Zap+1","Dualcast+1","Streamline","Scrape","Lockon+1","Go for the Eyes","Coolheaded","Auto Shields","Hologram+1","Steam","Gash","Scrape","Steam Power","Steam","Machine Learning","Static Discharge+1","Gash+1","Hologram+1","Go for the Eyes","Reprogram+1","Ghostly+1","Ghostly+1","Ghostly+1","Ghostly+1","Ghostly+1","Streamline","Hyperbeam"],"relics":["Cracked Core","Ornamental Fan","Oddly Smooth Stone","PreservedInsect","Tiny Chest","CultistMask","Dream Catcher","Empty Cage","Blue Candle","Toxic Egg 2","Whetstone","Letter Opener","Regal Pillow","The Courier","keyreminder:keyreminder"],"acts_visited":["Exordium","TheCity"],"potions_floor_usage":[7,10,12,24,27,31,31],"damage_taken":[{"damage":2,"enemies":"Jaw Worm","floor":1,"turns":3},{"damage":6,"enemies":"2 Louse","floor":4,"turns":2},{"damage":0,"enemies":"Cultist","floor":5,"turns":3},{"damage":32,"enemies":"Gremlin Nob","floor":7,"turns":4},{"damage":0,"enemies":"3 Louse","floor":8,"turns":3},{"damage":2,"enemies":"Lagavulin","floor":10,"turns":6},{"damage":14,"enemies":"3 Sentries","floor":12,"turns":5},{"damage":39,"enemies":"The Guardian","floor":16,"turns":12},{"damage":8,"enemies":"2 Thieves","floor":18,"turns":4},{"damage":3,"enemies":"Gremlin Leader","floor":24,"turns":7},{"damage":3,"enemies":"Spheric Guardian","floor":25,"turns":4},{"damage":23,"enemies":"Book of Stabbing","floor":27,"turns":5},{"damage":2,"enemies":"Centurion and Healer","floor":30,"turns":8},{"damage":3,"enemies":"Slavers","floor":31,"turns":2},{"damage":33,"enemies":"Automaton","floor":33,"turns":10}],"seed_played":"-208855277948858861","potions_obtained":[{"floor":4,"key":"LiquidBronze"},{"floor":5,"key":"LiquidMemories"},{"floor":7,"key":"BlessingOfTheForge"},{"floor":16,"key":"ColorlessPotion"},{"floor":18,"key":"ColorlessPotion"},{"floor":25,"key":"Strength Potion"},{"floor":27,"key":"Fire Potion"}],"is_trial":false,"path_per_floor":["M","?","?","M","M","R","E","M","T","E","R","E","?","$","R","B",null,"M","$","?","?","T","R","E","M","T","E","R","?","M","E","R","B"],"character_chosen":"DEFECT","items_purchased":["Gash","Scrape","Steam Power","Dream Catcher","Gash"],"campfire_rested":3,"item_purchase_floors":[14,14,14,14,19],"current_hp_per_floor":[62,62,62,56,56,56,24,24,24,22,43,29,29,29,50,11,56,48,48,48,48,48,48,45,42,42,19,55,35,33,30,30,0,0],"gold":243,"neow_bonus":"THREE_CARDS","is_daily":false,"chose_seed":false,"campfire_upgraded":3,"win_rate":0.0,"timestamp":1614415887,"path_taken":["M","?","?","M","M","R","E","?","T","E","R","E","?","$","R","BOSS","M","$","?","?","?","R","E","M","T","E","R","?","M","E","R","BOSS"],"items_purchased_type":["Card","Card","Card","Relic","Card"],"build_version":"2020-12-13","purchased_purges":2,"victory":false,"max_hp_per_floor":[71,71,71,71,71,71,71,71,71,71,71,71,71,71,71,71,71,71,71,71,71,71,71,71,71,71,71,71,35,35,35,35,35,35],"relic_stats":{"Dream Catcher":2,"Regal Pillow":15,"counters":[15,78],"Ornamental Fan":[80],"Blue Candle":[0],"Tiny Chest":1,"PreservedInsect":164,"Whetstone":["Gash","Lockon"],"Letter Opener":[97],"obtain_stats":[{"Regal Pillow":27,"Blue Candle":21,"Oddly Smooth Stone":9,"PreservedInsect":10,"The Courier":31,"Whetstone":24,"Letter Opener":26,"Empty Cage":17,"keyreminder:keyreminder":31,"Dream Catcher":14,"Ornamental Fan":7,"Tiny Chest":12,"CultistMask":13,"Toxic Egg 2":22,"Cracked Core":0},{"Regal Pillow":12,"Blue Candle":9,"Oddly Smooth Stone":5,"PreservedInsect":6,"The Courier":14,"Whetstone":10,"Letter Opener":11,"Empty Cage":8,"keyreminder:keyreminder":14,"Dream Catcher":7,"Ornamental Fan":4,"Tiny Chest":7,"CultistMask":7,"Toxic Egg 2":9,"Cracked Core":0},{"Regal Pillow":58,"Blue Candle":42,"Oddly Smooth Stone":15,"PreservedInsect":21,"The Courier":68,"Whetstone":49,"Letter Opener":53,"Empty Cage":38,"keyreminder:keyreminder":68,"Dream Catcher":26,"Ornamental Fan":12,"Tiny Chest":26,"CultistMask":26,"Toxic Egg 2":42,"Cracked Core":0}]},"card_choices":[{"not_picked":["Sweeping Beam","Barrage"],"picked":"Streamline","floor":0},{"not_picked":["Conserve Battery","Go for the Eyes"],"picked":"Scrape","floor":1},{"not_picked":["Force Field","Leap"],"picked":"Go for the Eyes","floor":4},{"not_picked":["Lockon","Rip and Tear"],"picked":"Coolheaded","floor":5},{"not_picked":["Chaos","Scrape"],"picked":"Auto Shields","floor":7},{"not_picked":["Barrage","Recycle","Go for the Eyes"],"picked":"SKIP","floor":8},{"not_picked":["Buffer","Rip and Tear"],"picked":"Hologram","floor":10},{"not_picked":["Double Energy","Leap"],"picked":"Steam","floor":12},{"not_picked":["Stack","Scrape"],"picked":"Steam","floor":15},{"not_picked":["Multi-Cast","Creative AI"],"picked":"Machine Learning","floor":16},{"not_picked":["Cold Snap","Rebound"],"picked":"Static Discharge+1","floor":18},{"not_picked":["Ball Lightning","Steam+1"],"picked":"Hologram+1","floor":24},{"not_picked":["Steam+1","Chaos+1","Ball Lightning"],"picked":"SKIP","floor":25},{"not_picked":["Conserve Battery+1","Hello World"],"picked":"Go for the Eyes","floor":27},{"not_picked":["Loop","Barrage"],"picked":"Reprogram+1","floor":28},{"not_picked":["Leap+1","Auto Shields+1"],"picked":"Streamline","floor":30},{"not_picked":["Go for the Eyes","Redo+1"],"picked":"Hyperbeam","floor":31}],"player_experience":232210,"relics_obtained":[{"floor":7,"key":"Ornamental Fan"},{"floor":9,"key":"Oddly Smooth Stone"},{"floor":10,"key":"PreservedInsect"},{"floor":12,"key":"Tiny Chest"},{"floor":22,"key":"Toxic Egg 2"},{"floor":24,"key":"Whetstone"},{"floor":26,"key":"Letter Opener"},{"floor":27,"key":"Regal Pillow"},{"floor":31,"key":"The Courier"}],"event_choices":[{"damage_healed":0,"gold_gain":175,"player_choice":"AGREE","damage_taken":0,"max_hp_gain":0,"max_hp_loss":0,"event_name":"Liars Game","floor":2,"gold_loss":0,"cards_obtained":["Doubt"]},{"damage_healed":0,"gold_gain":0,"cards_transformed":["Strike_B"],"player_choice":"Transformed","damage_taken":0,"max_hp_gain":0,"max_hp_loss":0,"event_name":"Transmorgrifier","floor":3,"gold_loss":0,"cards_obtained":["Lockon"]},{"damage_healed":0,"gold_gain":0,"player_choice":"Trade","damage_taken":0,"relics_obtained":["CultistMask"],"max_hp_gain":0,"max_hp_loss":0,"event_name":"FaceTrader","floor":13,"gold_loss":0},{"damage_healed":0,"gold_gain":99,"player_choice":"Stole From Cult","damage_taken":0,"max_hp_gain":0,"max_hp_loss":0,"event_name":"Nest","floor":20,"gold_loss":0},{"damage_healed":0,"gold_gain":0,"player_choice":"Obtained Relic","damage_taken":0,"relics_obtained":["Blue Candle"],"max_hp_gain":0,"max_hp_loss":0,"event_name":"Addict","floor":21,"gold_loss":85},{"damage_healed":0,"gold_gain":0,"player_choice":"Became a Ghost","damage_taken":0,"max_hp_gain":0,"max_hp_loss":36,"event_name":"Ghosts","floor":29,"gold_loss":0,"cards_obtained":["Ghostly","Ghostly","Ghostly","Ghostly","Ghostly"]}],"is_beta":false,"boss_relics":[{"not_picked":["Calling Bell","SacredBark"],"picked":"Empty Cage"}],"items_purged_floors":[14,19],"is_endless":false,"potions_floor_spawned":[4,5,7,16,18,25,27],"killed_by":"Automaton","ascension_level":14}}