{"host":"szp1d6dso4pv7ddl","time":1614451264,"event":{"mods":["AchievementEnabler","Alarm Clock","BaseMod","Bestiary","Block Reminder","Colored Map","Colored Powertips","Curses Come First","Dark Map","Displayed Cursed Tome","Highlight Path","Minty Spire (QoL Compilation)","Permanent Neow","Quick Restart","Relic Sorter","Relic Stats","StSLib","Synergy Search"],"gold_per_floor":[116,116,116,116,134,134,149,149,174,174,212,225,260,275,275,366,366,387,437,66,89,4,4,47,47,129,129,129,164,182,207,207,306,306,327,350,650,315,315,315,61,104,104,104,104],"floor_reached":44,"language":"ENG","playtime":2540,"items_purged":["Strike_B","Strike_B"],"score":1102,"play_id":"f238c64f-da8c-418e-b653-eced6a2d02c6","local_time":"20210227104104","is_ascension_mode":true,"campfire_choices":[{"data":"Streamline","floor":6.0,"key":"SMITH"},{"data":"Biased Cognition","floor":8.0,"key":"SMITH"},{"data":"Zap","floor":15.0,"key":"SMITH"},{"data":"Static Discharge","floor":23.0,"key":"SMITH"},{"data":"Defragment","floor":28.0,"key":"SMITH"},{"floor":32.0,"key":"REST"},{"data":"Storm","floor":40.0,"key":"SMITH"}],"circlet_count":0,"master_deck":["AscendersBane","Defend_B","Defend_B","Defend_B","Defend_B","Zap+1","Dualcast","Streamline+1","Scrape","Biased Cognition+1","Go for the Eyes","Glacier","Sweeping Beam","Storm+1","Beam Cell","Cold Snap","Machine Learning","Defragment+1","Static Discharge+1","Conserve Battery","Cold Snap","Thunder Strike","Defragment","Stack","Electrodynamics","Capacitor","Compile Driver","Self Repair","Stack","Meteor Strike","Heatsinks"],"relics":["Cracked Core","Golden Idol","Eternal Feather","Potion Belt","Mango","Omamori","Black Star","ClockworkSouvenir","Regal Pillow","Sundial","Unceasing Top","Ancient Tea Set","Nunchaku","Snecko Eye","Du-Vu Doll","PreservedInsect","Ornamental Fan"],"acts_visited":["Exordium","TheCity","TheBeyond"],"potions_floor_usage":[44],"damage_taken":[{"damage":5.0,"enemies":"Small Slimes","floor":1.0,"turns":3.0},{"damage":3.0,"enemies":"2 Louse","floor":5.0,"turns":2.0},{"damage":4.0,"enemies":"Jaw Worm","floor":7.0,"turns":2.0},{"damage":5.0,"enemies":"3 Sentries","floor":11.0,"turns":9.0},{"damage":0.0,"enemies":"Looter","floor":12.0,"turns":2.0},{"damage":5.0,"enemies":"Lagavulin","floor":13.0,"turns":5.0},{"damage":7.0,"enemies":"Exordium Wildlife","floor":14.0,"turns":4.0},{"damage":0.0,"enemies":"Slime Boss","floor":16.0,"turns":9.0},{"damage":0.0,"enemies":"Chosen","floor":18.0,"turns":3.0},{"damage":2.0,"enemies":"Shell Parasite","floor":21.0,"turns":5.0},{"damage":25.0,"enemies":"Gremlin Leader","floor":24.0,"turns":7.0},{"damage":45.0,"enemies":"Slavers","floor":29.0,"turns":5.0},{"damage":14.0,"enemies":"Chosen and Byrds","floor":30.0,"turns":4.0},{"damage":0.0,"enemies":"Automaton","floor":33.0,"turns":12.0},{"damage":11.0,"enemies":"Orb Walker","floor":35.0,"turns":3.0},{"damage":24.0,"enemies":"3 Darklings","floor":36.0,"turns":5.0},{"damage":0.0,"enemies":"Transient","floor":39.0,"turns":1.0},{"damage":47.0,"enemies":"Giant Head","floor":42.0,"turns":9.0},{"damage":34,"enemies":"Reptomancer","floor":44,"turns":2}],"seed_played":"-3496256794350074406","potions_obtained":[{"floor":1.0,"key":"Dexterity Potion"},{"floor":11.0,"key":"SkillPotion"},{"floor":14.0,"key":"DistilledChaos"},{"floor":18.0,"key":"Weak Potion"},{"floor":21.0,"key":"EntropicBrew"},{"floor":30.0,"key":"Energy Potion"},{"floor":36.0,"key":"SteroidPotion"}],"is_trial":false,"path_per_floor":["M","?","?","?","M","R","M","R","T","?","E","M","E","M","R","B",null,"M","?","$","M","?","R","E","$","T","?","R","E","M","T","R","B",null,"M","M","?","$","M","R","$","E","T","E"],"character_chosen":"DEFECT","items_purchased":["ClockworkSouvenir","Static Discharge","Conserve Battery","Self Repair","EntropicBrew","Stack","Meteor Strike","Heatsinks"],"campfire_rested":1,"item_purchase_floors":[20,20,20,38,38,38,41,41],"current_hp_per_floor":[59,59,59,14,11,17,13,22,22,43,52,52,47,40,49,49,71,71,71,71,69,69,78,53,53,53,53,65,20,6,6,59,59,73,62,38,38,38,45,60,60,20,20,0,0],"gold":104,"neow_bonus":"THREE_CARDS","is_daily":false,"chose_seed":false,"campfire_upgraded":6,"win_rate":0.0,"timestamp":1614451264,"path_taken":["M","?","?","?","M","R","M","R","T","?","E","M","E","M","R","BOSS","M","?","$","M","?","R","E","?","T","?","R","E","?","?","R","BOSS","M","M","?","$","M","R","?","E","T","E"],"items_purchased_type":["Relic","Card","Card","Card","Potion","Card","Card","Card"],"build_version":"2020-12-22","purchased_purges":2,"victory":false,"max_hp_per_floor":[71,64,64,64,64,64,64,64,64,64,78,78,78,78,78,78,78,78,78,78,78,78,78,78,78,78,78,78,78,78,78,78,78,78,78,78,78,78,78,78,78,78,78,78,78],"relic_stats":{"Regal Pillow":15,"Nunchaku":[6],"counters":[19,92],"Golden Idol":117,"Sundial":[4],"Ornamental Fan":[0],"Snecko Eye":[31,47,35,41],"Eternal Feather":75,"PreservedInsect":60,"Black Star":3,"obtain_stats":[{"Potion Belt":9,"Regal Pillow":22,"Golden Idol":2,"Eternal Feather":4,"Mango":11,"PreservedInsect":42,"Omamori":13,"Ancient Tea Set":29,"ClockworkSouvenir":20,"Du-Vu Doll":42,"Nunchaku":31,"Sundial":24,"Ornamental Fan":43,"Snecko Eye":34,"Black Star":17,"Cracked Core":0,"Unceasing Top":24},{"Potion Belt":3,"Regal Pillow":10,"Golden Idol":1,"Eternal Feather":1,"Mango":4,"PreservedInsect":18,"Omamori":6,"Ancient Tea Set":12,"ClockworkSouvenir":9,"Du-Vu Doll":18,"Nunchaku":13,"Sundial":11,"Ornamental Fan":18,"Snecko Eye":14,"Black Star":8,"Cracked Core":0,"Unceasing Top":11},{"Potion Belt":7,"Regal Pillow":44,"Golden Idol":3,"Eternal Feather":3,"Mango":16,"PreservedInsect":90,"Omamori":23,"Ancient Tea Set":56,"ClockworkSouvenir":39,"Du-Vu Doll":90,"Nunchaku":60,"Sundial":51,"Ornamental Fan":90,"Snecko Eye":72,"Black Star":36,"Cracked Core":0,"Unceasing Top":51}],"Unceasing Top":[5]},"card_choices":[{"not_picked":["Conserve Battery","Recycle"],"picked":"Streamline","floor":0.0},{"not_picked":["Undo","Lockon"],"picked":"Scrape","floor":1.0},{"not_picked":["Conserve Battery","Hologram"],"picked":"Go for the Eyes","floor":5.0},{"not_picked":["Loop","Beam Cell"],"picked":"Glacier","floor":7.0},{"not_picked":["Fission","Redo"],"picked":"Sweeping Beam","floor":11.0},{"not_picked":["Streamline","Steam"],"picked":"Storm","floor":12.0},{"not_picked":["Buffer","Streamline"],"picked":"Beam Cell","floor":13.0},{"not_picked":["Redo","Conserve Battery"],"picked":"Cold Snap","floor":14.0},{"not_picked":["Rainbow","Biased Cognition"],"picked":"Machine Learning","floor":16.0},{"not_picked":["Ball Lightning","Sweeping Beam"],"picked":"Defragment","floor":18.0},{"not_picked":["Beam Cell","Tempest+1"],"picked":"Cold Snap","floor":21.0},{"not_picked":["Sunder","Ball Lightning"],"picked":"Thunder Strike","floor":24.0},{"not_picked":["Storm","Rebound"],"picked":"Defragment","floor":29.0},{"not_picked":["Storm","Conserve Battery"],"picked":"Stack","floor":30.0},{"not_picked":["Rainbow","Thunder Strike"],"picked":"Electrodynamics","floor":33.0},{"not_picked":["Sunder","Redo+1"],"picked":"Capacitor","floor":35.0},{"not_picked":["Coolheaded","Beam Cell"],"picked":"Compile Driver","floor":36.0},{"not_picked":["Darkness+1","Redo","Auto Shields+1"],"picked":"SKIP","floor":42.0}],"player_experience":1676652,"relics_obtained":[{"floor":9.0,"key":"Potion Belt"},{"floor":11.0,"key":"Mango"},{"floor":13.0,"key":"Omamori"},{"floor":24.0,"key":"Sundial"},{"floor":24.0,"key":"Unceasing Top"},{"floor":29.0,"key":"Ancient Tea Set"},{"floor":31.0,"key":"Nunchaku"},{"floor":42.0,"key":"Du-Vu Doll"},{"floor":42.0,"key":"PreservedInsect"},{"floor":43.0,"key":"Ornamental Fan"}],"event_choices":[{"damage_healed":0.0,"max_hp_gain":0.0,"max_hp_loss":7.0,"gold_gain":0.0,"event_name":"Golden Idol","player_choice":"Lose Max HP","floor":2.0,"gold_loss":0.0,"damage_taken":0.0,"relics_obtained":["Golden Idol"]},{"damage_healed":0.0,"max_hp_gain":0.0,"max_hp_loss":0.0,"gold_gain":0.0,"cards_transformed":["Strike_B"],"event_name":"Living Wall","player_choice":"Change","floor":3.0,"gold_loss":0.0,"damage_taken":0.0,"cards_obtained":["Biased Cognition"]},{"damage_healed":0.0,"max_hp_gain":0.0,"max_hp_loss":0.0,"gold_gain":0.0,"event_name":"Scrap Ooze","player_choice":"Success","floor":4.0,"gold_loss":0.0,"damage_taken":45.0,"relics_obtained":["Eternal Feather"]},{"damage_healed":21.0,"max_hp_gain":0.0,"max_hp_loss":0.0,"gold_gain":0.0,"event_name":"Big Fish","player_choice":"Banana","floor":10.0,"gold_loss":0.0,"damage_taken":0.0},{"damage_healed":0.0,"max_hp_gain":0.0,"max_hp_loss":0.0,"gold_gain":50.0,"event_name":"Nest","player_choice":"Stole From Cult","floor":19.0,"gold_loss":0.0,"damage_taken":0.0},{"damage_healed":0.0,"max_hp_gain":0.0,"max_hp_loss":0.0,"gold_gain":0.0,"event_name":"Addict","player_choice":"Obtained Relic","floor":22.0,"gold_loss":85.0,"damage_taken":0.0,"relics_obtained":["Regal Pillow"]},{"cards_removed":["Strike_B"],"damage_healed":0.0,"max_hp_gain":0.0,"max_hp_loss":0.0,"gold_gain":0.0,"event_name":"Purifier","player_choice":"Purged","floor":27.0,"gold_loss":0.0,"damage_taken":0.0},{"damage_healed":0.0,"max_hp_gain":0.0,"max_hp_loss":0.0,"gold_gain":300.0,"event_name":"Wheel of Change","player_choice":"Gold","floor":37.0,"gold_loss":0.0,"damage_taken":0.0}],"is_beta":false,"boss_relics":[{"not_picked":["Tiny House","SacredBark"],"picked":"Black Star"},{"not_picked":["Coffee Dripper","Philosopher\u0027s Stone"],"picked":"Snecko Eye"}],"items_purged_floors":[20,38],"is_endless":false,"potions_floor_spawned":[1,11,14,18,21,30,36,39],"killed_by":"Reptomancer","ascension_level":17}}