{"host":"wik2u884rt5bbues","time":1614436682,"event":{"mods":["AchievementEnabler","BaseMod","Colored Map","Colored Powertips","DeckTracker","Googly Eyes","Minty Spire (QoL Compilation)","Permanent Neow","Quick Restart","Shop Mod","StSLib","SuperFastMode"],"gold_per_floor":[113,113,38,213,61,93,125,125,148,148,223,234,87,103,103,103,103],"floor_reached":16,"language":"ENG","playtime":621,"items_purged":["Defend_R","Doubt"],"score":106,"play_id":"41f6a06d-1a9e-434e-bd83-2675d988d871","local_time":"20210227143802","is_ascension_mode":false,"campfire_choices":[{"floor":8.0,"key":"REST"},{"data":"Shrug It Off","floor":10.0,"key":"SMITH"},{"floor":15.0,"key":"RECALL"}],"circlet_count":0,"master_deck":["Strike_R","Strike_R","Strike_R","Strike_R","Defend_R","Defend_R","Defend_R","Bash","Shrug It Off+1"],"relics":["Burning Blood","WingedGreaves","Calipers","Gambling Chip","Vajra","ClockworkSouvenir"],"acts_visited":["Exordium"],"potions_floor_usage":[16],"damage_taken":[{"damage":0.0,"enemies":"2 Louse","floor":1.0,"turns":2.0},{"damage":34.0,"enemies":"Gremlin Nob","floor":6.0,"turns":5.0},{"damage":28.0,"enemies":"3 Sentries","floor":7.0,"turns":8.0},{"damage":0.0,"enemies":"Jaw Worm","floor":12.0,"turns":3.0},{"damage":2.0,"enemies":"Small Slimes","floor":14.0,"turns":4.0},{"damage":41,"enemies":"The Guardian","floor":16,"turns":18}],"seed_played":"-7156322508157381823","potions_obtained":[{"floor":1.0,"key":"EssenceOfSteel"},{"floor":6.0,"key":"AttackPotion"}],"is_trial":false,"path_per_floor":["M","?","$","?","$","E","E","R","T","R","?","M","$","M","R","B"],"character_chosen":"IRONCLAD","items_purchased":["Shrug It Off","ClockworkSouvenir"],"campfire_rested":1,"item_purchase_floors":[5,13],"current_hp_per_floor":[72,65,65,65,65,37,15,36,36,36,29,35,35,39,39,0,0],"gold":103,"neow_bonus":"ONE_RARE_RELIC","is_daily":false,"chose_seed":false,"campfire_upgraded":1,"win_rate":0.0,"timestamp":1614436682,"path_taken":["M","?","$","?","?","E","E","R","T","R","?","M","$","M","R","BOSS"],"items_purchased_type":["Card","Relic"],"build_version":"2020-12-22","purchased_purges":2,"victory":false,"max_hp_per_floor":[72,72,72,72,72,72,72,72,72,72,72,72,72,72,72,72,72],"card_choices":[{"not_picked":["Uppercut","Clash","Dual Wield"],"picked":"SKIP","floor":1.0},{"not_picked":["Intimidate","Body Slam","Rupture"],"picked":"SKIP","floor":6.0},{"not_picked":["Immolate","Wild Strike","Seeing Red"],"picked":"SKIP","floor":7.0},{"not_picked":["Anger","Twin Strike","Shrug It Off"],"picked":"SKIP","floor":12.0},{"not_picked":["Anger","Headbutt","Dual Wield"],"picked":"SKIP","floor":14.0}],"player_experience":754701,"relics_obtained":[{"floor":6.0,"key":"Calipers"},{"floor":7.0,"key":"Gambling Chip"},{"floor":9.0,"key":"Vajra"}],"event_choices":[{"cards_removed":["Strike_R"],"damage_healed":0.0,"max_hp_gain":0.0,"max_hp_loss":0.0,"gold_gain":0.0,"event_name":"Golden Wing","player_choice":"Card Removal","floor":2.0,"gold_loss":0.0,"damage_taken":7.0},{"damage_healed":0.0,"max_hp_gain":0.0,"max_hp_loss":0.0,"gold_gain":175.0,"event_name":"Liars Game","player_choice":"AGREE","floor":4.0,"gold_loss":0.0,"damage_taken":0.0,"cards_obtained":["Doubt"]},{"damage_healed":0.0,"max_hp_gain":0.0,"max_hp_loss":0.0,"gold_gain":75.0,"event_name":"FaceTrader","player_choice":"Touch","floor":11.0,"gold_loss":0.0,"damage_taken":7.0}],"is_beta":false,"boss_relics":[],"items_purged_floors":[3,5],"is_endless":false,"potions_floor_spawned":[1,6],"killed_by":"The Guardian","ascension_level":0}}