{"host":"nlkzb915iheahf5o","time":1614401678,"event":{"mods":["AchievementEnabler","BaseMod","Minty Spire (QoL Compilation)","StSLib"],"gold_per_floor":[125,137,161,187,199,246,273,285,297,326,353,381,393,9,9,104,104,123,135,152,170,170,170,170,170],"floor_reached":24,"language":"ENG","playtime":1729,"items_purged":[],"score":202,"play_id":"b52489ac-12f2-4fe4-8ff5-51ebbabcaedb","local_time":"20210226225438","is_ascension_mode":false,"campfire_choices":[{"floor":8,"key":"REST"},{"data":"Shrug It Off","floor":13,"key":"SMITH"},{"data":"Bash","floor":15,"key":"SMITH"},{"floor":23,"key":"REST"}],"circlet_count":0,"master_deck":["Strike_R","Strike_R+1","Strike_R","Strike_R","Strike_R+1","Defend_R","Defend_R","Defend_R","Defend_R","Bash+1","Twin Strike+1","Flame Barrier","Shrug It Off+1","Reaper","Ghostly Armor+1","Inflame+1"],"relics":["Burning Blood","MawBank","Singing Bowl","Calipers","Orichalcum","Bottled Lightning","Black Star"],"acts_visited":["Exordium","TheCity"],"potions_floor_usage":[6,16,16,19,21,24],"damage_taken":[{"damage":0,"enemies":"Small Slimes","floor":1,"turns":3},{"damage":8,"enemies":"2 Louse","floor":3,"turns":3},{"damage":6,"enemies":"Jaw Worm","floor":4,"turns":3},{"damage":26,"enemies":"3 Sentries","floor":6,"turns":8},{"damage":7,"enemies":"Blue Slaver","floor":7,"turns":3},{"damage":13,"enemies":"Exordium Thugs","floor":10,"turns":5},{"damage":10,"enemies":"Exordium Wildlife","floor":11,"turns":6},{"damage":0,"enemies":"2 Fungi Beasts","floor":12,"turns":3},{"damage":65,"enemies":"The Guardian","floor":16,"turns":20},{"damage":31,"enemies":"Shell Parasite","floor":18,"turns":9},{"damage":36,"enemies":"Spheric Guardian","floor":19,"turns":9},{"damage":43,"enemies":"Snake Plant","floor":20,"turns":8},{"damage":23,"enemies":"3 Cultists","floor":21,"turns":8},{"damage":46,"enemies":"Cultist and Chosen","floor":24,"turns":5}],"seed_played":"-9036645014578792669","potions_obtained":[{"floor":4,"key":"LiquidMemories"},{"floor":7,"key":"Explosive Potion"},{"floor":12,"key":"Weak Potion"},{"floor":16,"key":"Regen Potion"},{"floor":19,"key":"SkillPotion"}],"is_trial":false,"path_per_floor":["M","?","M","M","?","E","M","R","T","M","M","M","R","$","R","B",null,"M","M","M","M","?","R","M"],"character_chosen":"IRONCLAD","items_purchased":["Orichalcum","Bottled Lightning"],"campfire_rested":2,"item_purchase_floors":[14,14],"current_hp_per_floor":[80,64,62,62,62,42,41,65,65,60,58,66,66,66,66,7,86,61,48,15,21,9,36,0,0],"gold":170,"neow_bonus":"RANDOM_COMMON_RELIC","is_daily":false,"chose_seed":false,"campfire_upgraded":2,"win_rate":0.0,"timestamp":1614401678,"path_taken":["M","?","M","M","?","E","M","R","T","M","M","M","R","?","R","BOSS","M","M","M","M","?","R","M"],"items_purchased_type":["Relic","Relic"],"build_version":"2020-12-22","purchased_purges":0,"victory":false,"max_hp_per_floor":[80,80,80,80,80,80,80,80,80,82,84,86,86,86,86,86,86,86,88,88,90,90,90,90,90],"card_choices":[{"not_picked":["True Grit","Warcry","Burning Pact"],"picked":"SKIP","floor":1},{"not_picked":["Feel No Pain","True Grit"],"picked":"Twin Strike","floor":3},{"not_picked":["True Grit","Havoc","Evolve"],"picked":"SKIP","floor":4},{"not_picked":["Sentinel","Pummel"],"picked":"Flame Barrier","floor":6},{"not_picked":["Perfected Strike","Warcry"],"picked":"Shrug It Off","floor":7},{"not_picked":["Searing Blow","Dark Embrace","Flex"],"picked":"Singing Bowl","floor":10},{"not_picked":["Searing Blow","Heavy Blade","Thunderclap"],"picked":"Singing Bowl","floor":11},{"not_picked":["True Grit","Second Wind","Shrug It Off"],"picked":"Singing Bowl","floor":12},{"not_picked":["Immolate","Offering"],"picked":"Reaper","floor":16},{"not_picked":["Heavy Blade","Warcry"],"picked":"Ghostly Armor+1","floor":18},{"not_picked":["Armaments","Seeing Red+1","Clash+1"],"picked":"Singing Bowl","floor":19},{"not_picked":["Burning Pact","Twin Strike"],"picked":"Inflame+1","floor":20},{"not_picked":["Pummel","Thunderclap","Bloodletting"],"picked":"Singing Bowl","floor":21}],"player_experience":183871,"relics_obtained":[{"floor":6,"key":"Singing Bowl"},{"floor":9,"key":"Calipers"}],"event_choices":[{"damage_healed":0,"gold_gain":0,"player_choice":"Entered Light","damage_taken":16,"max_hp_gain":0,"max_hp_loss":0,"event_name":"Shining Light","floor":2,"gold_loss":0,"cards_upgraded":["Strike_R","Strike_R"]},{"damage_healed":0,"gold_gain":0,"player_choice":"Grow","damage_taken":0,"max_hp_gain":0,"max_hp_loss":0,"event_name":"Living Wall","floor":5,"gold_loss":0,"cards_upgraded":["Twin Strike"]},{"damage_healed":0,"gold_gain":0,"player_choice":"POTION ","damage_taken":12,"max_hp_gain":0,"max_hp_loss":0,"event_name":"Knowing Skull","floor":22,"potions_obtained":["PowerPotion"],"gold_loss":0,"cards_obtained":[]}],"is_beta":false,"boss_relics":[{"not_picked":["Velvet Choker","Runic Pyramid"],"picked":"Black Star"}],"items_purged_floors":[],"is_endless":false,"potions_floor_spawned":[4,7,12,16,19],"killed_by":"Cultist and Chosen","ascension_level":0}}