{"host":"l790j1oe6pn5fhrm","time":1614460163,"event":{"mods":["AchievementEnabler","BaseMod","Colored Map","Colored Powertips","Downfall","GifTheSpireLib","Highlight Path","Minty Spire (QoL Compilation)","Rare Cards Sparkle","StSLib"],"gold_per_floor":[118,68,68,84,49,49,75,85,85,95,95,135,135,153,153,281,281,304,13,13,33,47,47,47,47],"floor_reached":24,"language":"ENG","playtime":589,"items_purged":[],"score":243,"play_id":"1b41398a-5de8-49a7-90f3-69911ea09bab","local_time":"20210227220923","is_ascension_mode":true,"campfire_choices":[{"data":"Worship","floor":6,"key":"SMITH"},{"data":"CarveReality","floor":13,"key":"SMITH"},{"floor":15,"key":"REST"},{"floor":23,"key":"REST"}],"circlet_count":0,"master_deck":["Strike_P","Strike_P","Strike_P","Defend_P","Defend_P","Defend_P","Defend_P","Vigilance","CarveReality+1","Worship+1","Evaluate","BattleHymn","MasterReality","DevaForm","Warcry","Guardian:PolyBeam"],"relics":["PureWater","NeowsBlessing","Mango","InkBottle","Kunai","Bloody Idol","Nunchaku","Empty Cage","Vajra","PrismaticShard"],"acts_visited":["Exordium","TheCity"],"potions_floor_usage":[14,14,16,21],"damage_taken":[{"damage":0,"enemies":"Small Slimes","floor":1,"turns":1},{"damage":0,"enemies":"Jaw Worm","floor":4,"turns":1},{"damage":0,"enemies":"3 Sentries","floor":7,"turns":1},{"damage":0,"enemies":"2 Louse","floor":8,"turns":3},{"damage":13,"enemies":"Large Slime","floor":10,"turns":5},{"damage":16,"enemies":"Gremlin Nob","floor":12,"turns":4},{"damage":0,"enemies":"Exordium Wildlife","floor":14,"turns":2},{"damage":54,"enemies":"The Guardian","floor":16,"turns":7},{"damage":18,"enemies":"Spheric Guardian","floor":18,"turns":5},{"damage":10,"enemies":"Shell Parasite","floor":21,"turns":5},{"damage":54,"enemies":"3 Cultists","floor":22,"turns":6},{"damage":37,"enemies":"Book of Stabbing","floor":24,"turns":3}],"seed_played":"6449357339124894394","potions_obtained":[{"floor":4,"key":"Fire Potion"},{"floor":7,"key":"sneckomod:MuddlingPotion"},{"floor":10,"key":"Energy Potion"},{"floor":18,"key":"Block Potion"}],"is_trial":false,"path_per_floor":["M","?","?","M","$","R","E","M","T","M","?","E","R","M","R","B",null,"M","$","?","M","M","R","E"],"character_chosen":"WATCHER","items_purchased":["Worship","Vajra","PrismaticShard"],"campfire_rested":2,"item_purchase_floors":[5,19,19],"current_hp_per_floor":[72,72,79,79,79,79,79,79,79,66,66,50,50,50,74,20,80,62,62,62,57,8,32,0,0],"gold":47,"neow_bonus":"THREE_ENEMY_KILL","is_daily":false,"chose_seed":false,"campfire_upgraded":2,"win_rate":0.0,"timestamp":1614460163,"path_taken":["M","?","?","?","$","R","E","M","T","M","?","E","R","M","R","BOSS","M","$","?","M","M","R","E"],"items_purchased_type":["Card","Relic","Relic"],"build_version":"2020-12-22","purchased_purges":0,"victory":false,"max_hp_per_floor":[72,72,86,86,86,86,86,86,86,86,80,80,80,80,80,80,80,80,80,80,80,80,80,80,80],"card_choices":[{"not_picked":["Halt","Study"],"picked":"CarveReality","floor":1},{"not_picked":["FlurryOfBlows","BowlingBash","Halt"],"picked":"SKIP","floor":4},{"not_picked":["CutThroughFate","ClearTheMind"],"picked":"CrushJoints","floor":7},{"not_picked":["ClearTheMind","ThirdEye"],"picked":"Evaluate","floor":8},{"not_picked":["ClearTheMind","SashWhip"],"picked":"BattleHymn","floor":10},{"not_picked":["FollowUp","Halt","EmptyMind"],"picked":"SKIP","floor":12},{"not_picked":["Nirvana","EmptyMind"],"picked":"MasterReality","floor":14},{"not_picked":["MasterReality","LessonLearned"],"picked":"DevaForm","floor":16},{"not_picked":["SashWhip","BowlingBash","FlurryOfBlows+1"],"picked":"SKIP","floor":18},{"not_picked":["Guardian:ChargeCore","Guardian:GuardianWhirl+1"],"picked":"Warcry","floor":21},{"not_picked":["Guardian:Reroute","Slimebound:HauntingLick"],"picked":"Guardian:PolyBeam","floor":22}],"player_experience":1265216,"relics_obtained":[{"floor":7,"key":"InkBottle"},{"floor":9,"key":"Kunai"},{"floor":12,"key":"Nunchaku"}],"event_choices":[{"cards_removed":["Strike_P"],"damage_healed":0,"gold_gain":0,"player_choice":"Card Removal","damage_taken":0,"max_hp_gain":0,"max_hp_loss":0,"event_name":"The Cleric","floor":2,"gold_loss":50},{"damage_healed":0,"gold_gain":0,"player_choice":"Success","damage_taken":7,"relics_obtained":["Mango"],"max_hp_gain":0,"max_hp_loss":0,"event_name":"Scrap Ooze","floor":3,"gold_loss":0},{"damage_healed":0,"gold_gain":0,"player_choice":"Lose Max HP","damage_taken":0,"relics_obtained":["Golden Idol"],"max_hp_gain":0,"max_hp_loss":6,"event_name":"Golden Idol","floor":11,"gold_loss":0},{"damage_healed":0,"gold_gain":0,"player_choice":"Gave Idol","damage_taken":0,"relics_obtained":["Bloody Idol"],"max_hp_gain":0,"max_hp_loss":0,"event_name":"Forgotten Altar","floor":20,"relics_lost":["Golden Idol"],"gold_loss":0}],"is_beta":false,"boss_relics":[{"not_picked":["bronze:MakeshiftBattery","Ectoplasm"],"picked":"Empty Cage"}],"items_purged_floors":[],"is_endless":false,"potions_floor_spawned":[4,7,10,12,18],"killed_by":"Book of Stabbing","ascension_level":1}}