{"host":"1bmpebsu0h6jmm2g","time":1614405251,"event":{"mods":["BaseMod","BetterRewards","Colored Map","DeckTracker","Highlight Path","Keyboard Shortcuts","Minty Spire (QoL Compilation)","Permanent Neow","Quick Restart","Relic Stats","Slay the Relics Exporter","Spicy Shops","StSLib","SuperFastMode","The Poker Player"],"gold_per_floor":[116,116,137,137,137,178,192,233,233,258,283,299,299,318,318,444,444,469,488,251,269,285,623,644,679,679,679,719,719,743,743,743,867,867,890,630,645,423,423,464,484,520,520,564,577,577,608,632,632,632,632,632,0,36,36],"floor_reached":56,"language":"KOR","playtime":1832,"items_purged":["PokerPlayerMod:Diamond1","PokerPlayerMod:Club1","PokerPlayerMod:Club2","PokerPlayerMod:Diamond2","PokerPlayerMod:Diamond3","PokerPlayerMod:Spade3"],"score":2090,"play_id":"b15df9ce-17b5-4f75-a4dc-ef837398118b","local_time":"20210227145411","is_ascension_mode":true,"metric_token":990,"campfire_choices":[{"data":"PokerPlayerMod:TrumpStrike","floor":13.0,"key":"SMITH"},{"floor":15.0,"key":"REST"},{"data":"PokerPlayerMod:ClubShade","floor":27.0,"key":"SMITH"},{"data":"PokerPlayerMod:CardBurn","floor":29.0,"key":"SMITH"},{"data":"PokerPlayerMod:Spade4","floor":32.0,"key":"SMITH"},{"data":"PokerPlayerMod:WildCard","floor":46,"key":"SMITH"},{"floor":49,"key":"RECALL"},{"data":"PokerPlayerMod:Spade2","floor":52,"key":"PURGE"}],"circlet_count":0,"master_deck":["PokerPlayerMod:Diamond4","PokerPlayerMod:Diamond5","PokerPlayerMod:Spade5","PokerPlayerMod:Heart2","PokerPlayerMod:TrumpStrike+1","PokerPlayerMod:BadJoker","PokerPlayerMod:Mulligan+1","PokerPlayerMod:Mulligan+1","PokerPlayerMod:ClubShade+1","PokerPlayerMod:Club10+","PokerPlayerMod:Spade10+","PokerPlayerMod:Diamond10+","PokerPlayerMod:Diamond10+","PokerPlayerMod:CardBurn+1","PokerPlayerMod:Diamond10+","PokerPlayerMod:WildCard+1","PokerPlayerMod:CardBurn+1","PokerPlayerMod:Club10+","PokerPlayerMod:Configure+1"],"relics":["PokerPlayerMod:DeckCase","Medical Kit","TheAbacus","White Beast Statue","Golden Idol","Matryoshka","Shuriken","Lantern","SlaversCollar","Membership Card","Gambling Chip","Old Coin","PokerPlayerMod:CoolBox","PokerPlayerMod:ClubPass","Bronze Scales","PokerPlayerMod:Splitter","Enchiridion","Black Star","Sundial","DollysMirror","Peace Pipe","TungstenRod","Eternal Feather","PreservedInsect","Orichalcum","Akabeko","Ancient Tea Set","Dream Catcher","Thread and Needle","War Paint","Meat on the Bone","Incense Burner","Torii","PrismaticShard","Blood Vial","Happy Flower","Whetstone"],"acts_visited":["Exordium","TheCity","TheBeyond","TheEnding"],"potions_floor_usage":[48],"damage_taken":[{"damage":0.0,"enemies":"Small Slimes","floor":1.0,"turns":2.0},{"damage":5.0,"enemies":"2 Louse","floor":3.0,"turns":2.0},{"damage":4.0,"enemies":"Gremlin Nob","floor":6.0,"turns":4.0},{"damage":0.0,"enemies":"Cultist","floor":7.0,"turns":2.0},{"damage":14.0,"enemies":"Lagavulin","floor":8.0,"turns":6.0},{"damage":0.0,"enemies":"Exordium Thugs","floor":10.0,"turns":3.0},{"damage":5.0,"enemies":"Looter","floor":11.0,"turns":2.0},{"damage":5.0,"enemies":"Red Slaver","floor":12.0,"turns":2.0},{"damage":6.0,"enemies":"Blue Slaver","floor":14.0,"turns":3.0},{"damage":5.0,"enemies":"The Guardian","floor":16.0,"turns":9.0},{"damage":0.0,"enemies":"Shell Parasite","floor":18.0,"turns":1.0},{"damage":0.0,"enemies":"3 Byrds","floor":19.0,"turns":1.0},{"damage":0.0,"enemies":"Snake Plant","floor":21.0,"turns":2.0},{"damage":0.0,"enemies":"Centurion and Healer","floor":22.0,"turns":2.0},{"damage":0.0,"enemies":"Gremlin Leader","floor":23.0,"turns":3.0},{"damage":0.0,"enemies":"Chosen and Byrds","floor":24.0,"turns":3.0},{"damage":0.0,"enemies":"Book of Stabbing","floor":25.0,"turns":3.0},{"damage":0.0,"enemies":"Slavers","floor":28.0,"turns":1.0},{"damage":0.0,"enemies":"3 Cultists","floor":30.0,"turns":1.0},{"damage":0.0,"enemies":"Automaton","floor":33.0,"turns":5.0},{"damage":0.0,"enemies":"Orb Walker","floor":35.0,"turns":1.0},{"damage":4.0,"enemies":"3 Shapes","floor":37.0,"turns":2.0},{"damage":0.0,"enemies":"Giant Head","floor":40.0,"turns":5.0},{"damage":0.0,"enemies":"3 Darklings","floor":41.0,"turns":1.0},{"damage":0.0,"enemies":"Reptomancer","floor":42.0,"turns":1.0},{"damage":6.0,"enemies":"Giant Head","floor":44.0,"turns":4.0},{"damage":0,"enemies":"Jaw Worm Horde","floor":45,"turns":1},{"damage":0,"enemies":"Reptomancer","floor":47,"turns":2},{"damage":0,"enemies":"Spire Growth","floor":48,"turns":1},{"damage":3,"enemies":"Time Eater","floor":50,"turns":4},{"damage":0,"enemies":"Shield and Spear","floor":54,"turns":1},{"damage":37,"enemies":"The Heart","floor":55,"turns":5}],"seed_played":"-8329864011634793737","potions_obtained":[{"floor":1.0,"key":"SteroidPotion"},{"floor":3.0,"key":"PowerPotion"},{"floor":6.0,"key":"SteroidPotion"},{"floor":7.0,"key":"PowerPotion"},{"floor":8.0,"key":"Block Potion"},{"floor":10.0,"key":"Fire Potion"},{"floor":11.0,"key":"ColorlessPotion"},{"floor":14.0,"key":"AttackPotion"},{"floor":18.0,"key":"Block Potion"},{"floor":25.0,"key":"GamblersBrew"},{"floor":48,"key":"Fruit Juice"},{"floor":54,"key":"SteroidPotion"}],"is_trial":false,"path_per_floor":["M","?","M","?","?","E","M","E","T","M","M","M","R","M","R","B",null,"M","M","$","M","M","E","M","E","T","R","E","R","M","?","R","B",null,"M","$","M","$","?","E","M","E","T","E","M","R","E","M","R","B",null,"R","$","E","B",null],"character_chosen":"THE_POKER_PLAYER","items_purchased":["Medical Kit","TheAbacus","White Beast Statue","Membership Card","Gambling Chip","Sundial","DollysMirror","Peace Pipe","TungstenRod","Incense Burner","Torii","PrismaticShard","Blood Vial"],"campfire_rested":1,"item_purchase_floors":[0,0,0,20,20,36,36,38,38,53,53,53,53],"current_hp_per_floor":[36,23,18,18,18,21,25,13,13,15,13,8,8,2,17,16,52,52,52,52,52,52,52,52,52,52,52,52,52,52,36,36,39,52,52,52,52,52,52,52,52,52,52,46,46,52,52,57,57,54,57,57,57,57,32],"gold":36,"neow_bonus":"","is_daily":false,"chose_seed":false,"campfire_upgraded":5,"win_rate":0.0,"timestamp":1614405251,"path_taken":["M","?","M","?","?","E","M","E","T","?","M","M","R","M","R","BOSS","M","M","$","M","M","E","M","E","T","R","E","R","M","?","R","BOSS","M","$","M","$","?","E","M","E","T","E","?","R","E","M","R","BOSS","R","$","E","BOSS"],"items_purchased_type":["Relic","Relic","Relic","Relic","Relic","Relic","Relic","Relic","Relic","Relic","Relic","Relic","Relic"],"build_version":"2020-12-22","purchased_purges":6,"victory":true,"max_hp_per_floor":[52,52,52,52,52,52,52,52,52,52,52,52,52,52,52,52,52,52,52,52,52,52,52,52,52,52,52,52,52,52,52,52,52,52,52,52,52,52,52,52,52,52,52,52,52,52,52,57,57,57,57,57,57,57,57],"relic_stats":{"Torii":0,"Happy Flower":[1],"counters":[71,243],"Golden Idol":244,"Eternal Feather":6,"PreservedInsect":309,"Whetstone":[],"Orichalcum":[54],"War Paint":["PokerPlayerMod:Mulligan","PokerPlayerMod:Mulligan"],"Medical Kit":[0],"Peace Pipe":1,"Blood Vial":0,"Dream Catcher":0,"TheAbacus":[204],"Shuriken":[0],"Sundial":[8],"Gambling Chip":[44],"Bronze Scales":[231],"Black Star":5,"obtain_stats":[{"Whetstone":54,"Bottled Tornado":23,"PokerPlayerMod:BrokenClock":9,"Old Coin":23,"Sozu":34,"Blood Vial":53,"Sundial":36,"DollysMirror":36,"Strawberry":9,"PokerPlayerMod:Splitter":26,"PokerPlayerMod:CoolBox":25,"PokerPlayerMod:PendantOfEscape":11,"Happy Flower":54,"Eternal Feather":11,"War Paint":47,"Akabeko":42,"Runic Dome":17,"SlaversCollar":17,"Shuriken":8,"Bronze Scales":21,"Black Star":17,"StrikeDummy":19,"Meat on the Bone":47,"Lantern":9,"Torii":53,"Enchiridion":31,"Mango":29,"Incense Burner":6,"Empty Cage":34,"Ancient Tea Set":40,"PrismaticShard":53,"PokerPlayerMod:FairLicense":23,"PokerPlayerMod:DeckCase":0,"Dream Catcher":26,"TheAbacus":0,"Matryoshka":6,"Gambling Chip":20,"Golden Idol":2,"Thread and Needle":44,"PreservedInsect":40,"Orichalcum":42,"MawBank":27,"Medical Kit":0,"White Beast Statue":0,"Peace Pipe":38,"Anchor":42,"PokerPlayerMod:JackpotMachine":24,"PokerPlayerMod:ClubPass":27,"Membership Card":20,"TungstenRod":38},{"Whetstone":70,"Bottled Tornado":10,"PokerPlayerMod:BrokenClock":4,"Old Coin":54,"Sozu":15,"Blood Vial":69,"Sundial":60,"DollysMirror":60,"Strawberry":22,"PokerPlayerMod:Splitter":11,"PokerPlayerMod:CoolBox":56,"PokerPlayerMod:PendantOfEscape":22,"Happy Flower":70,"Eternal Feather":5,"War Paint":67,"Akabeko":64,"Runic Dome":25,"SlaversCollar":49,"Shuriken":44,"Bronze Scales":27,"Black Star":7,"StrikeDummy":8,"Meat on the Bone":67,"Lantern":44,"Torii":69,"Enchiridion":58,"Mango":30,"Incense Burner":3,"Empty Cage":32,"Ancient Tea Set":36,"PrismaticShard":69,"PokerPlayerMod:FairLicense":10,"PokerPlayerMod:DeckCase":0,"Dream Catcher":29,"TheAbacus":39,"Matryoshka":42,"Gambling Chip":51,"Golden Idol":40,"Thread and Needle":65,"PreservedInsect":62,"Orichalcum":64,"MawBank":12,"Medical Kit":39,"White Beast Statue":39,"Peace Pipe":61,"Anchor":37,"PokerPlayerMod:JackpotMachine":29,"PokerPlayerMod:ClubPass":12,"Membership Card":51,"TungstenRod":61},{"Whetstone":238,"Bottled Tornado":34,"PokerPlayerMod:BrokenClock":12,"Old Coin":202,"Sozu":52,"Blood Vial":237,"Sundial":216,"DollysMirror":216,"Strawberry":70,"PokerPlayerMod:Splitter":38,"PokerPlayerMod:CoolBox":208,"PokerPlayerMod:PendantOfEscape":70,"Happy Flower":238,"Eternal Feather":15,"War Paint":232,"Akabeko":225,"Runic Dome":85,"SlaversCollar":193,"Shuriken":174,"Bronze Scales":94,"Black Star":24,"StrikeDummy":27,"Meat on the Bone":232,"Lantern":174,"Torii":237,"Enchiridion":210,"Mango":107,"Incense Burner":11,"Empty Cage":119,"Ancient Tea Set":139,"PrismaticShard":237,"PokerPlayerMod:FairLicense":34,"PokerPlayerMod:DeckCase":0,"Dream Catcher":102,"TheAbacus":158,"Matryoshka":166,"Gambling Chip":195,"Golden Idol":160,"Thread and Needle":229,"PreservedInsect":223,"Orichalcum":225,"MawBank":42,"Medical Kit":158,"White Beast Statue":158,"Peace Pipe":218,"Anchor":145,"PokerPlayerMod:JackpotMachine":102,"PokerPlayerMod:ClubPass":42,"Membership Card":195,"TungstenRod":218}],"TungstenRod":12,"Meat on the Bone":12},"card_choices":[{"not_picked":["PokerPlayerMod:Overdeal","PokerPlayerMod:Diamond2","PokerPlayerMod:CloakAndDiamond"],"picked":"SKIP","floor":1.0},{"not_picked":["PokerPlayerMod:Diamond2","PokerPlayerMod:Diamond1","PokerPlayerMod:Trickery"],"picked":"SKIP","floor":3.0},{"not_picked":["PokerPlayerMod:Spade1","PokerPlayerMod:Club2"],"picked":"PokerPlayerMod:ClubShade","floor":6.0},{"not_picked":["PokerPlayerMod:Club1","PokerPlayerMod:ClubsClub"],"picked":"PokerPlayerMod:Club10+","floor":7.0},{"not_picked":["PokerPlayerMod:Raise","PokerPlayerMod:Fold","PokerPlayerMod:CloakAndDiamond"],"picked":"SKIP","floor":8.0},{"not_picked":["PokerPlayerMod:Spade2","PokerPlayerMod:Spade3"],"picked":"PokerPlayerMod:Spade10+","floor":10.0},{"not_picked":["PokerPlayerMod:DartThrow","PokerPlayerMod:Diamond4","PokerPlayerMod:Trickery"],"picked":"SKIP","floor":11.0},{"not_picked":["PokerPlayerMod:Diamond3","PokerPlayerMod:Configure","PokerPlayerMod:Trickery"],"picked":"SKIP","floor":12.0},{"not_picked":["PokerPlayerMod:Diamond5","PokerPlayerMod:Spade2","PokerPlayerMod:Diamond4"],"picked":"SKIP","floor":14.0},{"not_picked":["PokerPlayerMod:ChangeRules","PokerPlayerMod:ItsShowtime"],"picked":"PokerPlayerMod:Diamond10+","floor":16.0},{"not_picked":["PokerPlayerMod:Spade4","PokerPlayerMod:Spade2"],"picked":"PokerPlayerMod:Diamond10+","floor":18.0},{"not_picked":["PokerPlayerMod:Diamond2","PokerPlayerMod:PoorCopy+1","PokerPlayerMod:Spade2"],"picked":"SKIP","floor":19.0},{"not_picked":["PokerPlayerMod:SpadeStrike+1","PokerPlayerMod:Spade3","PokerPlayerMod:Harden"],"picked":"SKIP","floor":21.0},{"not_picked":["PokerPlayerMod:DartThrow","PokerPlayerMod:Club3","PokerPlayerMod:Diamond4"],"picked":"SKIP","floor":22.0},{"not_picked":["PokerPlayerMod:RiskyBet","PokerPlayerMod:Raise+1","PokerPlayerMod:PoorCopy"],"picked":"SKIP","floor":23.0},{"not_picked":["PokerPlayerMod:PoorCopy","PokerPlayerMod:Manipulation"],"picked":"PokerPlayerMod:CardBurn","floor":24.0},{"not_picked":["PokerPlayerMod:SpadeStrike","PokerPlayerMod:Club1"],"picked":"PokerPlayerMod:Diamond10+","floor":25.0},{"not_picked":["PokerPlayerMod:Spade4","PokerPlayerMod:Club2","PokerPlayerMod:JackOfSpades"],"picked":"SKIP","floor":28.0},{"not_picked":["PokerPlayerMod:Diamond4","PokerPlayerMod:Spade2","PokerPlayerMod:Extraction+1"],"picked":"SKIP","floor":30.0},{"not_picked":["PokerPlayerMod:Spade8","PokerPlayerMod:Diamond7"],"picked":"PokerPlayerMod:WildCard","floor":33.0},{"not_picked":["PokerPlayerMod:FlyingCard","PokerPlayerMod:Raise+1"],"picked":"PokerPlayerMod:CardBurn","floor":35.0},{"not_picked":["PokerPlayerMod:Spade1","PokerPlayerMod:Diamond1","PokerPlayerMod:Heart6"],"picked":"SKIP","floor":37.0},{"not_picked":["PokerPlayerMod:Spade2","PokerPlayerMod:Configure","PokerPlayerMod:Diamond4"],"picked":"SKIP","floor":40.0},{"not_picked":["PokerPlayerMod:CloakAndDiamond+1","PokerPlayerMod:DiamondStrike","PokerPlayerMod:DartThrow"],"picked":"SKIP","floor":41.0},{"not_picked":["PokerPlayerMod:Club4","PokerPlayerMod:Diamond2","PokerPlayerMod:Spade1"],"picked":"SKIP","floor":42.0},{"not_picked":["PokerPlayerMod:HiddenCard+1","PokerPlayerMod:Fold"],"picked":"PokerPlayerMod:Configure+1","floor":44.0},{"not_picked":["PokerPlayerMod:Fold","PokerPlayerMod:Diamond1","PokerPlayerMod:Diamond4"],"picked":"SKIP","floor":45},{"not_picked":["PokerPlayerMod:Spade4","PokerPlayerMod:Club4","PokerPlayerMod:Diamond4"],"picked":"SKIP","floor":47},{"not_picked":["PokerPlayerMod:DartThrow","PokerPlayerMod:SpadeStrike+1","PokerPlayerMod:Diamond5"],"picked":"SKIP","floor":48},{"not_picked":["PokerPlayerMod:Club2","Ball Lightning+1","PokerPlayerMod:Overdeal"],"picked":"SKIP","floor":54},{"not_picked":["PokerPlayerMod:Club2","Ball Lightning+1","PokerPlayerMod:Overdeal"],"picked":"SKIP","floor":54}],"player_experience":571092,"relics_obtained":[{"floor":6.0,"key":"Matryoshka"},{"floor":8.0,"key":"Shuriken"},{"floor":9.0,"key":"Lantern"},{"floor":23.0,"key":"Old Coin"},{"floor":25.0,"key":"PokerPlayerMod:CoolBox"},{"floor":26.0,"key":"PokerPlayerMod:ClubPass"},{"floor":26.0,"key":"Bronze Scales"},{"floor":28.0,"key":"PokerPlayerMod:Splitter"},{"floor":31.0,"key":"Enchiridion"},{"floor":40.0,"key":"Eternal Feather"},{"floor":40.0,"key":"PreservedInsect"},{"floor":42.0,"key":"Orichalcum"},{"floor":42.0,"key":"Akabeko"},{"floor":43.0,"key":"Ancient Tea Set"},{"floor":44.0,"key":"Dream Catcher"},{"floor":44.0,"key":"Thread and Needle"},{"floor":47,"key":"War Paint"},{"floor":47,"key":"Meat on the Bone"},{"floor":54,"key":"Happy Flower"},{"floor":54,"key":"Whetstone"}],"event_choices":[{"damage_healed":0.0,"max_hp_gain":0.0,"max_hp_loss":0.0,"gold_gain":0.0,"event_name":"Golden Idol","player_choice":"Take Damage","floor":2.0,"gold_loss":0.0,"damage_taken":13.0,"relics_obtained":["Golden Idol"]},{"cards_removed":["PokerPlayerMod:Spade1"],"damage_healed":0.0,"max_hp_gain":0.0,"max_hp_loss":0.0,"gold_gain":0.0,"event_name":"Living Wall","player_choice":"Forget","floor":4.0,"gold_loss":0.0,"damage_taken":0.0},{"damage_healed":0.0,"max_hp_gain":0.0,"max_hp_loss":0.0,"gold_gain":0.0,"event_name":"Match and Keep!","player_choice":"1 cards matched","floor":5.0,"gold_loss":0.0,"damage_taken":0.0,"cards_obtained":["PokerPlayerMod:Mulligan"]},{"damage_healed":0.0,"max_hp_gain":0.0,"max_hp_loss":0.0,"gold_gain":0.0,"event_name":"Cursed Tome","player_choice":"Obtained Book","floor":31.0,"gold_loss":0.0,"damage_taken":16.0},{"damage_healed":0.0,"max_hp_gain":0.0,"max_hp_loss":0.0,"gold_gain":0.0,"event_name":"Accursed Blacksmith","player_choice":"Forge","floor":39.0,"gold_loss":0.0,"damage_taken":0.0,"cards_upgraded":["PokerPlayerMod:CardBurn"]}],"is_beta":false,"boss_relics":[{"not_picked":["Ectoplasm","Coffee Dripper"],"picked":"SlaversCollar"},{"not_picked":["Busted Crown","Velvet Choker"],"picked":"Black Star"}],"items_purged_floors":[0,20,36,38,53,53],"is_endless":false,"potions_floor_spawned":[1,3,6,7,8,10,11,12,14,16,18,19,21,22,23,24,25,28,30,33,35,37,40,41,42,44,45,47,48,54],"ascension_level":3}}