{"host":"2pkirg8lp2j2yw4c","time":1614430693,"event":{"mods":["AchievementEnabler","BaseMod","BetterRewards","Colored Map","Colored Powertips","Curses Come First","Googly Eyes","Hubris","Infinite Spire","Minty Spire (QoL Compilation)","Quick Restart","Reliquary","StSLib","slay the spire mod where everything is the same but ironclad has a cowboy hat"],"gold_per_floor":[110,110,13,13,29,58,58,109,109,143,143,418,198,217,217,342,342,380,479,499,499],"floor_reached":20,"language":"ENG","playtime":672,"items_purged":["Regret"],"score":234,"play_id":"566ccb71-344f-421c-b9b5-e60d58c6a2ae","local_time":"20210227075813","is_ascension_mode":true,"campfire_choices":[{"floor":7,"key":"REST"},{"data":"hubris:DuctTapeCard","floor":11,"key":"SMITH"},{"data":"Hologram","floor":15,"key":"SMITH"}],"circlet_count":0,"master_deck":["Strike_B","Strike_B","Strike_B","Strike_B","Defend_B","Defend_B","Defend_B","Defend_B","Zap","Dualcast","Redo","HandOfGreed","Ball Lightning","Coolheaded","Coolheaded","Conserve Battery","hubris:DuctTapeCard+2","hubris:Ukulele","Defragment","Darkness","Hologram+1","Thunder Strike","Lockon"],"relics":["Cracked Core","hubris:Potato","Happy Flower","Pantograph","hubris:BottledRain","hubris:DuctTape","Black Star"],"acts_visited":["Exordium","TheCity"],"potions_floor_usage":[16],"damage_taken":[{"damage":3.0,"enemies":"Jaw Worm","floor":1.0,"turns":4.0},{"damage":0,"enemies":"Small Slimes","floor":5,"turns":2},{"damage":21,"enemies":"Gremlin Nob","floor":6,"turns":4},{"damage":8,"enemies":"3 Sentries","floor":8,"turns":6},{"damage":0,"enemies":"Cultist","floor":10,"turns":3},{"damage":4,"enemies":"2 Fungi Beasts","floor":14,"turns":2},{"damage":5,"enemies":"The Guardian","floor":16,"turns":8},{"damage":45,"enemies":"2 Thieves","floor":18,"turns":5},{"damage":23,"enemies":"3 Byrds","floor":20,"turns":3}],"seed_played":"7061925078834078913","potions_obtained":[{"floor":6,"key":"Strength Potion"},{"floor":10,"key":"Ancient Potion"},{"floor":14,"key":"Energy Potion"}],"is_trial":false,"path_per_floor":["M","?","$","?","M","E","R","E","T","M","R","?","$","M","R","B",null,"M","?","M"],"character_chosen":"DEFECT","items_purchased":["Defragment","Redo","HandOfGreed","Defragment","Coolheaded","Defragment","Darkness"],"campfire_rested":1,"item_purchase_floors":[0,0,0,3,3,13,13],"current_hp_per_floor":[41,38,38,38,38,17,39,31,31,31,31,31,31,27,27,47,68,23,23,0,0],"gold":499,"neow_bonus":"","is_daily":false,"chose_seed":false,"campfire_upgraded":2,"win_rate":0.0,"timestamp":1614430693,"path_taken":["M","?","$","?","M","E","R","E","T","M","R","?","$","?","R","BOSS","M","?","M"],"items_purchased_type":["Card","Card","Card","Card","Card","Card","Card"],"build_version":"2020-12-22","purchased_purges":1,"victory":false,"max_hp_per_floor":[75,75,75,75,75,75,75,75,75,75,75,75,75,75,75,75,75,75,75,75,75],"card_choices":[{"not_picked":["Steam","Blizzard"],"picked":"Ball Lightning","floor":1.0},{"not_picked":["hubris:Ukulele","hubris:DoWhile"],"picked":"Coolheaded","floor":5},{"not_picked":["Hyperbeam","Undo"],"picked":"Conserve Battery","floor":6},{"not_picked":["Conserve Battery","Go for the Eyes","Scrape"],"picked":"SKIP","floor":8},{"not_picked":["Ball Lightning","Beam Cell"],"picked":"hubris:Ukulele","floor":10},{"not_picked":["Turbo","Stack"],"picked":"Hologram","floor":14},{"not_picked":["hubris:Prefetch","Fission"],"picked":"Thunder Strike","floor":16},{"not_picked":["Turbo","hubris:Ukulele"],"picked":"Lockon","floor":18}],"player_experience":173143,"relics_obtained":[{"floor":4,"key":"Pantograph"},{"floor":6,"key":"hubris:BottledRain"},{"floor":8,"key":"hubris:DuctTape"}],"event_choices":[{"damage_healed":0,"gold_gain":0,"player_choice":"Success","damage_taken":3,"relics_obtained":["Happy Flower"],"max_hp_gain":0,"max_hp_loss":0,"event_name":"Scrap Ooze","floor":2,"gold_loss":0},{"damage_healed":0,"gold_gain":275,"player_choice":"Desecrate","damage_taken":0,"max_hp_gain":0,"max_hp_loss":0,"event_name":"Golden Shrine","floor":12,"gold_loss":0,"cards_obtained":["Regret"]},{"damage_healed":0,"gold_gain":99,"player_choice":"Stole From Cult","damage_taken":0,"max_hp_gain":0,"max_hp_loss":0,"event_name":"Nest","floor":19,"gold_loss":0}],"is_beta":false,"boss_relics":[{"not_picked":["reliquary:KinkedSpring","reliquary:ThirdArm"],"picked":"Black Star"}],"items_purged_floors":[13],"is_endless":false,"potions_floor_spawned":[6,10,14],"killed_by":"3 Byrds","ascension_level":6}}