{"host":"sr8h12zimc8zi8zs","time":1614408419,"event":{"mods":["2.2 Compatiblity","AchievementEnabler","BaseMod","CapriCore","Colored Map","GifTheSpireLib","GungeonMod","Minty Spire (QoL Compilation)","Permanent Neow","StSLib","The Jungle"],"gold_per_floor":[119,145,155,155,168,168,7,7,7,7,25,55,75,93,93,200,200,217,217,217,237,152,164,194,206,218,247,293,305,317,344,356,476,488,518,546,573,60,77,77,109,109,109,125,125,137,153,7,7,7,7,7,7,39,44],"floor_reached":56,"language":"KOR","playtime":4463,"items_purged":["DemoMod:Strike_Huntress+1"],"score":1199,"play_id":"8d92b4a3-3631-4de7-99fa-f3ffbfdbdebf","local_time":"20210227154659","is_ascension_mode":false,"campfire_choices":[{"data":"DemoMod:ManualReload","floor":6,"key":"SMITH"},{"data":"DemoMod:TableSutra","floor":8,"key":"SMITH"},{"floor":10,"key":"RECALL"},{"data":"DemoMod:RustySidearm","floor":15,"key":"SMITH"},{"data":"DemoMod:BlankBullets","floor":23,"key":"SMITH"},{"data":"DemoMod:Roll","floor":25,"key":"SMITH"},{"data":"DemoMod:Slinger","floor":30,"key":"SMITH"},{"data":"DemoMod:DirectionalPad","floor":32,"key":"SMITH"},{"data":"DemoMod:BlankBullets","floor":40,"key":"SMITH"},{"data":"DemoMod:ManualReload","floor":45,"key":"SMITH"},{"data":"DemoMod:HungryBullets","floor":49,"key":"SMITH"},{"data":"DemoMod:CrossBow","floor":52,"key":"SMITH"}],"circlet_count":0,"master_deck":["DemoMod:Strike_Huntress+1","DemoMod:Strike_Huntress+1","DemoMod:Defend_Huntress+1","DemoMod:Defend_Huntress+1","DemoMod:Defend_Huntress+1","DemoMod:Defend_Huntress+1","DemoMod:Roll+1","DemoMod:ManualReload+1","DemoMod:RustySidearm+1","DemoMod:CrossBow+1","DemoMod:DirectionalPad+1","DemoMod:TableSutra+1","DemoMod:StickyCrossBow+1","DemoMod:CombinedRifle+1","DemoMod:DirectionalPad+1","DemoMod:StickyCrossBow+1","DemoMod:BlankBullets+1","DemoMod:SniperShot+1","DemoMod:ZorGun+1","DemoMod:Unity+1","DemoMod:AWP+1","DemoMod:Slinger+1","DemoMod:TripleGun+1","DemoMod:BlankBullets+1","DemoMod:HuntsMan+1","DemoMod:HungryBullets+1","DemoMod:DarkMarker+1","DemoMod:CursedBullets+1","DemoMod:ManualReload+1","DemoMod:FastSwitch+1","DemoMod:FightSabre+1"],"relics":["DemoMod:Dog","FossilizedHelix","DemoMod:ClearGuonStone","Molten Egg 2","DemoMod:GnawedKey","Shuriken","DemoMod:SerJunkan","DemoMod:Test1","MawBank","DemoMod:Junk","DemoMod:Wolf","CaptainsWheel","Sling","Oddly Smooth Stone","Membership Card"],"acts_visited":["Exordium","TheCity","TheBeyond","TheEnding"],"potions_floor_usage":[18,50,55,55],"damage_taken":[{"damage":0,"enemies":"Cultist","floor":1,"turns":3},{"damage":0,"enemies":"Jaw Worm","floor":3,"turns":3},{"damage":0,"enemies":"2 Louse","floor":5,"turns":2},{"damage":0,"enemies":"Looter","floor":11,"turns":3},{"damage":0,"enemies":"Lagavulin","floor":12,"turns":5},{"damage":0,"enemies":"3 Louse","floor":14,"turns":3},{"damage":13,"enemies":"The Guardian","floor":16,"turns":6},{"damage":0,"enemies":"3 Byrds","floor":18,"turns":5},{"damage":0,"enemies":"2 Thieves","floor":21,"turns":4},{"damage":0,"enemies":"Snecko","floor":24,"turns":4},{"damage":0,"enemies":"Snake Plant","floor":27,"turns":3},{"damage":0,"enemies":"Gremlin Leader","floor":28,"turns":6},{"damage":0,"enemies":"3 Cultists","floor":31,"turns":4},{"damage":27,"enemies":"Champ","floor":33,"turns":8},{"damage":0,"enemies":"Orb Walker","floor":35,"turns":2},{"damage":8,"enemies":"3 Shapes","floor":36,"turns":3},{"damage":0,"enemies":"Maw","floor":37,"turns":5},{"damage":5,"enemies":"Writhing Mass","floor":39,"turns":5},{"damage":0,"enemies":"Reptomancer","floor":41,"turns":5},{"damage":0,"enemies":"Spire Growth","floor":44,"turns":4},{"damage":0,"enemies":"Maw","floor":46,"turns":5},{"damage":0,"enemies":"Sphere and 2 Shapes","floor":47,"turns":3},{"damage":27,"enemies":"Time Eater","floor":50,"turns":10},{"damage":16,"enemies":"Shield and Spear","floor":54,"turns":5},{"damage":16,"enemies":"The Heart","floor":55,"turns":9}],"seed_played":"7234398221189067478","potions_obtained":[{"floor":3,"key":"EssenceOfSteel"},{"floor":5,"key":"Dexterity Potion"},{"floor":12,"key":"Swift Potion"},{"floor":14,"key":"BlessingOfTheForge"},{"floor":27,"key":"Fire Potion"},{"floor":54,"key":"Energy Potion"}],"is_trial":false,"path_per_floor":["M","T","M","T","M","R","$","R","T","R","M","E","?","M","R","B",null,"M","?","?","M","?","R","M","R","T","M","E","$","R","M","R","B",null,"M","M","M","$","M","R","E","?","T","M","R","M","M","$","R","B",null,"R","$","E","B",null],"character_chosen":"HUNTRESS","items_purchased":["DemoMod:GnawedKey","DemoMod:StickyCrossBow+1","CaptainsWheel","Sling","Membership Card"],"campfire_rested":0,"item_purchase_floors":[7,7,38,38,48],"current_hp_per_floor":[63,63,63,63,63,63,63,63,63,63,63,63,63,63,63,50,63,63,63,63,63,63,63,63,63,63,63,63,63,63,63,63,36,63,63,55,55,55,50,50,50,50,50,50,50,50,50,50,50,23,63,63,63,47,31],"gold":44,"neow_bonus":"ONE_RARE_RELIC","is_daily":false,"chose_seed":false,"campfire_upgraded":11,"win_rate":0.0,"timestamp":1614408419,"path_taken":["M","?","M","?","M","R","?","R","T","R","M","E","?","M","R","BOSS","M","?","?","M","?","R","M","R","T","M","E","$","R","M","R","BOSS","M","M","M","$","M","R","E","?","T","M","R","M","M","?","R","BOSS","R","$","E","BOSS"],"items_purchased_type":["Relic","Card","Relic","Relic","Relic"],"build_version":"2020-12-22","purchased_purges":1,"victory":true,"max_hp_per_floor":[63,63,63,63,63,63,63,63,63,63,63,63,63,63,63,63,63,63,63,63,63,63,63,63,63,63,63,63,63,63,63,63,63,63,63,63,63,63,63,63,63,63,63,63,63,63,63,63,63,63,63,63,63,63,63],"card_choices":[{"not_picked":["DemoMod:BoxingGlove","DemoMod:Unmoved"],"picked":"DemoMod:DirectionalPad","floor":1},{"not_picked":["DemoMod:MachoBrace","DemoMod:BattleInHaste","DemoMod:Ejector"],"picked":"SKIP","floor":3},{"not_picked":["DemoMod:TeaPot+1","DemoMod:ShadowBullets"],"picked":"DemoMod:TableSutra","floor":5},{"not_picked":["DemoMod:Unmoved","DemoMod:BattleInHaste"],"picked":"DemoMod:CombinedRifle+1","floor":11},{"not_picked":["DemoMod:AC15+1","DemoMod:SAA+1"],"picked":"DemoMod:DirectionalPad+1","floor":12},{"not_picked":["DemoMod:ConditionalReflex","DemoMod:PracticeMakesPerfect"],"picked":"DemoMod:StickyCrossBow+1","floor":14},{"not_picked":["DemoMod:BulletBore+1","DemoMod:Slinger"],"picked":"DemoMod:BlankBullets","floor":16},{"not_picked":["DemoMod:StickyCrossBow+1","DemoMod:BoxingGlove+1"],"picked":"DemoMod:SniperShot+1","floor":18},{"not_picked":["DemoMod:DirectionalPad+1","DemoMod:PotionOfGunFriendShip"],"picked":"DemoMod:ZorGun+1","floor":21},{"not_picked":["DemoMod:FortunesFavor","DemoMod:HuntsMan+1"],"picked":"DemoMod:Unity+1","floor":24},{"not_picked":["DemoMod:GunstockTap+1","DemoMod:SAA+1"],"picked":"DemoMod:AWP+1","floor":27},{"not_picked":["DemoMod:DirectionalPad+1","DemoMod:AWP+1"],"picked":"DemoMod:Slinger","floor":27},{"not_picked":["DemoMod:ChanceBullets","DemoMod:HardPowerCard"],"picked":"DemoMod:TripleGun+1","floor":28},{"not_picked":["DemoMod:DirectionalPad+1","DemoMod:FastSwitch","DemoMod:Camera+1"],"picked":"SKIP","floor":31},{"not_picked":["DemoMod:Elimentaler+1","DemoMod:GunslingerForm"],"picked":"DemoMod:BlankBullets","floor":33},{"not_picked":["DemoMod:DirectionalPad+1","DemoMod:Polaris+1"],"picked":"DemoMod:HuntsMan+1","floor":35},{"not_picked":["DemoMod:BattleInHaste","DemoMod:StickyCrossBow+1"],"picked":"DemoMod:HungryBullets","floor":36},{"not_picked":["DemoMod:GunstockTap+1","DemoMod:HardPowerCard"],"picked":"DemoMod:DarkMarker+1","floor":37},{"not_picked":["DemoMod:JK47+1","DemoMod:Ejector"],"picked":"DemoMod:CursedBullets+1","floor":39},{"not_picked":["DemoMod:HungryBullets+1","DemoMod:AWP+1","DemoMod:ChanceBullets"],"picked":"SKIP","floor":41},{"not_picked":["DemoMod:PotionOfGunFriendShip+1","DemoMod:StickyCrossBow+1"],"picked":"DemoMod:FastSwitch+1","floor":44},{"not_picked":["DemoMod:CombinedRifle+1","DemoMod:StickyCrossBow+1"],"picked":"DemoMod:FightSabre+1","floor":46},{"not_picked":["DemoMod:GunShield","DemoMod:Polaris+1","DemoMod:Ejector"],"picked":"SKIP","floor":47},{"not_picked":["DemoMod:AWP+1","DemoMod:Unmoved","DemoMod:ChanceBullets+1"],"picked":"SKIP","floor":54}],"player_experience":164721,"relics_obtained":[{"floor":2,"key":"DemoMod:ClearGuonStone"},{"floor":4,"key":"Molten Egg 2"},{"floor":9,"key":"Shuriken"},{"floor":12,"key":"DemoMod:SerJunkan"},{"floor":28,"key":"DemoMod:Junk"},{"floor":41,"key":"Oddly Smooth Stone"},{"floor":43,"key":"DemoMod:Junk"},{"floor":54,"key":"DemoMod:Junk"}],"event_choices":[{"damage_healed":0,"gold_gain":0,"player_choice":"Simplicity","damage_taken":0,"max_hp_gain":0,"max_hp_loss":0,"event_name":"Back to Basics","floor":19,"gold_loss":0,"cards_upgraded":["DemoMod:Strike_Huntress","DemoMod:Strike_Huntress","DemoMod:Strike_Huntress","DemoMod:Defend_Huntress","DemoMod:Defend_Huntress","DemoMod:Defend_Huntress","DemoMod:Defend_Huntress"]},{"damage_healed":0,"gold_gain":0,"player_choice":"Ignored","damage_taken":0,"max_hp_gain":0,"max_hp_loss":0,"event_name":"Vampires","floor":20,"gold_loss":0},{"damage_healed":0,"gold_gain":0,"player_choice":"Obtained Relic","damage_taken":0,"relics_obtained":["MawBank"],"max_hp_gain":0,"max_hp_loss":0,"event_name":"Addict","floor":22,"gold_loss":85},{"damage_healed":0,"gold_gain":0,"player_choice":"1 cards matched","damage_taken":0,"max_hp_gain":0,"max_hp_loss":0,"event_name":"Match and Keep!","floor":42,"gold_loss":0,"cards_obtained":["DemoMod:ManualReload"]}],"is_beta":false,"boss_relics":[{"not_picked":["Philosopher\u0027s Stone","Sozu"],"picked":"DemoMod:Test1"},{"not_picked":["Pandora\u0027s Box","Runic Dome"],"picked":"DemoMod:Wolf"}],"items_purged_floors":[38],"is_endless":false,"potions_floor_spawned":[3,5,12,14,27,31,35,47,54],"ascension_level":0}}