{"host":"9kesdg97wkrx2bva","time":1614417679,"event":{"mods":["AchievementEnabler","BaseMod","Colored Map","GifTheSpireLib","Infinite Spire","Minty Spire (QoL Compilation)","Replay The Spire","StSLib"],"gold_per_floor":[111,111,36,36,51,51,87,112,137,137,137,212,212,23,23,23,23],"floor_reached":16,"language":"ENG","playtime":231,"items_purged":["Strike_G","Strike_G"],"score":236,"play_id":"c690db96-8517-44ba-9882-12f5f2bd6c23","local_time":"20210227032119","is_ascension_mode":true,"campfire_choices":[{"data":"Backstab","floor":6,"key":"SMITH"},{"data":"Footwork","floor":11,"key":"SMITH"},{"floor":13,"key":"REST"},{"data":"ReplayTheSpireMod:Scrap Shanks","floor":15,"key":"SMITH"}],"circlet_count":0,"master_deck":["AscendersBane","Strike_G","Strike_G","Strike_G","Defend_G","Defend_G","Defend_G","Defend_G","Defend_G","Survivor","Neutralize","Backstab+1","Dagger Spray","Terror","Footwork+1","infinitespire:Menacing","ReplayTheSpireMod:Scrap Shanks+1"],"relics":["Ring of the Snake","NeowsBlessing","Golden Idol","Nunchaku","Tingsha","MealTicket"],"acts_visited":["Exordium"],"potions_floor_usage":[16],"damage_taken":[{"damage":0,"enemies":"Jaw Worm","floor":1,"turns":1},{"damage":0,"enemies":"Small Slimes","floor":5,"turns":1},{"damage":0,"enemies":"Lagavulin","floor":7,"turns":1},{"damage":0,"enemies":"Cultist","floor":8,"turns":2},{"damage":67,"enemies":"Hexaghost","floor":16,"turns":12}],"seed_played":"8099712553122808397","potions_obtained":[{"floor":1,"key":"Strength Potion"},{"floor":8,"key":"Poison Potion"}],"is_trial":false,"path_per_floor":["M","?","$","?","M","R","E","M","T","?","R","?","R","$","R","B"],"character_chosen":"THE_SILENT","items_purchased":["ReplayTheSpireMod:Scrap Shanks"],"campfire_rested":1,"item_purchase_floors":[14],"current_hp_per_floor":[59,59,59,59,59,59,59,59,59,44,44,33,51,60,60,0,0],"gold":23,"neow_bonus":"THREE_ENEMY_KILL","is_daily":false,"chose_seed":false,"campfire_upgraded":3,"win_rate":0.0,"timestamp":1614417679,"path_taken":["M","?","$","?","M","R","E","?","T","?","R","?","R","?","R","BOSS"],"items_purchased_type":["Card"],"build_version":"2020-12-22","purchased_purges":2,"victory":false,"max_hp_per_floor":[66,60,60,60,60,60,60,60,60,60,60,60,60,60,60,60,60],"card_choices":[{"not_picked":["Prepared","Dodge and Roll"],"picked":"Backstab","floor":1},{"not_picked":["Dagger Throw","Poisoned Stab"],"picked":"Dagger Spray","floor":5},{"not_picked":["Cloak And Dagger","Deflect"],"picked":"Terror","floor":7},{"not_picked":["PiercingWail","ReplayTheSpireMod:Speed Training"],"picked":"Footwork","floor":8},{"not_picked":["infinitespire:Punishment","ReplayTheSpireMod:Haul"],"picked":"infinitespire:Menacing","floor":10}],"player_experience":1062390,"relics_obtained":[{"floor":7,"key":"Tingsha"},{"floor":9,"key":"MealTicket"}],"event_choices":[{"damage_healed":0,"gold_gain":0,"player_choice":"Lose Max HP","damage_taken":0,"relics_obtained":["Golden Idol"],"max_hp_gain":0,"max_hp_loss":6,"event_name":"Golden Idol","floor":2,"gold_loss":0},{"damage_healed":0,"gold_gain":0,"player_choice":"Gave Potion","damage_taken":0,"relics_obtained":["Nunchaku"],"max_hp_gain":0,"max_hp_loss":0,"event_name":"WeMeetAgain","floor":4,"gold_loss":0},{"damage_healed":0,"gold_gain":75,"player_choice":"Gather Gold","damage_taken":11,"max_hp_gain":0,"max_hp_loss":0,"event_name":"World of Goop","floor":12,"gold_loss":0}],"is_beta":false,"boss_relics":[],"items_purged_floors":[3,14],"is_endless":false,"potions_floor_spawned":[1,8],"killed_by":"Hexaghost","ascension_level":19}}