{"host":"tj45uo9npo129mc6","time":1614411286,"event":{"mods":["AchievementEnabler","BaseMod","Colored Powertips","Downfall","Friendly Minions","Hubris","Infinite Spire","Kiyohime????","LagranYue(???·?)","Minty Spire (QoL Compilation)","Quick Restart","Remilia??????","StSLib","The Animator","The Bladedancer","The Cursed","The Servant 0.9.4"],"gold_per_floor":[113,113,113,113,131,131,163,163,243,243,258,258,258,283,283,283,283],"floor_reached":16,"language":"FRA","playtime":888,"items_purged":[],"score":106,"play_id":"1aa4637d-ed7c-4e05-baa3-f24670f92648","local_time":"20210227083446","is_ascension_mode":false,"campfire_choices":[{"floor":6,"key":"RECALL"},{"data":"LikeWater","floor":8,"key":"SMITH"},{"data":"Vigilance","floor":10,"key":"SMITH"},{"floor":13,"key":"REST"},{"floor":15,"key":"REST"}],"circlet_count":0,"master_deck":["Strike_P","Strike_P","Strike_P","Strike_P+1","Defend_P","Defend_P","Defend_P","Defend_P+1","Eruption+1","Vigilance+1","Conclude","Evaluate","LikeWater+1","Tantrum","Consecrate"],"relics":["PureWater","LagranYue:RandomDrawCardRelic","infinitespire:Lucky Rock","hubris:Metronome","Regal Pillow","ScarletDevilRocket"],"acts_visited":["Exordium"],"potions_floor_usage":[16,16],"damage_taken":[{"damage":2,"enemies":"2 Louse","floor":1,"turns":4},{"damage":0,"enemies":"Small Slimes","floor":5,"turns":1},{"damage":12,"enemies":"Lagavulin","floor":7,"turns":6},{"damage":0,"enemies":"Cultist","floor":11,"turns":1},{"damage":18,"enemies":"3 Sentries","floor":14,"turns":3},{"damage":73,"enemies":"Hexaghost","floor":16,"turns":2}],"seed_played":"-7519749254624443112","potions_obtained":[{"floor":1,"key":"Fire Potion"},{"floor":7,"key":"DistilledChaos"}],"is_trial":false,"path_per_floor":["M","?","?","?","M","R","E","R","T","R","M","?","R","E","R","B"],"character_chosen":"WATCHER","items_purchased":[],"campfire_rested":2,"item_purchase_floors":[],"current_hp_per_floor":[70,63,63,63,63,63,51,51,51,51,51,37,72,54,72,0,0],"gold":283,"neow_bonus":"RANDOM_COMMON_RELIC","is_daily":false,"chose_seed":false,"campfire_upgraded":2,"win_rate":0.0,"timestamp":1614411286,"path_taken":["M","?","?","?","M","R","E","R","T","R","?","?","R","E","R","BOSS"],"items_purchased_type":[],"build_version":"2020-12-22","purchased_purges":0,"victory":false,"max_hp_per_floor":[72,72,72,72,72,72,72,72,72,72,72,72,72,72,72,72,72],"card_choices":[{"not_picked":["WaveOfTheHand","Worship"],"picked":"Conclude","floor":1},{"not_picked":["CutThroughFate","JustLucky"],"picked":"Evaluate","floor":5},{"not_picked":["Evaluate","Halt"],"picked":"LikeWater","floor":7},{"not_picked":["Sanctity","CutThroughFate"],"picked":"Tantrum","floor":11},{"not_picked":["Worship","Pray"],"picked":"Consecrate","floor":14}],"player_experience":269704,"relics_obtained":[{"floor":3,"key":"Regal Pillow"},{"floor":14,"key":"ScarletDevilRocket"}],"event_choices":[{"damage_healed":0,"gold_gain":0,"player_choice":"Success","damage_taken":7,"relics_obtained":["hubris:Metronome"],"max_hp_gain":0,"max_hp_loss":0,"event_name":"Scrap Ooze","floor":2,"gold_loss":0},{"damage_healed":0,"gold_gain":0,"player_choice":"Forge","damage_taken":0,"max_hp_gain":0,"max_hp_loss":0,"event_name":"Accursed Blacksmith","floor":4,"gold_loss":0,"cards_upgraded":["Eruption"]},{"damage_healed":0,"gold_gain":0,"player_choice":"Entered Light","damage_taken":14,"max_hp_gain":0,"max_hp_loss":0,"event_name":"Shining Light","floor":12,"gold_loss":0,"cards_upgraded":["Defend_P","Strike_P"]}],"is_beta":false,"boss_relics":[],"items_purged_floors":[],"is_endless":false,"potions_floor_spawned":[1,7],"killed_by":"Hexaghost","ascension_level":0}}