{"host":"qwb18rbrg3wnmsho","time":1614443227,"event":{"mods":["ATMod(°¢èªMod)","Act Like it!","BaseMod","BetterRewards","Gensokyo","Minty Spire (QoL Compilation)","Potion Indicator Mod","Quarter Circle Forward PUNCH!","Reliquary","Remilia£¨ÀÙÃ×ÀòÑÇ£©","Replay The Spire","StSLib","Wide Potions","[IsaacMod]ÒÔÈö¼âËþ"],"gold_per_floor":[112,62,80,132,149,149,160,190,190,190,220,220,63,82,82,157,157,174,273,300,317,333,363,363,363,363,397,96,129,143,176,176,249,249,262,313,328,346,346,374,374,152,152,152,25,39,65,132,132,257],"floor_reached":51,"language":"ZHS","playtime":2692,"items_purged":["Defend_RM","Strike_RM"],"score":1626,"play_id":"b4ce8563-0646-4448-9293-c41ed6d5d680","local_time":"20210228002707","is_ascension_mode":true,"campfire_choices":[{"floor":6.0,"key":"REST"},{"data":"ScarletImprint","floor":15.0,"key":"SMITH"},{"floor":25.0,"key":"REST"},{"data":"NightLord","floor":32.0,"key":"SMITH"},{"data":"EternalNight","floor":41,"key":"SMITH"},{"data":"BloodySeventeenLaser","floor":44,"key":"SMITH"},{"data":"NightLord","floor":49,"key":"SMITH"}],"circlet_count":0,"master_deck":["AscendersBane","Defend_RM+1","Defend_RM+1","Defend_RM+1","RedMoon","ScarletShoot","AT_FamilyPortrait","MastersStateliness","BloodySeventeenLaser+1","NightLord","CharismaGuard","EternalNight+1","HunterOfTheNight","ScarletImprint+1","Stigmanizer+1","TricksterDevil","Necronomicurse","MiserableFate","NightLord+1","BombardNight+1","ForecastOfChange","MillenniumVampire","NightLord","NightLord+1"],"relics":["ScarletHat","HushsDoor","AT_ATBox","Pet Ghost","SatanicBible","Kunai","Replay:Bottled Steam","White Beast Statue","Kunai","qcfpunch:Broken_Tusk","Replay:Bronze Core","Red Mask","Replay:Bottled Eggs","HowToJump","Necronomicon","reliquary:NewFriend","Bag of Preparation","Lee\u0027s Waffle","AT_EbonyIvory","reliquary:Boomerang","BlankCard","Empty Cage","Counterbalance","MoneyPower","Membership Card","Bag of Marbles","D4","BookOfRevelations","AT_MibuBalloonWealth"],"acts_visited":["Exordium","TheCity","TheBeyond"],"potions_floor_usage":[33,40,40],"damage_taken":[{"damage":2.0,"enemies":"Small Slimes","floor":1.0,"turns":4.0},{"damage":3.0,"enemies":"Jaw Worm","floor":3.0,"turns":6.0},{"damage":0.0,"enemies":"2 Louse","floor":5.0,"turns":3.0},{"damage":1.0,"enemies":"2 Fungi Beasts","floor":7.0,"turns":4.0},{"damage":3.0,"enemies":"Replay:BlueRogue","floor":8.0,"turns":7.0},{"damage":0.0,"enemies":"Lagavulin","floor":11.0,"turns":9.0},{"damage":0.0,"enemies":"Red Slaver","floor":14.0,"turns":1.0},{"damage":0.0,"enemies":"The Guardian","floor":16.0,"turns":9.0},{"damage":10.0,"enemies":"Shell Parasite","floor":18.0,"turns":3.0},{"damage":5.0,"enemies":"Masked Bandits","floor":20.0,"turns":3.0},{"damage":0.0,"enemies":"Spheric Guardian","floor":21.0,"turns":2.0},{"damage":0.0,"enemies":"Cultist and Chosen","floor":22.0,"turns":1.0},{"damage":32.0,"enemies":"Slavers","floor":23.0,"turns":4.0},{"damage":12.0,"enemies":"Replay:Snechameleon","floor":27.0,"turns":5.0},{"damage":16.0,"enemies":"Gremlin Leader","floor":29.0,"turns":4.0},{"damage":0.0,"enemies":"Shelled Parasite and Fungi","floor":30.0,"turns":2.0},{"damage":11.0,"enemies":"Slavers","floor":31.0,"turns":4.0},{"damage":18,"enemies":"Champ","floor":33,"turns":5},{"damage":0,"enemies":"3 Darklings","floor":35,"turns":2},{"damage":4,"enemies":"2 Orb Walkers","floor":36,"turns":3},{"damage":4,"enemies":"Orb Walker","floor":37,"turns":2},{"damage":7,"enemies":"3 Darklings","floor":38,"turns":2},{"damage":0,"enemies":"Reptomancer","floor":40,"turns":3},{"damage":0,"enemies":"Jaw Worm Horde","floor":46,"turns":1},{"damage":0,"enemies":"Nemesis","floor":47,"turns":1},{"damage":1,"enemies":"Spire Growth","floor":48,"turns":2},{"damage":5,"enemies":"Awakened One","floor":50,"turns":5}],"seed_played":"-4910666215498926194","potions_obtained":[{"floor":1.0,"key":"BlessingOfTheForge"},{"floor":5.0,"key":"Weak Potion"},{"floor":11.0,"key":"AttackPotion"},{"floor":14.0,"key":"CultistPotion"},{"floor":16.0,"key":"BlessingOfTheForge"},{"floor":20.0,"key":"ColorlessPotion"},{"floor":22.0,"key":"CultistPotion"},{"floor":33,"key":"Fire Potion"},{"floor":35,"key":"Flashbang"},{"floor":40,"key":"SmokeBomb"},{"floor":46,"key":"GamblersBrew"},{"floor":48,"key":"FairyPotion"}],"is_trial":false,"path_per_floor":["M","?","M","?","M","R","M","E","T","?","E","T","$","M","R","B",null,"M","?","?","M","M","E","?","R","T","E","$","E","M","E","R","B",null,"M","?","M","M","?","E","R","$","T","R","$","M","E","M","R","B",null],"character_chosen":"REMILIA","items_purchased":["HunterOfTheNight","Lee\u0027s Waffle","AT_EbonyIvory","Membership Card","Bag of Marbles","BookOfRevelations"],"campfire_rested":2,"item_purchase_floors":[13,28,28,42,42,45],"current_hp_per_floor":[61,61,58,30,30,51,50,51,51,56,59,59,59,61,61,75,75,66,66,63,63,63,33,17,39,39,32,82,71,71,63,63,65,78,78,78,75,69,69,74,74,74,74,74,74,74,77,78,78,81],"gold":257,"neow_bonus":"RANDOM_COMMON_RELIC","is_daily":false,"chose_seed":false,"campfire_upgraded":5,"win_rate":0.0,"timestamp":1614443227,"path_taken":["M","?","M","?","?","R","M","E","T","?","E","?","$","M","R","BOSS","M","?","?","M","M","E","?","R","T","E","$","E","M","E","R","BOSS","M","?","M","?","?","E","R","?","T","R","$","M","E","M","R","BOSS"],"items_purchased_type":["Card","Relic","Relic","Relic","Relic","Relic"],"build_version":"2020-12-22","purchased_purges":2,"victory":true,"max_hp_per_floor":[70,70,70,70,70,70,70,70,70,75,75,75,75,75,75,75,75,75,75,75,75,75,75,75,75,75,75,82,82,82,82,82,82,82,82,82,82,82,82,82,82,82,82,82,82,82,82,82,82,82],"card_choices":[{"not_picked":["CharismaGuard","Bomb"],"picked":"MastersStateliness","floor":1.0},{"not_picked":["RedRainbow","EndlessAdversity"],"picked":"BloodySeventeenLaser","floor":3.0},{"not_picked":["UnstableMagic","CharismaGuard"],"picked":"Bomb","floor":4.0},{"not_picked":["FavorOfDestiny","StarOfDavid"],"picked":"NightLord","floor":5.0},{"not_picked":["NightLord","RedNightlessCastle"],"picked":"Bomb","floor":7.0},{"not_picked":["NightDance","EternalNight"],"picked":"CharismaGuard","floor":8.0},{"not_picked":["BloodyTrap","Ultimatum"],"picked":"EternalNight","floor":11.0},{"not_picked":["UnstableMagic","CeilingFear"],"picked":"ScarletImprint","floor":14.0},{"not_picked":["BloodHunter","ScarletDevil+1"],"picked":"Stigmanizer+1","floor":18.0},{"not_picked":["DemonKingCradle","NightDance","BloodHunter+1"],"picked":"SKIP","floor":21.0},{"not_picked":["VampireKiss","Septette"],"picked":"TricksterDevil","floor":22.0},{"not_picked":["ScarletDevil","VampireKiss","UnderTheZenith"],"picked":"SKIP","floor":23.0},{"not_picked":["ForbiddenFruit","RedNightlessCastle+1"],"picked":"MiserableFate","floor":27.0},{"not_picked":["DiffusionOfMisfortune","NightDance"],"picked":"NightLord","floor":29.0},{"not_picked":["BlasphemousPunishment","ScarletImprint","BloodHunter"],"picked":"SKIP","floor":30.0},{"not_picked":["StarOfDavid","ScarletDream"],"picked":"BombardNight+1","floor":31.0},{"not_picked":["UnstableMagic","Stigmanizer","VampireFantasy"],"picked":"SKIP","floor":35},{"not_picked":["MillenniumVampire+1","BloodHunter"],"picked":"ForecastOfChange","floor":37},{"not_picked":["StarOfDavid","ScarletDream","CharismaGuard"],"picked":"SKIP","floor":38},{"not_picked":["StarOfDavid","Ultimatum"],"picked":"MillenniumVampire","floor":40},{"not_picked":["BloodyTrap","UnstableMagic+1"],"picked":"NightLord","floor":46},{"not_picked":["ScarletImprint+1","AfternoonTea+1","VampireKiss"],"picked":"SKIP","floor":47},{"not_picked":["CharismaGuard","GlobalNightmare"],"picked":"NightLord","floor":48}],"player_experience":310614,"relics_obtained":[{"floor":4.0,"key":"Kunai"},{"floor":8.0,"key":"Replay:Bottled Steam"},{"floor":9.0,"key":"White Beast Statue"},{"floor":11.0,"key":"reliquary:SculptingSteel"},{"floor":12.0,"key":"qcfpunch:Broken_Tusk"},{"floor":20.0,"key":"Red Mask"},{"floor":23.0,"key":"Replay:Bottled Eggs"},{"floor":23.0,"key":"HowToJump"},{"floor":24.0,"key":"Necronomicon"},{"floor":26.0,"key":"reliquary:NewFriend"},{"floor":27.0,"key":"Bag of Preparation"},{"floor":29.0,"key":"reliquary:Boomerang"},{"floor":31.0,"key":"BlankCard"},{"floor":36,"key":"Counterbalance"},{"floor":40,"key":"MoneyPower"},{"floor":43,"key":"D4"},{"floor":47,"key":"AT_MibuBalloonWealth"}],"event_choices":[{"cards_removed":["Strike_RM"],"damage_healed":0.0,"max_hp_gain":0.0,"max_hp_loss":0.0,"gold_gain":0.0,"event_name":"The Cleric","player_choice":"Card Removal","floor":2.0,"gold_loss":50.0,"damage_taken":0.0},{"damage_healed":0.0,"max_hp_gain":5.0,"max_hp_loss":0.0,"gold_gain":0.0,"event_name":"Big Fish","player_choice":"Donut","floor":10.0,"gold_loss":0.0,"damage_taken":0.0},{"damage_healed":0.0,"max_hp_gain":0.0,"max_hp_loss":0.0,"gold_gain":99.0,"event_name":"Nest","player_choice":"Stole From Cult","floor":19.0,"gold_loss":0.0,"damage_taken":0.0},{"damage_healed":0.0,"max_hp_gain":0.0,"max_hp_loss":0.0,"gold_gain":0.0,"event_name":"Masked Bandits","player_choice":"Fought Bandits","floor":20.0,"gold_loss":0.0,"damage_taken":0.0},{"damage_healed":0.0,"max_hp_gain":0.0,"max_hp_loss":0.0,"gold_gain":0.0,"event_name":"Cursed Tome","player_choice":"Obtained Book","floor":24.0,"gold_loss":0.0,"damage_taken":16.0},{"damage_healed":0,"gold_gain":0,"player_choice":"Fight","damage_taken":0,"max_hp_gain":0,"max_hp_loss":0,"event_name":"Mysterious Sphere","floor":36,"gold_loss":0},{"damage_healed":0,"gold_gain":0,"player_choice":"Bought 0 Potions","damage_taken":0,"max_hp_gain":0,"max_hp_loss":0,"event_name":"The Woman in Blue","floor":39,"gold_loss":0}],"is_beta":false,"boss_relics":[{"not_picked":["Replay:Drink Me","Busted Crown"],"picked":"Replay:Bronze Core"},{"not_picked":[]},{"not_picked":["Runic Dome","reliquary:WritOfMandamus"],"picked":"Empty Cage"},{"not_picked":[]}],"items_purged_floors":[13,45],"is_endless":false,"potions_floor_spawned":[1,5,11,14,16,18,20,21,22,23,27,29,30,31,33,35,36,37,38,40,46,47,48],"ascension_level":14}}