{"host":"h49usdrjeju7gyhi","time":1614393863,"event":{"mods":["BaseMod","Bestiary","Colored Map","Minty Spire (QoL Compilation)","StSLib","The Animator"],"gold_per_floor":[128,151,19,51,67,67,67,67],"floor_reached":7,"language":"ENG","playtime":487,"items_purged":["animator:Strike"],"score":86,"play_id":"85de4ec0-462e-4094-a299-659e456abe18","local_time":"20210226214423","is_ascension_mode":true,"campfire_choices":[{"data":"animator:Pride","floor":6,"key":"SMITH"}],"circlet_count":0,"master_deck":["AscendersBane","animator:Strike_FullmetalAlchemist","animator:Defend_FullmetalAlchemist","animator:Strike","animator:Strike","animator:Defend","animator:Defend","animator:Defend","animator:ElricEdward","animator:ElricAlphonse","animator:Hans","animator:Caster","animator:Gillette","animator:Pride+1","animator:WinryRockbell"],"relics":["animator:LivingPicture","animator:TheMissingPiece","animator:PurgingStone"],"acts_visited":["Exordium"],"potions_floor_usage":[7],"damage_taken":[{"damage":0,"enemies":"Cultist","floor":1,"turns":5},{"damage":3,"enemies":"Small Slimes","floor":2,"turns":4},{"damage":3,"enemies":"Jaw Worm","floor":4,"turns":5},{"damage":15,"enemies":"Red Slaver","floor":5,"turns":4},{"damage":36,"enemies":"3 Sentries","floor":7,"turns":5}],"seed_played":"8137250512031968984","potions_obtained":[{"floor":1,"key":"Dexterity Potion"}],"is_trial":false,"path_per_floor":["M","M","$","M","M","R","E"],"character_chosen":"THE_ANIMATOR","items_purchased":["Explosive Potion"],"campfire_rested":0,"item_purchase_floors":[3],"current_hp_per_floor":[54,51,51,48,34,34,0,0],"gold":67,"neow_bonus":"ONE_RANDOM_RARE_CARD","is_daily":false,"chose_seed":false,"campfire_upgraded":1,"win_rate":0.0,"timestamp":1614393863,"path_taken":["M","M","$","M","M","R","E"],"items_purchased_type":["Potion"],"build_version":"2020-12-22","purchased_purges":1,"victory":false,"max_hp_per_floor":[60,60,60,60,61,61,61,61],"card_choices":[{"not_picked":["animator:AcuraAkari","animator:Alexander"],"picked":"animator:Caster","floor":1},{"not_picked":["animator:Raven","animator:Verdia"],"picked":"animator:Gillette","floor":2},{"not_picked":["animator:AcuraAkari","animator:ElricAlphonse"],"picked":"animator:Pride","floor":4},{"not_picked":["animator:ElricEdward","animator:ElricAlphonse"],"picked":"animator:WinryRockbell","floor":5}],"player_experience":1620207,"relics_obtained":[],"event_choices":[],"is_beta":false,"boss_relics":[],"items_purged_floors":[3],"is_endless":false,"potions_floor_spawned":[1],"killed_by":"3 Sentries","ascension_level":20}}