{"host":"28wgp68li8o525n6","time":1614427345,"event":{"mods":["BaseMod","Minty Spire (QoL Compilation)","Reliquary","StSLib","The Marked","Trackpad"],"gold_per_floor":[115,190,265,190,208,208,236,236,262,262,279,290,40,65,65,167,167,185,100,120,120,137,137,147,167,167,167,167,232,317,466,466,466,466],"floor_reached":33,"language":"ENG","playtime":1596,"items_purged":["Strike_R","Defend_R"],"score":255,"play_id":"c3eecca6-135e-4126-b162-409fdf15d05b","local_time":"20210227130225","is_ascension_mode":false,"campfire_choices":[{"data":"Bash","floor":6,"key":"SMITH"},{"data":"Cleave","floor":8,"key":"SMITH"},{"data":"Feel No Pain","floor":15,"key":"SMITH"},{"data":"Heavy Blade","floor":23,"key":"SMITH"},{"floor":28,"key":"REST"},{"floor":32,"key":"REST"}],"circlet_count":0,"master_deck":["Strike_R","Strike_R","Defend_R","Defend_R","Defend_R","Bash+1","Evolve","Heavy Blade+1","Cleave+1","Feel No Pain+1","Demon Form","Twin Strike+1","Disarm"],"relics":["Burning Blood","Bottled Tornado","Lizard Tail","reliquary:Spinner","reliquary:TuningFork","Centennial Puzzle","Runic Pyramid","trackpad:BottledAnger","trackpad:ByrdCharm","SsserpentHead","Red Mask"],"acts_visited":["Exordium","TheCity"],"potions_floor_usage":[14,29,30],"damage_taken":[{"damage":2,"enemies":"Small Slimes","floor":1,"turns":4},{"damage":12,"enemies":"Jaw Worm","floor":5,"turns":6},{"damage":30,"enemies":"3 Sentries","floor":7,"turns":12},{"damage":0,"enemies":"Cultist","floor":11,"turns":3},{"damage":7,"enemies":"Looter","floor":12,"turns":3},{"damage":4,"enemies":"Gremlin Nob","floor":14,"turns":3},{"damage":55,"enemies":"Slime Boss","floor":16,"turns":11},{"damage":41,"enemies":"Shell Parasite","floor":18,"turns":7},{"damage":10,"enemies":"Chosen","floor":20,"turns":6},{"damage":53,"enemies":"3 Cultists","floor":22,"turns":6},{"damage":9,"enemies":"Snecko","floor":24,"turns":4},{"damage":23,"enemies":"Shelled Parasite and Fungi","floor":25,"turns":5},{"damage":9,"enemies":"Centurion and Healer","floor":29,"turns":6},{"damage":37,"enemies":"Masked Bandits","floor":30,"turns":6},{"damage":40,"enemies":"Collector","floor":33,"turns":3}],"seed_played":"-2619011751590761325","potions_obtained":[{"floor":1,"key":"FairyPotion"},{"floor":7,"key":"Strength Potion"},{"floor":11,"key":"Dexterity Potion"},{"floor":22,"key":"Ancient Potion"},{"floor":29,"key":"FearPotion"},{"floor":30,"key":"Ancient Potion"}],"is_trial":false,"path_per_floor":["M","?","T","$","M","R","E","R","T","?","M","M","$","E","R","B",null,"M","?","M","$","M","R","M","M","T","?","R","M","?","?","R","B"],"character_chosen":"IRONCLAD","items_purchased":["reliquary:TuningFork"],"campfire_rested":2,"item_purchase_floors":[13],"current_hp_per_floor":[80,69,69,69,63,63,39,39,39,32,38,37,37,39,39,14,80,45,45,41,41,46,46,43,26,26,26,50,47,16,16,40,0,0],"gold":466,"neow_bonus":"REMOVE_CARD","is_daily":false,"chose_seed":false,"campfire_upgraded":4,"win_rate":0.0,"timestamp":1614427345,"path_taken":["M","?","?","$","M","R","E","R","T","?","M","M","$","E","R","BOSS","M","?","M","$","M","R","M","M","T","?","R","?","?","?","R","BOSS"],"items_purchased_type":["Relic"],"build_version":"2020-12-22","purchased_purges":2,"victory":false,"max_hp_per_floor":[80,80,80,80,80,80,80,80,80,80,80,80,80,80,80,80,80,80,80,80,80,80,80,80,80,80,80,80,80,80,80,80,80,80],"card_choices":[{"not_picked":["Dark Embrace","Spot Weakness"],"picked":"Evolve","floor":1},{"not_picked":["Pummel","Combust"],"picked":"Heavy Blade","floor":5},{"not_picked":["Spot Weakness","Shrug It Off"],"picked":"Cleave","floor":7},{"not_picked":["Shockwave","Rampage"],"picked":"Feel No Pain","floor":11},{"not_picked":["Anger","Blood for Blood","Sword Boomerang"],"picked":"SKIP","floor":12},{"not_picked":["Evolve","Iron Wave","Sword Boomerang"],"picked":"SKIP","floor":14},{"not_picked":["Exhume","Reaper"],"picked":"Demon Form","floor":16},{"not_picked":["Whirlwind","Clothesline+1","Clash+1"],"picked":"SKIP","floor":18},{"not_picked":["Rupture+1","Perfected Strike","Headbutt","Anger"],"picked":"SKIP","floor":20},{"not_picked":["Pommel Strike","Double Tap","Anger"],"picked":"Twin Strike+1","floor":22},{"not_picked":["Havoc","Metallicize","Iron Wave+1","Anger+1"],"picked":"SKIP","floor":24},{"not_picked":["Twin Strike","Shockwave","Anger+1"],"picked":"Disarm","floor":25},{"not_picked":["Perfected Strike+1","Dropkick","Warcry","Anger+1"],"picked":"SKIP","floor":29}],"player_experience":779998,"relics_obtained":[{"floor":3,"key":"Bottled Tornado"},{"floor":7,"key":"Lizard Tail"},{"floor":9,"key":"reliquary:Spinner"},{"floor":14,"key":"Centennial Puzzle"},{"floor":26,"key":"trackpad:ByrdCharm"},{"floor":30,"key":"Red Mask"}],"event_choices":[{"damage_healed":0,"gold_gain":75,"player_choice":"Gather Gold","damage_taken":11,"max_hp_gain":0,"max_hp_loss":0,"event_name":"World of Goop","floor":2,"gold_loss":0},{"cards_removed":["Strike_R"],"damage_healed":0,"gold_gain":0,"player_choice":"Card Removal","damage_taken":7,"max_hp_gain":0,"max_hp_loss":0,"event_name":"Golden Wing","floor":10,"gold_loss":0},{"damage_healed":0,"gold_gain":0,"player_choice":"Obtained Relic","damage_taken":0,"relics_obtained":["trackpad:BottledAnger"],"max_hp_gain":0,"max_hp_loss":0,"event_name":"Addict","floor":19,"gold_loss":85},{"damage_healed":0,"gold_gain":0,"player_choice":"Trade","damage_taken":0,"relics_obtained":["SsserpentHead"],"max_hp_gain":0,"max_hp_loss":0,"event_name":"FaceTrader","floor":27,"gold_loss":0},{"damage_healed":0,"gold_gain":0,"player_choice":"Fought Bandits","damage_taken":0,"max_hp_gain":0,"max_hp_loss":0,"event_name":"Masked Bandits","floor":30,"gold_loss":0},{"damage_healed":0,"gold_gain":99,"player_choice":"Stole From Cult","damage_taken":0,"max_hp_gain":0,"max_hp_loss":0,"event_name":"Nest","floor":31,"gold_loss":0}],"is_beta":false,"boss_relics":[{"not_picked":["reliquary:KinkedSpring","reliquary:RustamsPendant"],"picked":"Runic Pyramid"}],"items_purged_floors":[4,13],"is_endless":false,"potions_floor_spawned":[1,7,11,22,29,30],"killed_by":"Collector","ascension_level":0}}