{"host":"3sqvgza1l4ip9ny1","time":1614441767,"event":{"mods":["BaseMod","Minty Spire (QoL Compilation)"],"gold_per_floor":[115,14,14,29,29,55,55,74,74,109,109,121,131,146,146,244,244,262,279,279,295,47,80,80,99,125,153,167,179,189,189,189,294,294,309,320,320,97,115,115,143,143,143,178,196,196,211,31,31,31,31],"floor_reached":50,"language":"ENG","playtime":3303,"items_purged":["Shame","Hologram"],"score":812,"play_id":"eabbd920-9eca-418c-8384-4e71f5793c9e","local_time":"20210227160247","is_ascension_mode":true,"campfire_choices":[{"data":"Darkness","floor":7,"key":"SMITH"},{"data":"Conserve Battery","floor":11,"key":"SMITH"},{"data":"Hologram","floor":15,"key":"SMITH"},{"data":"Fission","floor":24,"key":"SMITH"},{"data":"Capacitor","floor":32,"key":"SMITH"},{"data":"Echo Form","floor":40,"key":"SMITH"},{"data":"Machine Learning","floor":42,"key":"SMITH"},{"data":"Loop","floor":46,"key":"SMITH"},{"data":"Defragment","floor":49,"key":"SMITH"}],"circlet_count":0,"master_deck":["Strike_B","Defend_B","Defend_B","Defend_B","Defend_B","Zap","Dualcast","Reboot","Darkness+1","Rebound","Cold Snap","Redo","BootSequence","Conserve Battery+1","Doom and Gloom","Hologram+1","Consume","Echo Form+1","Redo+1","Darkness+1","Heatsinks+1","Fission+1","Fusion+1","Storm+1","Capacitor+1","Machine Learning","Darkness+1","Defragment","Deep Breath","Storm","Hologram+1","Machine Learning+1","Loop+1","Defragment","Defragment+1"],"relics":["FrozenCore","Mercury Hourglass","Sundial","DataDisk","Mummified Hand","Symbiotic Virus","Meat on the Bone","Philosopher\u0027s Stone","PreservedInsect","Art of War","InkBottle","Anchor"],"acts_visited":["Exordium","TheCity","TheBeyond"],"potions_floor_usage":[10,10,10,16,23,25,25,28,33,39,45,47,50],"damage_taken":[{"damage":0,"enemies":"Small Slimes","floor":1,"turns":2},{"damage":0,"enemies":"2 Louse","floor":4,"turns":1},{"damage":22,"enemies":"Lagavulin","floor":6,"turns":6},{"damage":0,"enemies":"Cultist","floor":8,"turns":3},{"damage":3,"enemies":"Gremlin Nob","floor":10,"turns":3},{"damage":0,"enemies":"Large Slime","floor":12,"turns":4},{"damage":0,"enemies":"Exordium Thugs","floor":13,"turns":2},{"damage":0,"enemies":"2 Fungi Beasts","floor":14,"turns":3},{"damage":0,"enemies":"Slime Boss","floor":16,"turns":5},{"damage":0,"enemies":"Spheric Guardian","floor":18,"turns":4},{"damage":0,"enemies":"Shell Parasite","floor":19,"turns":5},{"damage":12,"enemies":"3 Cultists","floor":21,"turns":4},{"damage":1,"enemies":"Book of Stabbing","floor":23,"turns":6},{"damage":0,"enemies":"Snake Plant","floor":25,"turns":4},{"damage":22,"enemies":"Gremlin Leader","floor":27,"turns":5},{"damage":17,"enemies":"Shelled Parasite and Fungi","floor":28,"turns":3},{"damage":0,"enemies":"Centurion and Healer","floor":29,"turns":4},{"damage":7,"enemies":"Sentry and Sphere","floor":30,"turns":4},{"damage":0,"enemies":"Champ","floor":33,"turns":8},{"damage":51,"enemies":"3 Darklings","floor":35,"turns":5},{"damage":0,"enemies":"Orb Walker","floor":36,"turns":3},{"damage":11,"enemies":"Spire Growth","floor":39,"turns":4},{"damage":20,"enemies":"Reptomancer","floor":41,"turns":4},{"damage":4,"enemies":"Nemesis","floor":44,"turns":3},{"damage":13,"enemies":"Transient","floor":45,"turns":5},{"damage":0,"enemies":"4 Shapes","floor":47,"turns":3},{"damage":77,"enemies":"Awakened One","floor":50,"turns":7}],"seed_played":"8196270942280760239","potions_obtained":[{"floor":1,"key":"AttackPotion"},{"floor":5,"key":"AttackPotion"},{"floor":5,"key":"Strength Potion"},{"floor":10,"key":"Strength Potion"},{"floor":12,"key":"EssenceOfSteel"},{"floor":14,"key":"Strength Potion"},{"floor":16,"key":"GamblersBrew"},{"floor":18,"key":"GamblersBrew"},{"floor":23,"key":"ColorlessPotion"},{"floor":30,"key":"Strength Potion"},{"floor":35,"key":"DuplicationPotion"},{"floor":36,"key":"Block Potion"},{"floor":44,"key":"CultistPotion"},{"floor":45,"key":"GamblersBrew"}],"is_trial":false,"path_per_floor":["M","$","?","M","?","E","R","M","T","E","R","M","M","M","R","B",null,"M","M","?","M","$","E","R","M","T","E","M","M","M","?","R","B",null,"M","M","?","$","M","R","E","R","T","E","M","R","M","$","R","B"],"character_chosen":"DEFECT","items_purchased":["Cold Snap","Symbiotic Virus","Storm","PreservedInsect","Defragment"],"campfire_rested":0,"item_purchase_floors":[2,22,38,38,48],"current_hp_per_floor":[75,75,68,68,68,46,46,46,46,43,43,43,43,43,43,43,75,75,75,75,63,63,62,62,62,62,40,35,47,40,40,40,40,75,36,48,48,48,49,49,41,41,41,49,48,48,48,48,48,0,0],"gold":31,"neow_bonus":"TRANSFORM_TWO_CARDS","is_daily":false,"chose_seed":false,"campfire_upgraded":9,"win_rate":0.0,"timestamp":1614441767,"path_taken":["M","$","?","M","?","E","R","M","T","E","R","M","M","?","R","BOSS","M","M","?","M","?","E","R","M","T","E","M","M","M","?","R","BOSS","M","M","?","$","M","R","E","R","T","E","M","R","M","$","R","BOSS"],"items_purchased_type":["Card","Relic","Card","Relic","Card"],"build_version":"2020-12-22","purchased_purges":2,"victory":false,"max_hp_per_floor":[75,75,75,75,75,75,75,75,75,75,75,75,75,75,75,75,75,75,75,75,75,75,75,75,75,75,75,75,75,75,75,75,75,75,75,75,75,75,75,75,75,75,75,75,75,75,75,75,75,75,75],"card_choices":[{"not_picked":["Recycle","Melter"],"picked":"Rebound","floor":1},{"not_picked":["Beam Cell","Stack"],"picked":"Redo","floor":4},{"not_picked":["Turbo","Heatsinks"],"picked":"BootSequence","floor":6},{"not_picked":["Barrage","FTL"],"picked":"Conserve Battery","floor":8},{"not_picked":["Beam Cell","Cold Snap"],"picked":"Doom and Gloom","floor":10},{"not_picked":["Cold Snap","Steam"],"picked":"Hologram","floor":12},{"not_picked":["Reprogram","Leap","Go for the Eyes"],"picked":"SKIP","floor":13},{"not_picked":["Redo","Auto Shields"],"picked":"Consume","floor":14},{"not_picked":["Reboot","Multi-Cast"],"picked":"Echo Form","floor":16},{"not_picked":["Tempest","Blizzard"],"picked":"Redo+1","floor":18},{"not_picked":["Barrage","Leap"],"picked":"Darkness+1","floor":19},{"not_picked":["Steam","Auto Shields"],"picked":"Heatsinks+1","floor":21},{"not_picked":["Steam","Compile Driver"],"picked":"Fission","floor":23},{"not_picked":["Ball Lightning","Cold Snap"],"picked":"Fusion+1","floor":25},{"not_picked":["Streamline+1","Go for the Eyes+1","Electrodynamics"],"picked":"SKIP","floor":27},{"not_picked":["Conserve Battery","Gash+1"],"picked":"Hologram","floor":28},{"not_picked":["Ball Lightning","Go for the Eyes"],"picked":"Storm+1","floor":29},{"not_picked":["Ball Lightning","Barrage+1","Sunder+1"],"picked":"SKIP","floor":30},{"not_picked":["All For One","Multi-Cast"],"picked":"Machine Learning","floor":33},{"not_picked":["Hologram+1","Beam Cell+1"],"picked":"Darkness+1","floor":35},{"not_picked":["Gash+1","Barrage+1"],"picked":"Defragment","floor":36},{"not_picked":["Dark Shackles","Purity"],"picked":"Deep Breath","floor":37},{"not_picked":["Turbo+1","Blizzard+1"],"picked":"Hologram+1","floor":39},{"not_picked":["Hologram+1","Recycle+1"],"picked":"Machine Learning","floor":41},{"not_picked":["Doom and Gloom+1","Conserve Battery"],"picked":"Loop","floor":44},{"not_picked":["Coolheaded+1","Compile Driver"],"picked":"Defragment","floor":45},{"not_picked":["Leap+1","Cold Snap","Ball Lightning+1"],"picked":"SKIP","floor":47}],"player_experience":254095,"relics_obtained":[{"floor":6,"key":"Mercury Hourglass"},{"floor":9,"key":"Sundial"},{"floor":10,"key":"DataDisk"},{"floor":23,"key":"Meat on the Bone"},{"floor":41,"key":"Art of War"},{"floor":43,"key":"InkBottle"},{"floor":44,"key":"Anchor"}],"event_choices":[{"cards_removed":["Strike_B"],"damage_healed":0,"gold_gain":0,"player_choice":"Card Removal","damage_taken":7,"max_hp_gain":0,"max_hp_loss":0,"event_name":"Golden Wing","floor":3,"gold_loss":0},{"damage_healed":0,"gold_gain":0,"player_choice":"Got Potions","damage_taken":0,"max_hp_gain":0,"max_hp_loss":0,"event_name":"Lab","floor":5,"gold_loss":0},{"damage_healed":0,"gold_gain":0,"player_choice":"Opened","damage_taken":0,"relics_obtained":["Mummified Hand"],"max_hp_gain":0,"max_hp_loss":0,"event_name":"The Mausoleum","floor":20,"gold_loss":0},{"damage_healed":0,"gold_gain":0,"player_choice":"Read","damage_taken":0,"max_hp_gain":0,"max_hp_loss":0,"event_name":"The Library","floor":31,"gold_loss":0,"cards_obtained":["Capacitor"]},{"damage_healed":0,"gold_gain":0,"player_choice":"Memory 1","damage_taken":0,"max_hp_gain":0,"max_hp_loss":0,"event_name":"SensoryStone","floor":37,"gold_loss":0}],"is_beta":false,"boss_relics":[{"not_picked":["Runic Dome","SlaversCollar"],"picked":"FrozenCore"},{"not_picked":["Calling Bell","Cursed Key"],"picked":"Philosopher\u0027s Stone"}],"items_purged_floors":[2,48],"is_endless":false,"potions_floor_spawned":[1,10,12,14,16,18,19,23,30,35,36,44,45],"killed_by":"Awakened One","ascension_level":4}}