{"host":"879u177vr8bnqwsn","time":1614451131,"event":{"mods":["BaseMod","Hubris","Minty Spire (QoL Compilation)","Reliquary","StSLib"],"gold_per_floor":[217,227,247,28,128,128,146,146,146,74,84,94,113,113,113,217,217,230,230,230,230,230,230,248,263,263,63,74,173,184,184,184],"floor_reached":31,"language":"ENG","playtime":1047,"items_purged":[],"score":254,"play_id":"e7c0fbbe-7366-47c2-9b00-d992e2774199","local_time":"20210227153851","is_ascension_mode":false,"campfire_choices":[{"data":"Footwork","floor":6,"key":"SMITH"},{"data":"Poisoned Stab","floor":8,"key":"SMITH"},{"data":"Distraction","floor":15,"key":"SMITH"},{"data":"Noxious Fumes","floor":23,"key":"SMITH"}],"circlet_count":0,"master_deck":["Defend_G","Defend_G","Defend_G","Defend_G","Defend_G","Survivor","Backflip","Infinite Blades","Footwork+1","hubris:DuctTapeCard","Infinite Blades","Noxious Fumes+1","Distraction+1","Dash","Doppelganger","Calculated Gamble+1","Impatience+1","Blade Dance+1","Caltrops+1","Well Laid Plans","Bite","Bite","Bite","Bite","Bite","Leg Sweep+1","Blade Dance","Accuracy","PiercingWail"],"relics":["Ring of the Snake","ClockworkSouvenir","hubris:DuctTape","Astrolabe","MutagenicStrength","reliquary:Aerogel","Singing Bowl","Omamori"],"acts_visited":["Exordium","TheCity"],"potions_floor_usage":[16,16,28],"damage_taken":[{"damage":1,"enemies":"Cultist","floor":1,"turns":4},{"damage":0,"enemies":"Small Slimes","floor":2,"turns":4},{"damage":0,"enemies":"Jaw Worm","floor":3,"turns":5},{"damage":15,"enemies":"Exordium Thugs","floor":7,"turns":7},{"damage":0,"enemies":"Blue Slaver","floor":11,"turns":5},{"damage":0,"enemies":"Red Slaver","floor":12,"turns":4},{"damage":2,"enemies":"Exordium Thugs","floor":13,"turns":5},{"damage":19,"enemies":"Slime Boss","floor":16,"turns":7},{"damage":13,"enemies":"Chosen","floor":18,"turns":5},{"damage":5,"enemies":"3 Byrds","floor":24,"turns":4},{"damage":46,"enemies":"Sentry and Sphere","floor":25,"turns":9},{"damage":5,"enemies":"Centurion and Healer","floor":28,"turns":5},{"damage":23,"enemies":"Snake Plant","floor":30,"turns":5},{"damage":6,"enemies":"Shelled Parasite and Fungi","floor":31,"turns":2}],"seed_played":"-7745565438244606828","potions_obtained":[{"floor":2,"key":"Strength Potion"},{"floor":11,"key":"AttackPotion"},{"floor":12,"key":"CunningPotion"},{"floor":18,"key":"Block Potion"},{"floor":25,"key":"SteroidPotion"}],"is_trial":false,"path_per_floor":["M","M","M","$","?","R","M","R","T","$","M","M","M","?","R","B",null,"M","?","T","?","?","R","M","M","T","$","M","?","M","M"],"character_chosen":"THE_SILENT","items_purchased":["ClockworkSouvenir","Footwork","Infinite Blades","Omamori","Blade Dance"],"campfire_rested":0,"item_purchase_floors":[4,4,10,27,27],"current_hp_per_floor":[69,69,69,69,69,69,54,54,54,54,54,54,52,52,52,33,70,57,57,57,57,49,49,48,17,17,17,24,24,5,0,0],"gold":184,"neow_bonus":"HUNDRED_GOLD","is_daily":false,"chose_seed":false,"campfire_upgraded":4,"win_rate":0.0,"timestamp":1614451131,"path_taken":["M","M","?","$","?","R","M","R","T","?","?","M","M","?","R","BOSS","M","?","?","?","?","R","M","?","T","$","M","?","M","M"],"items_purchased_type":["Relic","Card","Card","Relic","Card"],"build_version":"2020-12-22","purchased_purges":0,"victory":false,"max_hp_per_floor":[70,70,70,70,70,70,70,70,70,70,70,70,70,70,70,70,70,70,70,70,70,49,49,49,49,49,49,49,49,49,49,49],"card_choices":[{"not_picked":["Flying Knee","Cloak And Dagger"],"picked":"Crippling Poison","floor":1},{"not_picked":["Distraction","Skewer"],"picked":"Backflip","floor":2},{"not_picked":["All Out Attack","Distraction"],"picked":"Infinite Blades","floor":3},{"not_picked":["Blur","Sucker Punch"],"picked":"Poisoned Stab","floor":7},{"not_picked":["Acrobatics","Masterful Stab","Underhanded Strike"],"picked":"SKIP","floor":11},{"not_picked":["Storm of Steel","Heel Hook"],"picked":"Noxious Fumes","floor":12},{"not_picked":["Sucker Punch","Masterful Stab"],"picked":"Distraction","floor":13},{"not_picked":["Unload","Phantasmal Killer"],"picked":"Doppelganger","floor":16},{"not_picked":["Dagger Spray","Prepared"],"picked":"Caltrops+1","floor":18},{"not_picked":["Bouncing Flask","Deadly Poison"],"picked":"Leg Sweep+1","floor":24},{"not_picked":["Acrobatics","Dagger Throw","Endless Agony"],"picked":"SKIP","floor":25},{"not_picked":["Blade Dance","Calculated Gamble"],"picked":"Accuracy","floor":28},{"not_picked":["Backflip","Wraith Form v2"],"picked":"PiercingWail","floor":30}],"player_experience":755950,"relics_obtained":[{"floor":9,"key":"hubris:DuctTape"},{"floor":20,"key":"reliquary:Aerogel"},{"floor":26,"key":"Singing Bowl"}],"event_choices":[{"damage_healed":0,"gold_gain":100,"player_choice":"Gold","damage_taken":0,"max_hp_gain":0,"max_hp_loss":0,"event_name":"Wheel of Change","floor":5,"gold_loss":0},{"damage_healed":0,"gold_gain":0,"player_choice":"2 cards matched","damage_taken":0,"max_hp_gain":0,"max_hp_loss":0,"event_name":"Match and Keep!","floor":14,"gold_loss":0,"cards_obtained":["Blind","Dash"]},{"damage_healed":0,"gold_gain":0,"player_choice":"Inject Mutagens","damage_taken":0,"relics_obtained":["MutagenicStrength"],"max_hp_gain":0,"max_hp_loss":0,"event_name":"Drug Dealer","floor":19,"gold_loss":0},{"damage_healed":0,"gold_gain":0,"player_choice":"Became a vampire","damage_taken":0,"max_hp_gain":0,"max_hp_loss":21,"event_name":"Vampires","floor":22,"gold_loss":0,"cards_obtained":["Bite","Bite","Bite","Bite","Bite"]},{"damage_healed":0,"gold_gain":99,"player_choice":"Stole From Cult","damage_taken":0,"max_hp_gain":0,"max_hp_loss":0,"event_name":"Nest","floor":29,"gold_loss":0}],"is_beta":false,"boss_relics":[{"not_picked":["hubris:CrackedHourglass","hubris:ScarierMask"],"picked":"Astrolabe"}],"items_purged_floors":[],"is_endless":false,"potions_floor_spawned":[2,11,12,13,18,25],"killed_by":"Shelled Parasite and Fungi","ascension_level":0}}