{"host":"hw9lt6p3yhr90vz0","time":1614388208,"event":{"mods":["BaseMod","DeckTracker","Minty Spire (QoL Compilation)","Relic Stats"],"gold_per_floor":[112,112,132,31,106,137,137,171,171,121,136,166,184,210,210,310,310,324,324,25,25,300,332,80,109,109,109,143,143,159,193,193,293,293,303,315,340,340,352,352,386,95,120,120,170,182,192,227,227,227,227,227,10,45,45],"floor_reached":56,"language":"ENG","playtime":4290,"items_purged":["Pain","Regret"],"score":1654,"play_id":"cb2fdbc2-7fc3-4dfe-8463-0d5ce77b8f13","local_time":"20210226201008","is_ascension_mode":true,"campfire_choices":[{"floor":7.0,"key":"REST"},{"floor":15.0,"key":"RECALL"},{"floor":27.0,"key":"REST"},{"floor":29.0,"key":"REST"},{"floor":32.0,"key":"REST"},{"floor":40.0,"key":"REST"},{"floor":49,"key":"DIG"},{"floor":52,"key":"DIG"}],"circlet_count":0,"master_deck":["Strike_R+1","Strike_R+1","Strike_R+1","Strike_R+1","Strike_R+1","Defend_R+1","Defend_R+1","Defend_R+1","Defend_R+1","Battle Trance+1","Perfected Strike","Rage","Reaper","Twin Strike","Wild Strike","Feed","Rampage","Flex+1","Demon Form+1","Rage+1","Wild Strike","Feed","Rage+1","Spot Weakness+1","Wild Strike+1","Pommel Strike+1","Perfected Strike","Seeing Red","Perfected Strike"],"relics":["Burning Blood","WarpedTongs","Blue Candle","Magic Flower","Frozen Egg 2","Mercury Hourglass","Fusion Hammer","FossilizedHelix","Shuriken","Bronze Scales","Happy Flower","War Paint","Vajra","Gambling Chip","Strawberry","Unceasing Top","Shovel","Lantern","Calipers","Dream Catcher","Mummified Hand","Pantograph","Pear"],"acts_visited":["Exordium","TheCity","TheBeyond","TheEnding"],"potions_floor_usage":[41,41,48,50,50,54],"damage_taken":[{"damage":0.0,"enemies":"Small Slimes","floor":1.0,"turns":3.0},{"damage":2.0,"enemies":"Cultist","floor":3.0,"turns":3.0},{"damage":25.0,"enemies":"3 Sentries","floor":6.0,"turns":6.0},{"damage":11.0,"enemies":"Lagavulin","floor":8.0,"turns":4.0},{"damage":0.0,"enemies":"2 Louse","floor":11.0,"turns":2.0},{"damage":15.0,"enemies":"3 Sentries","floor":12.0,"turns":8.0},{"damage":6.0,"enemies":"Looter","floor":13.0,"turns":2.0},{"damage":35.0,"enemies":"Slime Boss","floor":16.0,"turns":10.0},{"damage":11.0,"enemies":"Chosen","floor":18.0,"turns":6.0},{"damage":0.0,"enemies":"Gremlin Leader","floor":23.0,"turns":7.0},{"damage":0.0,"enemies":"Book of Stabbing","floor":25.0,"turns":4.0},{"damage":13.0,"enemies":"Gremlin Leader","floor":28.0,"turns":5.0},{"damage":0.0,"enemies":"2 Thieves","floor":30.0,"turns":2.0},{"damage":12.0,"enemies":"Slavers","floor":31.0,"turns":5.0},{"damage":101.0,"enemies":"Automaton","floor":33.0,"turns":12.0},{"damage":0.0,"enemies":"Orb Walker","floor":35.0,"turns":2.0},{"damage":18.0,"enemies":"3 Darklings","floor":36.0,"turns":4.0},{"damage":27.0,"enemies":"Spire Growth","floor":39.0,"turns":4.0},{"damage":50,"enemies":"Reptomancer","floor":41,"turns":5},{"damage":0,"enemies":"Mind Bloom Boss Battle","floor":45,"turns":6},{"damage":6,"enemies":"Sphere and 2 Shapes","floor":46,"turns":7},{"damage":11,"enemies":"3 Darklings","floor":47,"turns":5},{"damage":62,"enemies":"Giant Head","floor":48,"turns":7},{"damage":78,"enemies":"Time Eater","floor":50,"turns":8},{"damage":80,"enemies":"Shield and Spear","floor":54,"turns":7},{"damage":177,"enemies":"The Heart","floor":55,"turns":8}],"seed_played":"6877262637005069757","potions_obtained":[{"floor":1.0,"key":"Explosive Potion"},{"floor":6.0,"key":"DuplicationPotion"},{"floor":11.0,"key":"LiquidBronze"},{"floor":16.0,"key":"SneckoOil"},{"floor":23.0,"key":"EntropicBrew"},{"floor":28.0,"key":"Dexterity Potion"},{"floor":33.0,"key":"Fire Potion"},{"floor":36.0,"key":"LiquidBronze"},{"floor":39.0,"key":"Explosive Potion"},{"floor":47,"key":"Explosive Potion"},{"floor":48,"key":"Fire Potion"}],"is_trial":false,"path_per_floor":["M","?","M","$","?","E","R","E","T","?","M","E","M","T","R","B",null,"M","?","$","?","?","E","$","E","T","R","E","R","M","E","R","B",null,"M","M","T","?","M","R","E","$","T","$","?","M","M","E","R","B",null,"R","$","E","B",null],"character_chosen":"IRONCLAD","items_purchased":["Perfected Strike","FossilizedHelix","Bronze Scales","Shovel","FairyPotion","Seeing Red","SteroidPotion"],"campfire_rested":5,"item_purchase_floors":[4,20,24,42,53,53,53],"current_hp_per_floor":[86,86,88,88,77,58,84,79,79,79,88,88,88,88,88,62,82,80,80,80,80,80,88,88,88,88,88,90,92,95,98,99,25,84,99,98,105,105,92,117,82,82,82,82,117,131,135,82,82,35,110,110,110,67,24],"gold":45,"neow_bonus":"TEN_PERCENT_HP_BONUS","is_daily":false,"chose_seed":false,"campfire_upgraded":0,"win_rate":0.0,"timestamp":1614388208,"path_taken":["M","?","?","$","?","E","R","E","T","?","M","E","M","?","R","BOSS","M","?","$","?","?","E","$","E","T","R","E","R","M","E","R","BOSS","M","?","?","?","M","R","E","$","T","$","?","?","M","E","R","BOSS","R","$","E","BOSS"],"items_purchased_type":["Card","Relic","Relic","Relic","Potion","Card","Potion"],"build_version":"2020-12-22","purchased_purges":2,"victory":true,"max_hp_per_floor":[88,88,88,88,88,88,88,88,88,88,88,88,88,88,88,88,88,88,88,88,88,88,88,88,88,88,88,92,92,95,99,99,103,103,107,107,114,114,117,117,121,121,121,121,128,131,135,135,135,135,135,135,135,145,145],"relic_stats":{"Happy Flower":[29],"counters":[26,141],"Blue Candle":[0],"Magic Flower":[138],"War Paint":["Flex","Battle Trance"],"Burning Blood":184,"WarpedTongs":[123],"Mercury Hourglass":[469],"Dream Catcher":0,"Shovel":2,"Shuriken":[44],"Mummified Hand":[2],"Bronze Scales":[312],"Gambling Chip":[34],"Pantograph":38,"obtain_stats":[{"Lantern":43,"Calipers":45,"Pear":54,"Happy Flower":25,"Blue Candle":6,"Magic Flower":8,"Vajra":28,"Frozen Egg 2":9,"War Paint":26,"Burning Blood":0,"WarpedTongs":2,"Mercury Hourglass":12,"Dream Catcher":48,"Shovel":42,"Shuriken":23,"Mummified Hand":49,"Bronze Scales":24,"Gambling Chip":31,"Strawberry":37,"Pantograph":52,"Fusion Hammer":17,"FossilizedHelix":20,"Unceasing Top":41},{"Lantern":19,"Calipers":20,"Pear":25,"Happy Flower":11,"Blue Candle":3,"Magic Flower":4,"Vajra":12,"Frozen Egg 2":4,"War Paint":11,"Burning Blood":0,"WarpedTongs":1,"Mercury Hourglass":6,"Dream Catcher":23,"Shovel":19,"Shuriken":10,"Mummified Hand":23,"Bronze Scales":10,"Gambling Chip":14,"Strawberry":17,"Pantograph":24,"Fusion Hammer":8,"FossilizedHelix":9,"Unceasing Top":19},{"Lantern":94,"Calipers":100,"Pear":133,"Happy Flower":55,"Blue Candle":12,"Magic Flower":16,"Vajra":60,"Frozen Egg 2":16,"War Paint":55,"Burning Blood":0,"WarpedTongs":3,"Mercury Hourglass":26,"Dream Catcher":118,"Shovel":94,"Shuriken":51,"Mummified Hand":118,"Bronze Scales":51,"Gambling Chip":67,"Strawberry":85,"Pantograph":126,"Fusion Hammer":38,"FossilizedHelix":44,"Unceasing Top":94}],"Unceasing Top":[4]},"card_choices":[{"not_picked":["Flame Barrier","Pommel Strike"],"picked":"Battle Trance","floor":1.0},{"not_picked":["Infernal Blade","Shrug It Off","Dark Embrace"],"picked":"SKIP","floor":3.0},{"not_picked":["Infernal Blade","Warcry"],"picked":"Rage","floor":6.0},{"not_picked":["Havoc","Body Slam"],"picked":"Reaper","floor":8.0},{"not_picked":["Pommel Strike","Armaments"],"picked":"Twin Strike","floor":11.0},{"not_picked":["Anger","Iron Wave","Clash"],"picked":"SKIP","floor":12.0},{"not_picked":["Havoc","Flame Barrier"],"picked":"Wild Strike","floor":13.0},{"not_picked":["Immolate","Fiend Fire"],"picked":"Feed","floor":16.0},{"not_picked":["Havoc","Disarm+1"],"picked":"Rampage","floor":18.0},{"not_picked":["Pummel","Thunderclap+1"],"picked":"Flex","floor":23.0},{"not_picked":["True Grit","Fire Breathing+1"],"picked":"Demon Form+1","floor":25.0},{"not_picked":["Power Through","Clash"],"picked":"Rage+1","floor":28.0},{"not_picked":["Sword Boomerang","Clash"],"picked":"Wild Strike","floor":30.0},{"not_picked":["Clothesline+1","Hemokinesis","Whirlwind"],"picked":"SKIP","floor":31.0},{"not_picked":["Juggernaut+1","Berserk+1"],"picked":"Feed","floor":33.0},{"not_picked":["Cleave+1","Whirlwind","Warcry"],"picked":"SKIP","floor":35.0},{"not_picked":["Rupture+1","Dual Wield+1"],"picked":"Rage+1","floor":36.0},{"not_picked":["Heavy Blade+1","Armaments+1"],"picked":"Spot Weakness+1","floor":39.0},{"not_picked":["Sword Boomerang","Exhume"],"picked":"Wild Strike+1","floor":41},{"not_picked":["Uppercut","Metallicize+1","Iron Wave"],"picked":"SKIP","floor":46},{"not_picked":["Shrug It Off+1","Wild Strike+1"],"picked":"Pommel Strike+1","floor":47},{"not_picked":["Wild Strike+1","Power Through"],"picked":"Perfected Strike","floor":48},{"not_picked":["True Grit","Heavy Blade+1"],"picked":"Perfected Strike","floor":54}],"player_experience":1480712,"relics_obtained":[{"floor":6.0,"key":"Blue Candle"},{"floor":8.0,"key":"Magic Flower"},{"floor":9.0,"key":"Frozen Egg 2"},{"floor":12.0,"key":"Mercury Hourglass"},{"floor":23.0,"key":"Shuriken"},{"floor":25.0,"key":"Happy Flower"},{"floor":26.0,"key":"War Paint"},{"floor":28.0,"key":"Vajra"},{"floor":31.0,"key":"Gambling Chip"},{"floor":37.0,"key":"Strawberry"},{"floor":41,"key":"Unceasing Top"},{"floor":43,"key":"Lantern"},{"floor":45,"key":"Calipers"},{"floor":48,"key":"Dream Catcher"},{"floor":49,"key":"Mummified Hand"},{"floor":52,"key":"Pantograph"},{"floor":54,"key":"Pear"}],"event_choices":[{"damage_healed":0.0,"max_hp_gain":0.0,"max_hp_loss":0.0,"gold_gain":0.0,"event_name":"Accursed Blacksmith","player_choice":"Rummage","floor":2.0,"gold_loss":0.0,"damage_taken":0.0,"relics_obtained":["WarpedTongs"],"cards_obtained":["Pain"]},{"damage_healed":0.0,"max_hp_gain":0.0,"max_hp_loss":0.0,"gold_gain":75.0,"event_name":"World of Goop","player_choice":"Gather Gold","floor":5.0,"gold_loss":0.0,"damage_taken":11.0},{"cards_removed":["Bash"],"damage_healed":0.0,"max_hp_gain":0.0,"max_hp_loss":0.0,"gold_gain":0.0,"event_name":"The Cleric","player_choice":"Card Removal","floor":10.0,"gold_loss":50.0,"damage_taken":0.0},{"damage_healed":0.0,"max_hp_gain":0.0,"max_hp_loss":0.0,"gold_gain":0.0,"event_name":"Back to Basics","player_choice":"Simplicity","floor":19.0,"gold_loss":0.0,"damage_taken":0.0,"cards_upgraded":["Strike_R","Strike_R","Strike_R","Strike_R","Strike_R","Defend_R","Defend_R","Defend_R","Defend_R"]},{"damage_healed":0.0,"max_hp_gain":0.0,"max_hp_loss":0.0,"gold_gain":0.0,"event_name":"Ghosts","player_choice":"Ignored","floor":21.0,"gold_loss":0.0,"damage_taken":0.0},{"damage_healed":0.0,"max_hp_gain":0.0,"max_hp_loss":0.0,"gold_gain":275.0,"event_name":"Golden Shrine","player_choice":"Desecrate","floor":22.0,"gold_loss":0.0,"damage_taken":0.0,"cards_obtained":["Regret"]},{"damage_healed":0.0,"max_hp_gain":0.0,"max_hp_loss":0.0,"gold_gain":0.0,"event_name":"SensoryStone","player_choice":"Memory 1","floor":38.0,"gold_loss":0.0,"damage_taken":0.0},{"damage_healed":0,"gold_gain":0,"player_choice":"Fight","damage_taken":0,"max_hp_gain":0,"max_hp_loss":0,"event_name":"MindBloom","floor":45,"gold_loss":0}],"is_beta":false,"boss_relics":[{"not_picked":["Black Star","Coffee Dripper"],"picked":"Fusion Hammer"},{"not_picked":["Busted Crown","Runic Dome","Snecko Eye"]}],"items_purged_floors":[4,24],"is_endless":false,"potions_floor_spawned":[1,6,11,16,23,28,30,33,36,39,47,48],"ascension_level":6}}