{"host":"ez9lh5a3k31ytd04","time":1614407464,"event":{"mods":["Act Like it!","Arknights","Aspiration","BaseMod","Conspire","Downfall","Energized Spire","Jedi Mod","Minty Spire (QoL Compilation)","Quarter Circle Forward PUNCH!","Quick Restart","Relic Filter Mod","Reliquary","Replay The Spire","Spicy Shops","StSLib","TestMod","noobMod","¡¾ÒÅÎï¿¨ÅÆ¡¿REMEMod"],"gold_per_floor":[119,119,47,47,0,35,66,66,66,99,99,143,165,208,208,356,356,387,486,486,486,7,52,93,445,445,493,526,572,611,281,281,425,425,454,454,18,293,314,362,405,11,11,56,95,122,167,216,216,344],"floor_reached":51,"language":"ZHS","playtime":2512,"items_purged":["jedi:bloodyhammer"],"score":1419,"play_id":"e4ae6c8f-d98e-41b3-a66f-5d97b7560285","local_time":"20210227143104","daily_mods":["SealedDeck","Flight","Elite Swarm"],"is_ascension_mode":false,"campfire_choices":[{"data":"Armaments","floor":8,"key":"SMITH"},{"data":"REME_ACTH","floor":11,"key":"SMITH"},{"data":"Uppercut+1","floor":15,"key":"SMITH"},{"data":"Flex+1","floor":32,"key":"SMITH"},{"data":"Heavy Blade+1","floor":49,"key":"SMITH"}],"circlet_count":0,"master_deck":["Clothesline+1","Metallicize+1","Armaments+1","Flex+1","Clash+1","Armaments+1","Clash+2","Flex+2","Clash+2","Clash+1","Armaments+1","Uppercut+2","REME_ACTH+1","Limit Break+1","conspire:HitWhereItHurts+1","Limit Break+1","Metallicize+1","Offering+1","Heavy Blade+2","Clash+1","REME_ACTH+1"],"relics":["Burning Blood","testmod-TestBox","jedi:maincommand","REME_ComplimentaryCards","ice","testmod-ThousandKnives","Blue Doll","Golden Idol","War Paint","conspire:InfiniteJournal","Molten Egg 2","Replay:Bandana","Vajra","Paper Frog","testmod-TimeTraveler","aspiration:RitualStick","Membership Card","reliquary:BrokenClock","Replay:Wax Seal","REME_LimitBreaker","Toxic Egg 2","Old Coin","Anchor","Whetstone","jedi:cryingmask","Frozen Egg 2","testmod-HeartOfDaVinci","reliquary:FingerTrap","Guide Book","testmod-PortableAltar","Lantern","Quantum Egg","Shuriken","Brimstone","Bag of Marbles","aspiration:Lifesprig","reliquary:MedicineBall","Mango","Tiny Chest","Centennial Puzzle","conspire:TreasureMap","Bag of Preparation","Golden Egg","ReplayTheSpireMod:Ninjato","TungstenRod","testmod-AssaultLearning","ats:Gyao"],"acts_visited":["Exordium","TheCity","TheBeyond"],"potions_floor_usage":[39,39,39],"damage_taken":[{"damage":0,"enemies":"Small Slimes","floor":1,"turns":1},{"damage":0,"enemies":"3 Sentries","floor":6,"turns":2},{"damage":0,"enemies":"Lagavulin","floor":7,"turns":2},{"damage":0,"enemies":"3 Sentries","floor":10,"turns":1},{"damage":0,"enemies":"Lagavulin","floor":12,"turns":2},{"damage":3,"enemies":"Jaw Worm","floor":13,"turns":2},{"damage":0,"enemies":"3 Sentries","floor":14,"turns":1},{"damage":19,"enemies":"Hexaghost","floor":16,"turns":3},{"damage":0,"enemies":"2 Thieves","floor":18,"turns":1},{"damage":0,"enemies":"conspire:SneckoGhost","floor":23,"turns":1},{"damage":0,"enemies":"Replay:Snechameleon","floor":24,"turns":1},{"damage":8,"enemies":"Gremlin Leader","floor":25,"turns":2},{"damage":8,"enemies":"conspire:Head Lice","floor":27,"turns":2},{"damage":8,"enemies":"conspire:FuzzyDice","floor":28,"turns":2},{"damage":8,"enemies":"Replay:Snechameleon","floor":29,"turns":2},{"damage":8,"enemies":"REME_1_Revenger","floor":30,"turns":1},{"damage":0,"enemies":"conspire:MysteriousRune","floor":33,"turns":2},{"damage":1,"enemies":"Orb Walker","floor":35,"turns":1},{"damage":0,"enemies":"3 Darklings","floor":39,"turns":1},{"damage":0,"enemies":"Nemesis","floor":40,"turns":1},{"damage":0,"enemies":"R_Hoarder","floor":41,"turns":2},{"damage":0,"enemies":"Reptomancer","floor":44,"turns":1},{"damage":0,"enemies":"Nemesis","floor":45,"turns":1},{"damage":0,"enemies":"Spire Growth","floor":46,"turns":1},{"damage":0,"enemies":"R_Hoarder","floor":47,"turns":1},{"damage":0,"enemies":"Reptomancer","floor":48,"turns":2},{"damage":0,"enemies":"Replay:Hell Engine","floor":50,"turns":1}],"seed_played":"3694655952130858915","potions_obtained":[{"floor":6,"key":"Dexterity Potion"},{"floor":12,"key":"jedi:tentaclejuice"},{"floor":23,"key":"Fire Potion"},{"floor":28,"key":"Fire Potion"},{"floor":29,"key":"testmod-TestPotion"},{"floor":39,"key":"Explosive Potion"},{"floor":41,"key":"SpeedPotion"},{"floor":44,"key":"DistilledChaos"}],"is_trial":true,"path_per_floor":["M","?","$","?","$","E","E","R","T","E","R","E","M","E","R","B",null,"M","?","?","?","$","E","E","E","T","E","M","E","E","$","R","B",null,"M","?","$","?","M","E","E","$","T","E","E","M","E","E","R","B",null],"character_chosen":"IRONCLAD","items_purchased":["jedi:command_common","Uppercut+1","jedi:command_shop","jedi:command_shop","jedi:command_common","jedi:command_uncommon","jedi:command_shop","Metallicize+1","jedi:command_shop","jedi:command_common","jedi:command_uncommon","jedi:command_uncommon","jedi:command_shop","jedi:command_common","jedi:command_rare","jedi:command_common","jedi:command_common","jedi:command_shop","jedi:command_common"],"campfire_rested":0,"item_purchase_floors":[3,5,22,22,22,31,31,31,31,37,37,37,37,37,42,42,42,42,42],"current_hp_per_floor":[80,80,80,60,60,66,72,72,72,78,78,80,80,80,80,67,80,80,80,64,49,49,55,61,59,59,57,55,53,51,51,51,57,85,84,79,78,77,76,75,74,87,86,85,84,83,82,81,80,79],"gold":344,"neow_bonus":"","is_daily":false,"chose_seed":false,"campfire_upgraded":5,"win_rate":0.0,"timestamp":1614407464,"path_taken":["M","?","$","?","$","E","E","R","T","E","R","E","M","E","R","BOSS","M","?","?","?","$","E","E","E","T","E","?","E","E","$","R","BOSS","M","?","$","?","?","E","E","$","T","E","E","M","E","E","R","BOSS"],"items_purchased_type":["Relic","Card","Relic","Relic","Relic","Relic","Relic","Card","Relic","Relic","Relic","Relic","Relic","Relic","Relic","Relic","Relic","Relic","Relic"],"build_version":"2020-12-22","purchased_purges":1,"victory":true,"max_hp_per_floor":[80,80,80,80,80,80,80,80,80,80,80,80,80,80,80,80,80,80,80,80,85,85,85,85,85,85,85,85,85,85,85,85,85,85,84,79,78,77,76,75,74,87,86,85,84,83,82,81,80,79],"card_choices":[{"not_picked":["Perfected Strike","Wild Strike","Carnage"],"picked":"SKIP","floor":1},{"not_picked":["Impervious","Exhume"],"picked":"REME_ACTH","floor":6},{"not_picked":["Feed","Impervious","jedi:unlimitedpower"],"picked":"SKIP","floor":7},{"not_picked":["REME_Fury","Berserk","Juggernaut"],"picked":"SKIP","floor":10},{"not_picked":["REME_ACTH","Reaper+1","REME_TheLastStrike+1"],"picked":"SKIP","floor":12},{"not_picked":["Sentinel","Headbutt+1","Anger+1"],"picked":"SKIP","floor":13},{"not_picked":["Fiend Fire+1","Exhume"],"picked":"jedi:bloodyhammer","floor":14},{"not_picked":["Offering","Brutality"],"picked":"Limit Break","floor":16},{"not_picked":["Thunderclap+1","Reckless Charge+1","Armaments+1"],"picked":"SKIP","floor":18},{"not_picked":["Impervious","Brutality"],"picked":"conspire:HitWhereItHurts+1","floor":23},{"not_picked":["Exhume+1","Berserk"],"picked":"Limit Break+1","floor":24},{"not_picked":["Feed+1","Demon Form","Barricade"],"picked":"SKIP","floor":25},{"not_picked":["Reaper+1","Fiend Fire+1","jedi:bloodyhammer+1"],"picked":"SKIP","floor":27},{"not_picked":["Massacre+1","Run Through+1","Iron Wave+1"],"picked":"SKIP","floor":28},{"not_picked":["Demonic Infusion+1","conspire:Purge+1","jedi:harder+1"],"picked":"SKIP","floor":29},{"not_picked":["Demonic Infusion+1","Feed+1","Fiend Fire+1"],"picked":"SKIP","floor":30},{"not_picked":["Fiend Fire+1","jedi:bloodyhammer+1"],"picked":"Offering+1","floor":33},{"not_picked":["Reckless Charge+1","conspire:Charge+1"],"picked":"Heavy Blade+1","floor":35},{"not_picked":["Clothesline+1","Shrug It Off+1"],"picked":"Clash+1","floor":39},{"not_picked":["Barricade+1","Reaper+1","REME_TheLastStrike+1"],"picked":"SKIP","floor":40},{"not_picked":["Juggernaut+1","REME_Fury+1","Replay:Many Hands+1"],"picked":"SKIP","floor":41},{"not_picked":["Demon Form+1","Impervious+1","jedi:strikingstrike+1"],"picked":"SKIP","floor":44},{"not_picked":["Replay:Many Hands+1","Corruption+1"],"picked":"REME_ACTH+1","floor":45},{"not_picked":["ReplayTheSpireMod:Strike From Hell+1","Anger+1","Blood for Blood+1"],"picked":"SKIP","floor":46},{"not_picked":["Barricade+1","Impervious+1","Demon Form+1"],"picked":"SKIP","floor":47},{"not_picked":["Double Tap+1","jedi:bloodyhammer+1","Reaper+1"],"picked":"SKIP","floor":48}],"player_experience":88330,"relics_obtained":[{"floor":6,"key":"jedi:command_common"},{"floor":7,"key":"jedi:command_rare"},{"floor":9,"key":"jedi:command_uncommon"},{"floor":10,"key":"jedi:command_common"},{"floor":12,"key":"jedi:command_common"},{"floor":14,"key":"jedi:command_uncommon"},{"floor":23,"key":"jedi:command_uncommon"},{"floor":24,"key":"jedi:command_uncommon"},{"floor":25,"key":"jedi:command_rare"},{"floor":26,"key":"jedi:command_common"},{"floor":27,"key":"jedi:command_common"},{"floor":29,"key":"jedi:command_common"},{"floor":30,"key":"jedi:command_uncommon"},{"floor":40,"key":"jedi:command_common"},{"floor":41,"key":"jedi:command_uncommon"},{"floor":43,"key":"jedi:command_uncommon"},{"floor":44,"key":"jedi:command_uncommon"},{"floor":45,"key":"jedi:command_rare"},{"floor":47,"key":"jedi:command_common"},{"floor":48,"key":"jedi:command_rare"}],"event_choices":[{"damage_healed":0,"gold_gain":0,"player_choice":"Take Damage","damage_taken":20,"relics_obtained":["Golden Idol"],"max_hp_gain":0,"max_hp_loss":0,"event_name":"Golden Idol","floor":4,"gold_loss":0},{"damage_healed":0,"gold_gain":99,"player_choice":"Stole From Cult","damage_taken":0,"max_hp_gain":0,"max_hp_loss":0,"event_name":"Nest","floor":19,"gold_loss":0},{"damage_healed":0,"gold_gain":0,"player_choice":"Shed Blood","damage_taken":20,"max_hp_gain":5,"max_hp_loss":0,"event_name":"Forgotten Altar","floor":21,"gold_loss":0},{"damage_healed":0,"gold_gain":0,"player_choice":"Max HP","damage_taken":0,"max_hp_gain":0,"max_hp_loss":4,"event_name":"Winding Halls","floor":36,"gold_loss":0},{"damage_healed":0,"gold_gain":275,"player_choice":"Desecrate","damage_taken":0,"max_hp_gain":0,"max_hp_loss":0,"event_name":"Golden Shrine","floor":38,"gold_loss":0,"cards_obtained":["Regret"]}],"is_beta":false,"boss_relics":[{"not_picked":["jedi:command_boss","jedi:command_boss"],"picked":"jedi:command_boss"},{"not_picked":["jedi:command_boss","jedi:command_boss"],"picked":"jedi:command_boss"}],"items_purged_floors":[31],"is_endless":false,"potions_floor_spawned":[6,12,23,28,29,30,39,41,44],"ascension_level":0}}