{"host":"sav7uxregyirlf69","time":1614435118,"event":{"mods":["AchievementEnabler","BaseMod","Colored Map","DeckTracker","Keyboard Shortcuts","Minty Spire (QoL Compilation)","READ ME - Guardian Mod","StSLib","SuperFastMode"],"gold_per_floor":[112,125,135,153,153,153,78,78,78,107,107,123,123,139,139,139,139],"floor_reached":16,"language":"KOR","playtime":261,"items_purged":["Defend_G"],"score":204,"play_id":"17b083c5-cedc-4647-b451-78be1f4c017d","local_time":"20210227231158","is_ascension_mode":true,"campfire_choices":[{"data":"Neutralize","floor":6,"key":"SMITH"},{"data":"Flying Knee","floor":8,"key":"SMITH"},{"data":"Bouncing Flask","floor":15,"key":"SMITH"}],"circlet_count":0,"master_deck":["AscendersBane","Strike_G","Strike_G","Strike_G","Strike_G","Defend_G","Defend_G","Defend_G","Defend_G","Survivor","Neutralize+1","Sucker Punch","Flying Knee+1","Tactician","Dagger Throw","Bouncing Flask+1"],"relics":["Ring of the Snake","Anchor","Matryoshka","Frozen Egg 2","Nunchaku","Pear"],"acts_visited":["Exordium"],"potions_floor_usage":[10,16],"damage_taken":[{"damage":0,"enemies":"Jaw Worm","floor":1,"turns":4},{"damage":1,"enemies":"Small Slimes","floor":2,"turns":4},{"damage":6,"enemies":"Cultist","floor":3,"turns":5},{"damage":7,"enemies":"3 Louse","floor":4,"turns":3},{"damage":22,"enemies":"3 Sentries","floor":10,"turns":9},{"damage":10,"enemies":"Exordium Wildlife","floor":12,"turns":7},{"damage":7,"enemies":"Lots of Slimes","floor":14,"turns":5},{"damage":12,"enemies":"The Guardian","floor":16,"turns":4}],"seed_played":"-2975217549533605710","potions_obtained":[{"floor":2,"key":"Strength Potion"},{"floor":10,"key":"FearPotion"}],"is_trial":false,"path_per_floor":["M","M","M","M","?","R","$","R","T","E","?","M","T","M","R","B"],"character_chosen":"THE_SILENT","items_purchased":[],"campfire_rested":0,"item_purchase_floors":[],"current_hp_per_floor":[59,58,52,45,38,38,38,38,38,16,16,6,16,9,9,0,0],"gold":139,"neow_bonus":"RANDOM_COMMON_RELIC","is_daily":false,"chose_seed":false,"campfire_upgraded":3,"win_rate":0.0,"timestamp":1614435118,"path_taken":["M","M","M","M","?","R","$","R","T","E","?","M","?","M","R","BOSS"],"items_purchased_type":[],"build_version":"2020-12-22","purchased_purges":1,"victory":false,"max_hp_per_floor":[66,66,66,66,66,66,66,66,66,66,66,66,76,76,76,76,76],"card_choices":[{"not_picked":["Bane","Setup","PiercingWail"],"picked":"SKIP","floor":1},{"not_picked":["Backflip","Outmaneuver"],"picked":"Sucker Punch","floor":2},{"not_picked":["Deflect","Leg Sweep","Sucker Punch"],"picked":"SKIP","floor":3},{"not_picked":["Outmaneuver","Quick Slash"],"picked":"Flying Knee","floor":4},{"not_picked":["Finisher","Outmaneuver"],"picked":"Tactician","floor":10},{"not_picked":["Terror","Blur"],"picked":"Dagger Throw","floor":12},{"not_picked":["Quick Slash","Accuracy+1"],"picked":"Bouncing Flask","floor":14}],"player_experience":1719642,"relics_obtained":[{"floor":9,"key":"Matryoshka"},{"floor":10,"key":"Frozen Egg 2"},{"floor":13,"key":"Nunchaku"},{"floor":13,"key":"Pear"}],"event_choices":[{"cards_removed":["Strike_G"],"damage_healed":0,"gold_gain":0,"player_choice":"Card Removal","damage_taken":7,"max_hp_gain":0,"max_hp_loss":0,"event_name":"Golden Wing","floor":5,"gold_loss":0},{"damage_healed":0,"gold_gain":0,"player_choice":"Ignored","damage_taken":0,"max_hp_gain":0,"max_hp_loss":0,"event_name":"Liars Game","floor":11,"gold_loss":0}],"is_beta":false,"boss_relics":[],"items_purged_floors":[7],"is_endless":false,"potions_floor_spawned":[2,10],"killed_by":"The Guardian","ascension_level":20}}