{"host":"tj45uo9npo129mc6","time":1614414846,"event":{"mods":["AchievementEnabler","BaseMod","Colored Powertips","Downfall","Friendly Minions","Hubris","Infinite Spire","Kiyohime????","LagranYue(???·?)","Minty Spire (QoL Compilation)","Quick Restart","Remilia??????","StSLib","The Animator","The Bladedancer","The Cursed","The Servant 0.9.4"],"gold_per_floor":[110,185,202,202,215,215,235,261,261,292,292,292,29,54,54,149,149,162,162,20,20,20,20,20],"floor_reached":23,"language":"FRA","playtime":3547,"items_purged":[],"score":195,"play_id":"2c6bd860-cdf2-411d-ae72-bcd468fad79d","local_time":"20210227093406","is_ascension_mode":false,"campfire_choices":[{"floor":6,"key":"RECALL"},{"floor":15,"key":"REST"}],"circlet_count":0,"master_deck":["Strike_P","Strike_P","Strike_P","Strike_P","Defend_P","Defend_P","Defend_P","Defend_P","Eruption","Vigilance","Consecrate","EmptyBody","Swivel","TalkToTheHand","WindmillStrike","Protect","Halt","MentalFortress","Meditate","Wallop","DeusExMachina","PathToVictory","Adaptation","Prostrate","ThirdEye"],"relics":["PureWater","LagranYue:RandomDrawCardRelic","PreservedInsect","Juzu Bracelet","hubris:Towel","Regal Pillow","Odd Mushroom","Fusion Hammer","MutagenicStrength"],"acts_visited":["Exordium","TheCity"],"potions_floor_usage":[8,16,16],"damage_taken":[{"damage":7,"enemies":"Jaw Worm","floor":1,"turns":5},{"damage":0,"enemies":"Small Slimes","floor":3,"turns":2},{"damage":0,"enemies":"Cultist","floor":5,"turns":2},{"damage":4,"enemies":"Large Slime","floor":7,"turns":5},{"damage":24,"enemies":"Gremlin Nob","floor":8,"turns":3},{"damage":19,"enemies":"3 Sentries","floor":10,"turns":5},{"damage":30,"enemies":"The Mushroom Lair","floor":14,"turns":9},{"damage":29,"enemies":"The Guardian","floor":16,"turns":18},{"damage":14,"enemies":"Spheric Guardian","floor":18,"turns":6},{"damage":51,"enemies":"Book of Stabbing","floor":23,"turns":7}],"seed_played":"-6905398144494101545","potions_obtained":[{"floor":3,"key":"LiquidBronze"},{"floor":7,"key":"SteroidPotion"},{"floor":10,"key":"hexamod:SoulburnPotion"}],"is_trial":false,"path_per_floor":["M","?","M","?","M","R","M","E","T","E","?","?","$","?","R","B",null,"M","?","$","?","?","E"],"character_chosen":"WATCHER","items_purchased":["MentalFortress","Regal Pillow","Meditate","Adaptation","Prostrate","ThirdEye"],"campfire_rested":1,"item_purchase_floors":[13,13,13,20,20,20],"current_hp_per_floor":[65,54,54,72,72,72,68,44,44,25,25,46,46,16,52,23,72,58,58,58,45,45,0,0],"gold":20,"neow_bonus":"THREE_CARDS","is_daily":false,"chose_seed":false,"campfire_upgraded":0,"win_rate":0.0,"timestamp":1614414846,"path_taken":["M","?","M","?","M","R","M","E","T","E","?","?","$","?","R","BOSS","M","?","$","?","?","E"],"items_purchased_type":["Card","Relic","Card","Card","Card","Card"],"build_version":"2020-12-22","purchased_purges":0,"victory":false,"max_hp_per_floor":[72,72,72,72,72,72,72,72,72,72,72,72,72,72,72,72,72,72,72,72,77,77,77,77],"card_choices":[{"not_picked":["Halt","ForeignInfluence"],"picked":"Consecrate","floor":0},{"not_picked":["FlurryOfBlows","EmptyMind"],"picked":"EmptyBody","floor":1},{"not_picked":["FollowUp","FlurryOfBlows"],"picked":"Swivel","floor":3},{"not_picked":["WreathOfFlame","JustLucky"],"picked":"TalkToTheHand","floor":5},{"not_picked":["ThirdEye","FlyingSleeves"],"picked":"WindmillStrike","floor":7},{"not_picked":["BowlingBash","SignatureMove"],"picked":"Protect","floor":8},{"not_picked":["BowlingBash","Conclude"],"picked":"Halt","floor":10},{"not_picked":["Indignation","Study"],"picked":"Wallop","floor":14},{"not_picked":["ConjureBlade","Vault"],"picked":"DeusExMachina","floor":16},{"not_picked":["Perseverance","ThirdEye"],"picked":"PathToVictory","floor":18}],"player_experience":269704,"relics_obtained":[{"floor":8,"key":"PreservedInsect"},{"floor":10,"key":"Juzu Bracelet"},{"floor":14,"key":"Odd Mushroom"}],"event_choices":[{"damage_healed":0,"gold_gain":75,"player_choice":"Gather Gold","damage_taken":11,"max_hp_gain":0,"max_hp_loss":0,"event_name":"World of Goop","floor":2,"gold_loss":0},{"damage_healed":18,"gold_gain":0,"player_choice":"Full Heal","damage_taken":0,"max_hp_gain":0,"max_hp_loss":0,"event_name":"Wheel of Change","floor":4,"gold_loss":0},{"damage_healed":0,"gold_gain":0,"player_choice":"Fought Mushrooms","damage_taken":0,"max_hp_gain":0,"max_hp_loss":0,"event_name":"Mushrooms","floor":14,"gold_loss":0},{"damage_healed":0,"gold_gain":0,"player_choice":"Inject Mutagens","damage_taken":0,"relics_obtained":["MutagenicStrength"],"max_hp_gain":0,"max_hp_loss":0,"event_name":"Drug Dealer","floor":19,"gold_loss":0},{"damage_healed":0,"gold_gain":0,"player_choice":"Shed Blood","damage_taken":18,"max_hp_gain":5,"max_hp_loss":0,"event_name":"Forgotten Altar","floor":21,"gold_loss":0}],"is_beta":false,"boss_relics":[{"not_picked":["Empty Cage","hubris:BlackHole"],"picked":"Fusion Hammer"}],"items_purged_floors":[],"is_endless":false,"potions_floor_spawned":[3,7,10],"killed_by":"Book of Stabbing","ascension_level":0}}