{"host":"jpzdg3po3tjxdjri","time":1614438356,"event":{"mods":["BaseMod","Better Third Choice","Colored Map","Colored Powertips","Minty Spire (QoL Compilation)","StSLib"],"gold_per_floor":[14,27,44,61,61,88,88,120,145,175,19,30,48,70,70,174,174,194,213,233,158,173,173,173],"floor_reached":23,"language":"ENG","playtime":879,"items_purged":["Strike_R"],"score":277,"play_id":"c437ea41-9d3b-4a26-b9fa-75f298f1aa11","local_time":"20210227150556","is_ascension_mode":true,"campfire_choices":[{"data":"Bash","floor":7,"key":"SMITH"},{"data":"Searing Blow","floor":15,"key":"SMITH"}],"circlet_count":0,"master_deck":["Strike_R","Strike_R","Strike_R","Strike_R","Defend_R","Defend_R","Defend_R","Defend_R","Bash+1","Headbutt","Sword Boomerang","Twin Strike","Dropkick","Clothesline","Feel No Pain","Searing Blow+1","Fire Breathing","Offering","Thunderclap","Demon Form","Heavy Blade","True Grit+1","Clothesline","Shockwave+1"],"relics":["Burning Blood","FossilizedHelix","Self Forming Clay","Question Card","Vajra","Pear","Juzu Bracelet","Odd Mushroom","Black Star"],"acts_visited":["Exordium","TheCity"],"potions_floor_usage":[10,12,19],"damage_taken":[{"damage":0,"enemies":"Cultist","floor":1,"turns":3},{"damage":0,"enemies":"2 Louse","floor":2,"turns":3},{"damage":0,"enemies":"Jaw Worm","floor":3,"turns":4},{"damage":18,"enemies":"Lots of Slimes","floor":4,"turns":5},{"damage":29,"enemies":"Gremlin Nob","floor":6,"turns":5},{"damage":13,"enemies":"Lagavulin","floor":8,"turns":6},{"damage":0,"enemies":"Gremlin Nob","floor":10,"turns":3},{"damage":0,"enemies":"Looter","floor":12,"turns":3},{"damage":0,"enemies":"Large Slime","floor":13,"turns":4},{"damage":11,"enemies":"The Mushroom Lair","floor":14,"turns":5},{"damage":59,"enemies":"The Guardian","floor":16,"turns":15},{"damage":28,"enemies":"2 Thieves","floor":18,"turns":4},{"damage":11,"enemies":"3 Byrds","floor":19,"turns":4},{"damage":35,"enemies":"Snake Plant","floor":20,"turns":4},{"damage":17,"enemies":"Snecko","floor":22,"turns":5},{"damage":64,"enemies":"3 Cultists","floor":23,"turns":7}],"seed_played":"4931930688617951182","potions_obtained":[{"floor":3,"key":"FairyPotion"},{"floor":6,"key":"ColorlessPotion"},{"floor":8,"key":"Fire Potion"},{"floor":10,"key":"Swift Potion"},{"floor":12,"key":"Fruit Juice"},{"floor":13,"key":"SpeedPotion"},{"floor":19,"key":"Swift Potion"},{"floor":22,"key":"CultistPotion"}],"is_trial":false,"path_per_floor":["M","M","M","M","T","E","R","E","T","E","$","M","M","?","R","B",null,"M","M","M","$","M","M"],"character_chosen":"IRONCLAD","items_purchased":["Juzu Bracelet"],"campfire_rested":0,"item_purchase_floors":[11],"current_hp_per_floor":[80,80,80,68,68,45,45,38,38,54,54,65,71,66,66,13,95,73,68,39,39,28,0,0],"gold":173,"neow_bonus":"ONE_RARE_RELIC","is_daily":false,"chose_seed":false,"campfire_upgraded":2,"win_rate":0.0,"timestamp":1614438356,"path_taken":["M","M","?","M","?","E","R","E","T","E","?","M","M","?","R","BOSS","M","M","M","$","M","M"],"items_purchased_type":["Relic"],"build_version":"2020-12-22","purchased_purges":1,"victory":false,"max_hp_per_floor":[80,80,80,80,80,80,80,80,80,90,90,95,95,95,95,95,95,95,95,95,95,95,95,95],"card_choices":[{"not_picked":["Havoc","Disarm"],"picked":"Headbutt","floor":1},{"not_picked":["Headbutt","Cleave"],"picked":"Sword Boomerang","floor":2},{"not_picked":["Combust","Feel No Pain"],"picked":"Twin Strike","floor":3},{"not_picked":["Blood for Blood","Metallicize"],"picked":"Dropkick","floor":4},{"not_picked":["Reckless Charge","Cleave"],"picked":"Clothesline","floor":6},{"not_picked":["Combust","Wild Strike","Entrench"],"picked":"Feel No Pain","floor":8},{"not_picked":["Intimidate","Wild Strike","Pummel"],"picked":"Searing Blow","floor":10},{"not_picked":["Cleave","Pummel","Clash"],"picked":"Fire Breathing","floor":12},{"not_picked":["Clash","Headbutt","Blood for Blood"],"picked":"Offering","floor":13},{"not_picked":["Intimidate","Clash","Pommel Strike"],"picked":"Thunderclap","floor":14},{"not_picked":["Double Tap","Fiend Fire","Limit Break"],"picked":"Demon Form","floor":16},{"not_picked":["Shockwave","Battle Trance+1","Bloodletting+1"],"picked":"Heavy Blade","floor":18},{"not_picked":["Power Through","Body Slam","Heavy Blade+1"],"picked":"True Grit+1","floor":19},{"not_picked":["Havoc","Body Slam","Sever Soul"],"picked":"Clothesline","floor":20},{"not_picked":["Infernal Blade","Armaments","Anger"],"picked":"Shockwave+1","floor":22}],"player_experience":930182,"relics_obtained":[{"floor":5,"key":"Self Forming Clay"},{"floor":6,"key":"Question Card"},{"floor":8,"key":"Vajra"},{"floor":10,"key":"Pear"},{"floor":14,"key":"Odd Mushroom"}],"event_choices":[{"damage_healed":0,"gold_gain":0,"player_choice":"Fought Mushrooms","damage_taken":0,"max_hp_gain":0,"max_hp_loss":0,"event_name":"Mushrooms","floor":14,"gold_loss":0}],"is_beta":false,"boss_relics":[{"not_picked":["Tiny House","Snecko Eye"],"picked":"Black Star"}],"items_purged_floors":[21],"is_endless":false,"potions_floor_spawned":[3,6,8,10,12,13,19,22],"killed_by":"3 Cultists","ascension_level":1}}