{"host":"lg1lbglystyxcosi","time":1614436560,"event":{"mods":["AchievementEnabler","BaseMod","Better Third Choice","BetterRewards","Colored Powertips","Minty Spire (QoL Compilation)","Quick Restart","Shop Mod","StSLib","¡¾ÒÅÎï¿¨ÅÆ¡¿REMEMod"],"gold_per_floor":[117,17,17,17,34,34,64,64,64,64,78,78,153,168,168,242,242,259,259,134,134,134],"floor_reached":21,"language":"ZHS","playtime":789,"items_purged":["Strike_R","Strike_R","Strike_R"],"score":289,"play_id":"99237c08-7a8f-41b3-b3e4-69f166942109","local_time":"20210227223600","is_ascension_mode":true,"campfire_choices":[{"data":"Barricade","floor":6.0,"key":"SMITH"},{"data":"Body Slam","floor":8,"key":"SMITH"},{"data":"True Grit","floor":10,"key":"SMITH"},{"data":"Armaments","floor":12,"key":"SMITH"},{"data":"Shrug It Off","floor":15,"key":"SMITH"}],"circlet_count":0,"master_deck":["AscendersBane","Strike_R","Strike_R","Defend_R","Defend_R","Defend_R","Defend_R","Bash","Barricade+1","Shrug It Off+1","Body Slam+1","True Grit+1","Bloodletting","Armaments+1"],"relics":["Burning Blood","REME_ComplimentaryCards","Juzu Bracelet","Ornamental Fan","Mummified Hand","Philosopher\u0027s Stone","Nilry\u0027s Codex"],"acts_visited":["Exordium","TheCity"],"potions_floor_usage":[7,14,18],"damage_taken":[{"damage":7.0,"enemies":"Jaw Worm","floor":1.0,"turns":5.0},{"damage":3.0,"enemies":"Cultist","floor":5.0,"turns":5.0},{"damage":36,"enemies":"Gremlin Nob","floor":7,"turns":5},{"damage":7,"enemies":"Small Slimes","floor":11,"turns":4},{"damage":5,"enemies":"Looter","floor":14,"turns":4},{"damage":43,"enemies":"The Guardian","floor":16,"turns":9},{"damage":20,"enemies":"Spheric Guardian","floor":18,"turns":8},{"damage":0,"enemies":"3 Byrds","floor":21,"turns":1}],"seed_played":"-1461668963080965382","potions_obtained":[{"floor":11,"key":"BloodPotion"},{"floor":16,"key":"LiquidMemories"}],"is_trial":false,"path_per_floor":["M","$","?","$","M","R","E","R","T","R","M","R","?","M","R","B",null,"M","?","$","M"],"character_chosen":"IRONCLAD","items_purchased":["Juzu Bracelet","Shrug It Off","Body Slam","True Grit","Bloodletting","ColorlessPotion"],"campfire_rested":0,"item_purchase_floors":[0,0,0,0,0,0],"current_hp_per_floor":[47,47,80,80,80,80,50,50,50,50,49,49,38,55,55,18,65,51,35,35,35,35],"gold":134,"neow_bonus":"","is_daily":false,"chose_seed":false,"campfire_upgraded":5,"win_rate":0.0,"timestamp":1614436560,"path_taken":["M","$","?","?","M","R","E","R","T","R","M","R","?","M","R","BOSS","M","?","$","M"],"items_purchased_type":["Relic","Card","Card","Card","Card","Potion"],"build_version":"2020-12-22","purchased_purges":3,"victory":false,"max_hp_per_floor":[80,80,80,80,80,80,80,80,80,80,80,80,80,80,80,80,80,80,80,80,80,80],"card_choices":[{"not_picked":["Twin Strike","Body Slam","Warcry"],"picked":"SKIP","floor":1.0},{"not_picked":["Clothesline","Dual Wield","Heavy Blade"],"picked":"SKIP","floor":5.0},{"not_picked":["Feed","Cleave"],"picked":"Armaments","floor":7},{"not_picked":["Havoc","Armaments","REME_Scribble"],"picked":"SKIP","floor":11},{"not_picked":["REME_Scribble","Rupture","Warcry"],"picked":"SKIP","floor":14},{"not_picked":["Cleave","Anger","Heavy Blade"],"picked":"SKIP","floor":18}],"player_experience":247832,"relics_obtained":[{"floor":7,"key":"Ornamental Fan"},{"floor":9,"key":"Mummified Hand"},{"floor":19,"key":"Nilry\u0027s Codex"}],"event_choices":[{"damage_healed":33.0,"max_hp_gain":0.0,"max_hp_loss":0.0,"gold_gain":0.0,"event_name":"Wheel of Change","player_choice":"Full Heal","floor":3.0,"gold_loss":0.0,"damage_taken":0.0},{"damage_healed":0,"gold_gain":75,"player_choice":"Gold","damage_taken":11,"max_hp_gain":0,"max_hp_loss":0,"event_name":"betterThird:BetterGoop","floor":13,"gold_loss":0},{"damage_healed":0,"gold_gain":0,"player_choice":"Obtained Book","damage_taken":16,"max_hp_gain":0,"max_hp_loss":0,"event_name":"Cursed Tome","floor":19,"gold_loss":0}],"is_beta":false,"boss_relics":[{"not_picked":["Velvet Choker","Sozu"],"picked":"Philosopher\u0027s Stone"}],"items_purged_floors":[0,2,20],"is_endless":false,"potions_floor_spawned":[11,16],"killed_by":"3 Byrds","ascension_level":13}}