{"host":"xg4r5pv6chpuampg","time":1614422477,"event":{"mods":["AchievementEnabler","BaseMod","Googly Eyes","Minty Spire (QoL Compilation)","StSLib","Together in Spire"],"gold_per_floor":[111,111,61,79,79,106,125,125,125,156,156,33,44,62,62,165,165,147,72,85,103,128,128,160,160,160,191,191,205,21,41,41,140,140,159,209,209,220,235,235,235,235,262,262,288,288,288,288],"floor_reached":47,"language":"ENG","playtime":3808,"items_purged":[],"score":581,"play_id":"8764ed62-ec30-4220-91c5-a74944a44a53","local_time":"20210227134117","is_ascension_mode":true,"campfire_choices":[{"data":"Adaptation","floor":11,"key":"SMITH"},{"data":"ForeignInfluence","floor":15,"key":"SMITH"},{"data":"Wish","floor":23,"key":"SMITH"},{"floor":25,"key":"REST"},{"floor":32,"key":"REST"},{"floor":40,"key":"REST"},{"floor":42,"key":"REST"},{"floor":44,"key":"REST"}],"circlet_count":0,"master_deck":["Strike_P+1","Strike_P+1","Defend_P+1","Defend_P+1","Eruption","Vigilance","Wallop","ForeignInfluence+1","WindmillStrike+1","Adaptation+1","Devotion","Halt","Meditate","Wish+1","CrushJoints+1","FollowUp","Prostrate","BowlingBash","FollowUp+1","CarveReality","Bandage Up","Conclude+1","DeusExMachina","SignatureMove+1","TalkToTheHand+1","Conclude","Madness","Madness","FollowUp+1"],"relics":["PureWater","NeowsBlessing","Sundial","Mercury Hourglass","The Courier","Whetstone","Pen Nib","VioletLotus","Red Mask","Kunai","Shuriken","Ancient Tea Set","Lantern","Philosopher\u0027s Stone","Du-Vu Doll","Pear"],"acts_visited":["Exordium","TheCity","TheBeyond"],"potions_floor_usage":[16,16,18,24,24,29,33,38,46],"damage_taken":[{"damage":0,"enemies":"Small Slimes","floor":1,"turns":2},{"damage":0,"enemies":"2 Louse","floor":4,"turns":1},{"damage":0,"enemies":"Gremlin Nob","floor":6,"turns":1},{"damage":1,"enemies":"Jaw Worm","floor":7,"turns":4},{"damage":19,"enemies":"Lagavulin","floor":10,"turns":4},{"damage":0,"enemies":"Blue Slaver","floor":13,"turns":2},{"damage":0,"enemies":"Large Slime","floor":14,"turns":3},{"damage":30,"enemies":"The Guardian","floor":16,"turns":8},{"damage":13,"enemies":"2 Thieves","floor":18,"turns":4},{"damage":13,"enemies":"Shell Parasite","floor":20,"turns":4},{"damage":7,"enemies":"Snecko","floor":21,"turns":5},{"damage":0,"enemies":"Masked Bandits","floor":22,"turns":2},{"damage":24,"enemies":"Gremlin Leader","floor":24,"turns":5},{"damage":26,"enemies":"Slavers","floor":27,"turns":5},{"damage":9,"enemies":"3 Cultists","floor":29,"turns":4},{"damage":0,"enemies":"Centurion and Healer","floor":31,"turns":2},{"damage":15,"enemies":"Champ","floor":33,"turns":6},{"damage":34,"enemies":"3 Darklings","floor":35,"turns":4},{"damage":18,"enemies":"Mind Bloom Boss Battle","floor":36,"turns":3},{"damage":0,"enemies":"Orb Walker","floor":38,"turns":4},{"damage":18,"enemies":"4 Shapes","floor":39,"turns":2},{"damage":40,"enemies":"Giant Head","floor":45,"turns":9},{"damage":16,"enemies":"Sphere and 2 Shapes","floor":46,"turns":3},{"damage":36,"enemies":"Nemesis","floor":47,"turns":7}],"seed_played":"-3737050138745417176","potions_obtained":[{"floor":1,"key":"SkillPotion"},{"floor":4,"key":"Swift Potion"},{"floor":7,"key":"ColorlessPotion"},{"floor":10,"key":"SkillPotion"},{"floor":18,"key":"AttackPotion"},{"floor":20,"key":"LiquidBronze"},{"floor":27,"key":"EssenceOfSteel"},{"floor":29,"key":"FearPotion"},{"floor":36,"key":"Block Potion"},{"floor":39,"key":"SmokeBomb"},{"floor":45,"key":"CultistPotion"}],"is_trial":false,"path_per_floor":["M","$","?","M","?","E","M","?","T","E","R","$","M","M","R","B",null,"M","?","M","M","?","R","E","R","T","E","?","M","$","M","R","B",null,"M","?","?","M","M","R","?","R","T","R","E","M","E"],"character_chosen":"WATCHER","items_purchased":["Pen Nib","Bandage Up","Lantern"],"campfire_rested":5,"item_purchase_floors":[12,30,30],"current_hp_per_floor":[72,72,72,72,69,69,68,61,61,42,42,42,42,42,42,12,72,59,59,46,39,39,39,15,36,36,10,10,1,1,1,22,11,72,42,28,28,32,14,35,26,47,47,68,42,30,0,0],"gold":288,"neow_bonus":"THREE_ENEMY_KILL","is_daily":false,"chose_seed":false,"campfire_upgraded":3,"win_rate":0.0,"timestamp":1614422477,"path_taken":["M","$","?","M","?","E","M","?","T","E","R","$","M","M","R","BOSS","M","?","M","M","?","R","E","R","T","E","?","M","$","M","R","BOSS","M","?","?","?","M","R","?","R","T","R","E","M","E"],"items_purchased_type":["Relic","Card","Relic"],"build_version":"2020-12-22","purchased_purges":0,"victory":false,"max_hp_per_floor":[72,72,72,72,72,72,72,72,72,72,72,72,72,72,72,72,72,72,72,72,72,72,72,72,72,72,72,72,72,72,72,72,72,72,72,72,72,72,72,72,72,72,72,72,82,82,82,82],"card_choices":[{"not_picked":["Study","FlyingSleeves"],"picked":"Wallop","floor":1},{"not_picked":["WreathOfFlame","Adaptation"],"picked":"ForeignInfluence","floor":4},{"not_picked":["FlurryOfBlows","InnerPeace"],"picked":"WindmillStrike","floor":6},{"not_picked":["Protect","InnerPeace"],"picked":"Adaptation","floor":7},{"not_picked":["Sanctity","Fasting2"],"picked":"Devotion","floor":10},{"not_picked":["LikeWater","Protect"],"picked":"Halt","floor":13},{"not_picked":["JustLucky","Swivel"],"picked":"Meditate","floor":14},{"not_picked":["MasterReality","LessonLearned"],"picked":"Wish","floor":16},{"not_picked":["EmptyFist","Adaptation"],"picked":"CrushJoints+1","floor":18},{"not_picked":["Pray","FlyingSleeves+1"],"picked":"FollowUp","floor":20},{"not_picked":["Consecrate","JustLucky+1"],"picked":"Prostrate","floor":21},{"not_picked":["Fasting2","WindmillStrike+1"],"picked":"BowlingBash","floor":22},{"not_picked":["ClearTheMind","FlyingSleeves","Halt"],"picked":"SKIP","floor":24},{"not_picked":["JustLucky","Protect"],"picked":"FollowUp+1","floor":27},{"not_picked":["FlyingSleeves","LessonLearned"],"picked":"CarveReality","floor":29},{"not_picked":["PathToVictory","Consecrate"],"picked":"Conclude+1","floor":31},{"not_picked":["Omniscience","Judgement"],"picked":"DeusExMachina","floor":33},{"not_picked":["Evaluate+1","FlyingSleeves"],"picked":"SignatureMove+1","floor":35},{"not_picked":["Protect+1","FlurryOfBlows"],"picked":"TalkToTheHand+1","floor":36},{"not_picked":["Meditate","Consecrate+1","BowlingBash"],"picked":"SKIP","floor":38},{"not_picked":["ThirdEye","JustLucky","MentalFortress"],"picked":"SKIP","floor":39},{"not_picked":["CrushJoints","BowlingBash"],"picked":"FollowUp+1","floor":45}],"player_experience":175096,"relics_obtained":[{"floor":6,"key":"Mercury Hourglass"},{"floor":9,"key":"The Courier"},{"floor":10,"key":"Whetstone"},{"floor":22,"key":"Red Mask"},{"floor":24,"key":"Kunai"},{"floor":26,"key":"Shuriken"},{"floor":27,"key":"Ancient Tea Set"},{"floor":36,"key":"Du-Vu Doll"},{"floor":45,"key":"Pear"}],"event_choices":[{"cards_removed":["Defend_P"],"damage_healed":0,"gold_gain":0,"player_choice":"Card Removal","damage_taken":0,"max_hp_gain":0,"max_hp_loss":0,"event_name":"The Cleric","floor":3,"gold_loss":50},{"damage_healed":0,"gold_gain":0,"player_choice":"Success","damage_taken":3,"relics_obtained":["Sundial"],"max_hp_gain":0,"max_hp_loss":0,"event_name":"Scrap Ooze","floor":5,"gold_loss":0},{"cards_removed":["Strike_P"],"damage_healed":0,"gold_gain":0,"player_choice":"Card Removal","damage_taken":7,"max_hp_gain":0,"max_hp_loss":0,"event_name":"Golden Wing","floor":8,"gold_loss":0},{"cards_removed":["Defend_P"],"damage_healed":0,"gold_gain":0,"player_choice":"Gave Gold","damage_taken":0,"max_hp_gain":0,"max_hp_loss":0,"event_name":"Beggar","floor":19,"gold_loss":75},{"damage_healed":0,"gold_gain":0,"player_choice":"Fought Bandits","damage_taken":0,"max_hp_gain":0,"max_hp_loss":0,"event_name":"Masked Bandits","floor":22,"gold_loss":0},{"damage_healed":0,"gold_gain":0,"player_choice":"Simplicity","damage_taken":0,"max_hp_gain":0,"max_hp_loss":0,"event_name":"Back to Basics","floor":28,"gold_loss":0,"cards_upgraded":["Strike_P","Strike_P","Defend_P","Defend_P"]},{"damage_healed":0,"gold_gain":0,"player_choice":"Fight","damage_taken":0,"max_hp_gain":0,"max_hp_loss":0,"event_name":"MindBloom","floor":36,"gold_loss":0},{"damage_healed":0,"gold_gain":0,"cards_transformed":["Strike_P"],"player_choice":"Transformed","damage_taken":0,"max_hp_gain":0,"max_hp_loss":0,"event_name":"Transmorgrifier","floor":37,"gold_loss":0,"cards_obtained":["Conclude"]},{"damage_healed":0,"gold_gain":0,"player_choice":"Embrace Madness","damage_taken":9,"max_hp_gain":0,"max_hp_loss":0,"event_name":"Winding Halls","floor":41,"gold_loss":0,"cards_obtained":["Madness","Madness"]}],"is_beta":false,"boss_relics":[{"not_picked":["Velvet Choker","Pandora\u0027s Box"],"picked":"VioletLotus"},{"not_picked":["Astrolabe","SlaversCollar"],"picked":"Philosopher\u0027s Stone"}],"items_purged_floors":[],"is_endless":false,"potions_floor_spawned":[1,4,7,10,18,20,27,29,36,39,45],"killed_by":"Nemesis","ascension_level":1}}