{"host":"6dypmz777xraikqf","time":1614430042,"event":{"mods":["AchievementEnabler","BaseMod","BetterRewards","Colored Map","Colored Powertips","Downfall","Highlight Path","Hubris","Infinite Spire","Minty Spire (QoL Compilation)","Replay The Spire","StSLib"],"gold_per_floor":[111,125,141,141,151,151,162,193,193,193,204,204,232,246,246,350,350,363,363,383,154,167,167,183,183,183,196,196,212,37,64,64,175,187,219,231,256,268,268],"floor_reached":38,"language":"ENG","playtime":2679,"items_purged":["hubris:Despair","Parasite"],"score":492,"play_id":"15c7f5ad-0c83-4f6f-aacf-1e72b9830299","local_time":"20210227124722","is_ascension_mode":true,"campfire_choices":[{"data":"BowlingBash","floor":6,"key":"SMITH"},{"floor":10,"key":"REST"},{"data":"infinitespire:TheBestDefense","floor":15,"key":"SMITH"},{"floor":23,"key":"REST"},{"data":"Perseverance","floor":25,"key":"SMITH"},{"data":"Replay:LoomingThreat","floor":28,"key":"SMITH"},{"floor":32,"key":"DIG"}],"circlet_count":0,"master_deck":["Strike_P+1","Strike_P+1","Strike_P+1","Strike_P+1","Defend_P+1","Defend_P+1","Defend_P+1","Defend_P+1","Eruption+1","Vigilance+1","Protect+1","BowlingBash+1","Scrawl+1","DeceiveReality+1","CutThroughFate+1","Replay:Battleflow+1","ThirdEye+1","EmptyBody+1","infinitespire:TheBestDefense+1","Perseverance+1","Wallop+1","DevaForm+1","JustLucky+1","SashWhip+1","LikeWater+1","Sanctity+1","Replay:LoomingThreat+1","Protect+1","Nirvana+1","FlyingSleeves+1","Alpha+1","CarveReality+1","Replay:AtTheReady"],"relics":["Cursed Key","Dream Catcher","Toy Ornithopter","hubris:64BitClover","Sozu","Happy Flower","Pantograph","ReplayTheSpireMod:Ninjato","Akabeko","MawBank","Fusion Hammer","Mark of the Bloom"],"acts_visited":["Exordium","TheCity","TheBeyond"],"potions_floor_usage":[13,16,16,31],"damage_taken":[{"damage":1,"enemies":"Jaw Worm","floor":1,"turns":4},{"damage":0,"enemies":"Small Slimes","floor":2,"turns":4},{"damage":7,"enemies":"2 Louse","floor":3,"turns":3},{"damage":1,"enemies":"Exordium Thugs","floor":5,"turns":4},{"damage":0,"enemies":"2 Fungi Beasts","floor":7,"turns":3},{"damage":1,"enemies":"3 Sentries","floor":8,"turns":8},{"damage":1,"enemies":"3 Louse","floor":11,"turns":3},{"damage":10,"enemies":"Lagavulin","floor":13,"turns":8},{"damage":1,"enemies":"Lots of Slimes","floor":14,"turns":6},{"damage":16,"enemies":"Slime Boss","floor":16,"turns":7},{"damage":10,"enemies":"3 Byrds","floor":18,"turns":7},{"damage":0,"enemies":"Spheric Guardian","floor":20,"turns":8},{"damage":27,"enemies":"Cultist and Chosen","floor":22,"turns":12},{"damage":0,"enemies":"Snecko","floor":24,"turns":6},{"damage":4,"enemies":"3 Cultists","floor":27,"turns":8},{"damage":2,"enemies":"Shelled Parasite and Fungi","floor":29,"turns":7},{"damage":26,"enemies":"Gremlin Leader","floor":31,"turns":9},{"damage":1,"enemies":"Champ","floor":33,"turns":14},{"damage":0,"enemies":"3 Shapes","floor":35,"turns":6},{"damage":2,"enemies":"Orb Walker","floor":37,"turns":5},{"damage":122,"enemies":"2 Orb Walkers","floor":38,"turns":7}],"seed_played":"7563713057644432885","potions_obtained":[{"floor":3,"key":"champ:CounterPotion"},{"floor":5,"key":"StancePotion"},{"floor":11,"key":"Adrenaline Potion"},{"floor":14,"key":"hexamod:SoulburnPotion"},{"floor":16,"key":"Doom Potion"}],"is_trial":false,"path_per_floor":["M","M","M","?","M","R","M","E","T","R","M","?","E","M","R_BF","B",null,"M","?","M","$","M","R","M","R","T","M","R","M","$","E","R_BF","B",null,"M","?","M","?"],"character_chosen":"WATCHER","items_purchased":["Happy Flower","Nirvana"],"campfire_rested":2,"item_purchase_floors":[21,30],"current_hp_per_floor":[71,71,64,50,49,49,49,48,48,69,68,50,45,44,44,38,72,62,72,72,72,45,66,66,66,66,62,62,60,60,39,39,63,69,69,69,67,0,0],"gold":268,"neow_bonus":"BOSS_RELIC","is_daily":false,"chose_seed":false,"campfire_upgraded":4,"win_rate":0.0,"timestamp":1614430042,"path_taken":["M","M","M","?","M","R","M","E","T","R","M","?","E","M","R_BF","BOSS","M","?","M","$","M","R","M","R","T","M","R","M","?","E","R_BF","BOSS","M","?","M","?"],"items_purchased_type":["Relic","Card"],"build_version":"2020-12-22","purchased_purges":2,"victory":false,"max_hp_per_floor":[72,72,72,72,72,72,72,72,72,72,72,72,72,72,72,72,72,72,72,72,72,72,72,72,72,72,72,72,72,69,69,69,69,69,69,69,69,69,69],"card_choices":[{"not_picked":["Halt","Collect"],"picked":"Protect","floor":1},{"not_picked":["EmptyFist","ClearTheMind"],"picked":"BowlingBash","floor":2},{"not_picked":["Replay:DivineShield","EmptyFist"],"picked":"Scrawl","floor":3},{"not_picked":["SashWhip","EmptyFist"],"picked":"DeceiveReality","floor":5},{"not_picked":["SignatureMove","Protect"],"picked":"CutThroughFate","floor":7},{"not_picked":["PathToVictory","ClearTheMind"],"picked":"Replay:Battleflow","floor":8},{"not_picked":["Swivel","Replay:Hum"],"picked":"ThirdEye","floor":10},{"not_picked":["Protect","CutThroughFate"],"picked":"EmptyBody","floor":11},{"not_picked":["ReplayTheSpireMod:Book of Names","ReplayTheSpireMod:Chaos Vortex"],"picked":"infinitespire:TheBestDefense","floor":12},{"not_picked":["EmptyMind","CutThroughFate"],"picked":"Perseverance","floor":13},{"not_picked":["ConjureBlade","Replay:ManipulateFuture"],"picked":"Wallop","floor":14},{"not_picked":["Wish","Judgement"],"picked":"DevaForm","floor":16},{"not_picked":["SashWhip","WaveOfTheHand"],"picked":"JustLucky","floor":18},{"not_picked":["Weave","Meditate"],"picked":"SashWhip","floor":20},{"not_picked":["Wallop","Consecrate"],"picked":"LikeWater+1","floor":22},{"not_picked":["SashWhip","ReachHeaven"],"picked":"Sanctity","floor":23},{"not_picked":["SashWhip+1","FlurryOfBlows+1","Wallop"],"picked":"SKIP","floor":24},{"not_picked":["ThirdEye","EmptyBody+1"],"picked":"Replay:LoomingThreat","floor":27},{"not_picked":["Adaptation","ClearTheMind"],"picked":"Protect","floor":29},{"not_picked":["Wireheading","ThirdEye+1"],"picked":"FlyingSleeves","floor":31},{"not_picked":["DeusExMachina","MasterReality"],"picked":"Alpha","floor":33},{"not_picked":["ThirdEye+1","DeceiveReality+1"],"picked":"CarveReality+1","floor":35},{"not_picked":["Vengeance","Replay:ManipulateFuture"],"picked":"Replay:AtTheReady","floor":37}],"player_experience":298825,"relics_obtained":[{"floor":8,"key":"Dream Catcher"},{"floor":9,"key":"Toy Ornithopter"},{"floor":13,"key":"hubris:64BitClover"},{"floor":26,"key":"Pantograph"},{"floor":27,"key":"ReplayTheSpireMod:Ninjato"},{"floor":31,"key":"Akabeko"},{"floor":32,"key":"MawBank"}],"event_choices":[{"damage_healed":0,"gold_gain":0,"player_choice":"Entered Light","damage_taken":14,"max_hp_gain":0,"max_hp_loss":0,"event_name":"Shining Light","floor":4,"gold_loss":0,"cards_upgraded":["Strike_P","Defend_P"]},{"damage_healed":10,"gold_gain":0,"player_choice":"Full Heal","damage_taken":0,"max_hp_gain":0,"max_hp_loss":0,"event_name":"Wheel of Change","floor":19,"gold_loss":0},{"damage_healed":0,"gold_gain":0,"player_choice":"Upgrade","damage_taken":0,"relics_obtained":["Mark of the Bloom"],"max_hp_gain":0,"max_hp_loss":0,"event_name":"MindBloom","floor":36,"gold_loss":0,"cards_upgraded":["Strike_P","Strike_P","Strike_P","Defend_P","Defend_P","Defend_P","Eruption","Vigilance","Protect","Scrawl","DeceiveReality","CutThroughFate","Replay:Battleflow","ThirdEye","EmptyBody","Wallop","DevaForm","JustLucky","SashWhip","Sanctity","Protect","Nirvana","FlyingSleeves","Alpha"]},{"damage_healed":0,"gold_gain":0,"player_choice":"Fight","damage_taken":0,"max_hp_gain":0,"max_hp_loss":0,"event_name":"Mysterious Sphere","floor":38,"gold_loss":0}],"is_beta":false,"boss_relics":[{"not_picked":["Black Star","Honey Jar"],"picked":"Sozu"},{"not_picked":["Runic Pyramid","hubris:BlackHole"],"picked":"Fusion Hammer"}],"items_purged_floors":[21,30],"is_endless":false,"potions_floor_spawned":[3,5,11,14,16,18,24,29,37],"killed_by":"2 Orb Walkers","ascension_level":4}}