{"host":"709e3hc8hvltf42g","time":1614411622,"event":{"mods":["100% Spire Juice","ATMod(°¢èªMod)","Act Like it!","Arknights","Aspiration","BaseMod","CapriCore","Conspire","Downfall","Gensokyo","GungeonMod","Hallownest","Hermit","Library of Ruina","Library of Ruina Extra","Lobotomy","LobotomyExtend","Minty Spire (QoL Compilation)","MostiFishMod","Remilia£¨ÀÙÃ×ÀòÑÇ£©","StSLib","The Alterego","The Blackbeard","The Bug Knight","The Cursed","The Immortal","The Marked","Waifu the Spire","Yakumo Yukari mod","[GremlinLeader]The Maniac","[IsaacMod]ÒÔÈö¼âËþ","¡¾ÒÅÎï¿¨ÅÆ¡¿REMEMod"],"gold_per_floor":[118,153,153,228,239,268,268,294,294,294,294,307,307,307],"floor_reached":13,"language":"ZHS","playtime":471,"items_purged":["alterego_mod:Strike"],"score":81,"play_id":"b8cda52b-c4ae-4e20-a4a9-3d1ec4851b9d","local_time":"20210227154022","is_ascension_mode":false,"campfire_choices":[{"floor":11,"key":"REST"}],"circlet_count":0,"master_deck":["alterego_mod:Strike","alterego_mod:Strike","alterego_mod:Strike","alterego_mod:Defend","alterego_mod:Defend","alterego_mod:Defend+1","alterego_mod:Defend","alterego_mod:Impale","alterego_mod:BigMeatyClaws+1","alterego_mod:BrynhildrsRune","alterego_mod:DiscoLights","alterego_mod:1TonWallop","alterego_mod:BiFurious","alterego_mod:DiscoLights","alterego_mod:Mirror"],"relics":["alterego_mod:MasochisticConstitution","HushsDoor","AT_ATBox","REME_ComplimentaryCards","DaveBox","NeowsBlessing","GuppysHead","DiscerningMonocle","SynthV:TestCard","LetterFromLob","AT_EbonyIvory","aspiration:FrozenJewel","aspiration:HiddenCompartment","Golden Idol","Damocles","DemoMod:MeltedRock","TakeMeEscape","AT_ArchangelStaff","DemoMod:GlassGuonStoneRelic","War Paint"],"acts_visited":["Exordium"],"potions_floor_usage":[],"damage_taken":[{"damage":0,"enemies":"Cultist","floor":1,"turns":2},{"damage":0,"enemies":"conspire:MimicChest","floor":2,"turns":1},{"damage":0,"enemies":"2 Louse","floor":5,"turns":3},{"damage":8,"enemies":"Gremlin Nob","floor":6,"turns":3},{"damage":15,"enemies":"Jaw Worm","floor":12,"turns":3},{"damage":7,"enemies":"Lagavulin","floor":13,"turns":2}],"seed_played":"7447569620806209402","potions_obtained":[{"floor":5,"key":"Dexterity Potion"},{"floor":6,"key":"bronze:BurnAndBuffPotion"}],"is_trial":false,"path_per_floor":["M","?","?","?","M","E","?","T","T","$","R","M","E"],"character_chosen":"The_Alterego","items_purchased":["DemoMod:MeltedRock","TakeMeEscape","AT_ArchangelStaff","alterego_mod:DiscoLights"],"campfire_rested":1,"item_purchase_floors":[10,10,10,10],"current_hp_per_floor":[70,70,37,26,26,19,2,2,2,2,23,9,0,0],"gold":307,"neow_bonus":"THREE_ENEMY_KILL","is_daily":false,"chose_seed":false,"campfire_upgraded":0,"win_rate":0.0,"timestamp":1614411622,"path_taken":["M","?","?","?","M","E","?","?","T","$","R","M","E"],"items_purchased_type":["Relic","Relic","Relic","Card"],"build_version":"2020-12-22","purchased_purges":1,"victory":false,"max_hp_per_floor":[70,70,70,70,70,71,71,71,71,71,71,72,72,72],"card_choices":[{"not_picked":["alterego_mod:Jiggle","alterego_mod:Cooking"],"picked":"alterego_mod:DiscoLights","floor":1},{"not_picked":["alterego_mod:PerceptionDisorder","alterego_mod:Cooking","alterego_mod:GoddessCore","alterego_mod:MagicResistance"],"picked":"alterego_mod:1TonWallop","floor":2},{"not_picked":["alterego_mod:SakuraPetals","alterego_mod:Crossover","alterego_mod:Skirt","alterego_mod:Birthday","alterego_mod:RidiculouslyBig"],"picked":"SKIP","floor":5},{"not_picked":["alterego_mod:1TonWallop","alterego_mod:Birthday","alterego_mod:Skirt","alterego_mod:MaintainEyeContact"],"picked":"alterego_mod:BiFurious","floor":6},{"not_picked":["alterego_mod:Swimsuit","alterego_mod:Alter","alterego_mod:Smother","alterego_mod:BiFurious"],"picked":"alterego_mod:Mirror","floor":12}],"player_experience":278861,"relics_obtained":[{"floor":1,"key":"SynthV:TestCard"},{"floor":1,"key":"LetterFromLob"},{"floor":2,"key":"AT_EbonyIvory"},{"floor":6,"key":"aspiration:HiddenCompartment"},{"floor":8,"key":"Damocles"},{"floor":12,"key":"War Paint"}],"event_choices":[{"damage_healed":0,"gold_gain":0,"player_choice":"Success","damage_taken":33,"relics_obtained":["aspiration:FrozenJewel"],"max_hp_gain":0,"max_hp_loss":0,"event_name":"Scrap Ooze","floor":3,"gold_loss":0},{"damage_healed":0,"gold_gain":75,"player_choice":"Gather Gold","damage_taken":11,"max_hp_gain":0,"max_hp_loss":0,"event_name":"World of Goop","floor":4,"gold_loss":0},{"damage_healed":0,"gold_gain":0,"player_choice":"Take Damage","damage_taken":17,"relics_obtained":["Golden Idol"],"max_hp_gain":0,"max_hp_loss":0,"event_name":"Golden Idol","floor":7,"gold_loss":0}],"is_beta":false,"boss_relics":[],"items_purged_floors":[10],"is_endless":false,"potions_floor_spawned":[5,6],"killed_by":"Lagavulin","ascension_level":0}}