{"host":"caz9phlr9zt22rnt","time":1614454587,"event":{"mods":["AchievementEnabler","BaseMod","Colored Map","Custom Start","Minty Spire (QoL Compilation)","Rare Cards Sparkle","Relic Stats","StSLib"],"gold_per_floor":[116,68,81,6,22,22,56,56,81,81,108,128,128,128,128,128,128],"floor_reached":16,"language":"ENG","playtime":1224,"items_purged":["Defend_P"],"score":108,"play_id":"3c2d43bf-8ba7-436b-9c00-b96298507ced","local_time":"20210227133627","is_ascension_mode":false,"campfire_choices":[{"floor":6,"key":"REST"},{"floor":8,"key":"REST"},{"floor":10,"key":"REST"},{"floor":15,"key":"REST"}],"circlet_count":0,"master_deck":["Strike_P","Strike_P","Strike_P","Defend_P","Defend_P","Defend_P","Eruption+1","Vigilance","CrushJoints","Halt","Prostrate","Vault","ClearTheMind","LessonLearned","SashWhip","InnerPeace"],"relics":["PureWater","Dream Catcher","Orichalcum"],"acts_visited":["Exordium"],"potions_floor_usage":[11],"damage_taken":[{"damage":0,"enemies":"Small Slimes","floor":1,"turns":3},{"damage":0,"enemies":"2 Louse","floor":3,"turns":3},{"damage":5,"enemies":"Jaw Worm","floor":5,"turns":4},{"damage":27,"enemies":"Lagavulin","floor":7,"turns":5},{"damage":15,"enemies":"3 Sentries","floor":11,"turns":8},{"damage":0,"enemies":"Large Slime","floor":12,"turns":5},{"damage":74,"enemies":"Hexaghost","floor":16,"turns":12}],"seed_played":"1429412788104460337","potions_obtained":[{"floor":7,"key":"SkillPotion"},{"floor":12,"key":"Energy Potion"}],"is_trial":false,"path_per_floor":["M","$","M","$","M","R","E","R","T","R","E","M","?","?","R","B"],"character_chosen":"WATCHER","items_purchased":["Halt"],"campfire_rested":4,"item_purchase_floors":[2],"current_hp_per_floor":[72,72,72,72,67,72,45,66,66,72,57,57,57,50,71,0,0],"gold":128,"neow_bonus":"UPGRADE_CARD","is_daily":false,"chose_seed":false,"campfire_upgraded":0,"win_rate":0.0,"timestamp":1614454587,"path_taken":["M","$","M","$","M","R","E","R","T","R","E","M","?","?","R","BOSS"],"items_purchased_type":["Card"],"build_version":"2020-12-22","purchased_purges":1,"victory":false,"max_hp_per_floor":[72,72,72,72,72,72,72,72,72,72,72,72,72,72,72,72,72],"relic_stats":{"Dream Catcher":3,"counters":[7,40],"Orichalcum":[6],"obtain_stats":[{"Dream Catcher":7,"PureWater":0,"Orichalcum":11},{"Dream Catcher":4,"PureWater":0,"Orichalcum":5},{"Dream Catcher":15,"PureWater":0,"Orichalcum":23}]},"card_choices":[{"not_picked":["PathToVictory","TalkToTheHand"],"picked":"CrushJoints","floor":1},{"not_picked":["FlurryOfBlows","Nirvana"],"picked":"Prostrate","floor":3},{"not_picked":["Swivel","Crescendo","FollowUp"],"picked":"SKIP","floor":5},{"not_picked":["WaveOfTheHand","JustLucky","WindmillStrike"],"picked":"SKIP","floor":7},{"not_picked":["Halt","Swivel"],"picked":"Vault","floor":8},{"not_picked":["FollowUp","Swivel"],"picked":"ClearTheMind","floor":10},{"not_picked":["BowlingBash","Blasphemy"],"picked":"LessonLearned","floor":11},{"not_picked":["WaveOfTheHand","Protect"],"picked":"SashWhip","floor":12},{"not_picked":["ClearTheMind","CrushJoints"],"picked":"InnerPeace","floor":15}],"player_experience":465915,"relics_obtained":[{"floor":7,"key":"Dream Catcher"},{"floor":11,"key":"Orichalcum"}],"event_choices":[{"damage_healed":0,"gold_gain":0,"player_choice":"Ignored","damage_taken":0,"max_hp_gain":0,"max_hp_loss":0,"event_name":"Liars Game","floor":13,"gold_loss":0},{"cards_removed":["Strike_P"],"damage_healed":0,"gold_gain":0,"player_choice":"Card Removal","damage_taken":7,"max_hp_gain":0,"max_hp_loss":0,"event_name":"Golden Wing","floor":14,"gold_loss":0}],"is_beta":false,"boss_relics":[],"items_purged_floors":[4],"is_endless":false,"potions_floor_spawned":[7,12],"killed_by":"Hexaghost","ascension_level":0}}