{"host":"338bkdl2yirdp2ct","time":1614454222,"event":{"mods":["AchievementEnabler","BaseMod","Challenge The Spire","Colored Powertips","Custom Start","Dark Map","DeckTracker","Highlight Path","Minty Spire (QoL Compilation)","Quick Restart","Random Character Button","Relic Sorter","Relic Stats","Uncapped","Unceasing Turn Reminder","slay the spire mod where everything is the same but ironclad has a cowboy hat"],"gold_per_floor":[556,159,186,218,245,245,8,8,35,62,62,62],"floor_reached":11,"language":"ENG","playtime":348,"items_purged":[],"score":184,"play_id":"42ef9c46-11f7-4966-b68f-f68ab7fb25c2","local_time":"20210227113022","daily_mods":["challengethespire:Gold Difficulty","challengethespire:Elite Rush","Uncertain Future"],"is_ascension_mode":true,"campfire_choices":[],"circlet_count":0,"master_deck":["AscendersBane","Strike_R","Strike_R","Strike_R","Strike_R","Strike_R","Defend_R","Defend_R","Defend_R","Defend_R","Bash","Shrug It Off","Rupture","Sword Boomerang+1","Feel No Pain","True Grit","Combust","Entrench","Shockwave"],"relics":["Burning Blood","Black Star","Sling","PreservedInsect","Akabeko","Paper Frog","Medical Kit","Pen Nib","Orichalcum","MealTicket","Molten Egg 2","Smiling Mask","Anchor","Calling Bell","Happy Flower","Blue Candle","Mango","TheAbacus","The Courier","StoneCalendar","Sundial","Art of War"],"acts_visited":["Exordium"],"potions_floor_usage":[4,9,11],"damage_taken":[{"damage":16,"enemies":"Gremlin Nob","floor":3,"turns":3},{"damage":17,"enemies":"3 Sentries","floor":4,"turns":8},{"damage":28,"enemies":"Lagavulin","floor":5,"turns":4},{"damage":28,"enemies":"Book of Stabbing","floor":9,"turns":4},{"damage":35,"enemies":"Slavers","floor":10,"turns":5},{"damage":18,"enemies":"Gremlin Leader","floor":11,"turns":4}],"seed_played":"-3364835480989196227","potions_obtained":[{"floor":3,"key":"Fire Potion"},{"floor":5,"key":"ColorlessPotion"},{"floor":9,"key":"SteroidPotion"}],"is_trial":true,"path_per_floor":["$","$","E","E","E","T","$","$","E","E","E"],"character_chosen":"IRONCLAD","items_purchased":["Shrug It Off","Akabeko","Paper Frog","Medical Kit","True Grit","Combust","TheAbacus"],"campfire_rested":0,"item_purchase_floors":[1,1,2,2,7,7,7],"current_hp_per_floor":[68,68,58,47,25,39,54,69,47,18,0,0],"gold":62,"neow_bonus":"","is_daily":false,"chose_seed":false,"campfire_upgraded":0,"win_rate":0.0,"timestamp":1614454222,"path_taken":["$","$","E","E","E","T","$","$","E","E","E"],"items_purchased_type":["Card","Relic","Relic","Relic","Card","Card","Relic"],"build_version":"2020-12-22","purchased_purges":0,"victory":false,"max_hp_per_floor":[75,75,75,75,75,89,89,89,89,89,89,89],"relic_stats":{"Happy Flower":[4],"counters":[6,28],"Blue Candle":[1],"StoneCalendar":[0],"PreservedInsect":225,"Pen Nib":[2],"Orichalcum":[30],"Medical Kit":[11],"Smiling Mask":0,"Burning Blood":30,"TheAbacus":[18],"Sundial":[0],"MealTicket":30,"Black Star":5,"Art of War":[1],"obtain_stats":[{"Happy Flower":6,"Blue Candle":6,"Mango":6,"StoneCalendar":9,"PreservedInsect":0,"Pen Nib":3,"The Courier":9,"Orichalcum":3,"Sling":0,"Medical Kit":2,"Smiling Mask":5,"Burning Blood":0,"Akabeko":1,"Calling Bell":6,"Anchor":5,"TheAbacus":7,"Sundial":10,"MealTicket":4,"Molten Egg 2":4,"Black Star":0,"Art of War":10,"Paper Frog":2},{"Happy Flower":3,"Blue Candle":3,"Mango":3,"StoneCalendar":4,"PreservedInsect":0,"Pen Nib":1,"The Courier":4,"Orichalcum":1,"Sling":0,"Medical Kit":0,"Smiling Mask":3,"Burning Blood":0,"Akabeko":0,"Calling Bell":3,"Anchor":3,"TheAbacus":3,"Sundial":5,"MealTicket":2,"Molten Egg 2":2,"Black Star":0,"Art of War":5,"Paper Frog":0},{"Happy Flower":15,"Blue Candle":15,"Mango":15,"StoneCalendar":19,"PreservedInsect":0,"Pen Nib":3,"The Courier":19,"Orichalcum":3,"Sling":0,"Medical Kit":0,"Smiling Mask":15,"Burning Blood":0,"Akabeko":0,"Calling Bell":15,"Anchor":15,"TheAbacus":15,"Sundial":24,"MealTicket":11,"Molten Egg 2":11,"Black Star":0,"Art of War":24,"Paper Frog":0}]},"card_choices":[],"player_experience":1185356,"relics_obtained":[{"floor":3,"key":"Pen Nib"},{"floor":3,"key":"Orichalcum"},{"floor":4,"key":"MealTicket"},{"floor":4,"key":"Molten Egg 2"},{"floor":5,"key":"Smiling Mask"},{"floor":5,"key":"Anchor"},{"floor":6,"key":"Happy Flower"},{"floor":6,"key":"Blue Candle"},{"floor":6,"key":"Mango"},{"floor":9,"key":"The Courier"},{"floor":9,"key":"StoneCalendar"},{"floor":10,"key":"Sundial"},{"floor":10,"key":"Art of War"}],"event_choices":[],"is_beta":false,"boss_relics":[{"not_picked":["Black Blood","Astrolabe"],"picked":"Calling Bell"}],"items_purged_floors":[],"is_endless":false,"potions_floor_spawned":[3,5,9],"killed_by":"Gremlin Leader","ascension_level":15}}