{"host":"ur8591ivwt16uwtw","time":1614387941,"event":{"mods":["BaseMod","Hubris","Minty Spire (QoL Compilation)","Rare Cards Sparkle","Replay The Spire","StSLib","The Disciple","The Necromancer","The Runesmith","The Servant 0.9.4"],"gold_per_floor":[115,66,76,156,173,201,201,227,227,125,138,163,7,35,35,148,148,182,210,239,239,139,184,214,262,262,262,305,323,323,323,323,436,436,467,467,498,0,32,86,86,128,128,172,172,172,207,235,235,251],"floor_reached":51,"language":"ENG","playtime":2491,"items_purged":["Strike_W","Pain"],"score":913,"play_id":"3575240f-dbad-41ee-89b0-cfe820fd54fc","local_time":"20210227020541","is_ascension_mode":true,"campfire_choices":[{"data":"Summon_Undead_Army","floor":7,"key":"SMITH"},{"data":"Requiem","floor":15,"key":"SMITH"},{"data":"Summon_Vampire_Lady","floor":27,"key":"SMITH"},{"data":"Summon_Undead_Army","floor":30,"key":"SMITH"},{"data":"Plague_Bolt","floor":32,"key":"SMITH"},{"data":"Skeleton_Dragon","floor":41,"key":"SMITH"},{"data":"Summon_Lich","floor":46,"key":"SMITH"},{"data":"Summon_Death_Knight","floor":49,"key":"SMITH"}],"circlet_count":0,"master_deck":["Strike_W","Strike_W","Strike_W","Defend_W","Defend_W","Defend_W","Defend_W","Negative_Energy_Arrows","Bone_Wall","Summon_Undead_Army+1","Summon_Undead_Army+1","Bone_Armor","Requiem+1","Summon_Lich+1","Life_Drain+1","Grasp_Heart","Negative_Energy_Burst","Summon_Lich","Bone_Armor","Plague_Bolt+1","Bone_Armor+1","Summon_Vampire_Lady+1","Skeleton_Dragon+1","Summon_Death_Knight+1","Spectral_Armor","Reap_The_Weak"],"relics":["SlaversCollar","Blue Doll","hubris:CuriousFeather","hubris:ToyBattleship","hubris:Reverence","Replay:Bandana","Lantern","Replay:Kaleidoscope","ChewingGum","WarpedTongs","Ornamental Fan","Torii","Gremlin Horn","HornCleat","Sozu","Ring of Panic","ReplayTheSpireMod:Ring of Collecting","Red Mask","Ancient Tea Set","ReplayTheSpireMod:TigerMarble","ReplayTheSpireMod:Ring of Challenge","Replay:Bottled Snecko","PreservedInsect","hubris:TenFootPole"],"acts_visited":["Exordium","TheCity","TheBeyond"],"potions_floor_usage":[8,11,11,16,20,25,50,50,50],"damage_taken":[{"damage":4,"enemies":"Cultist","floor":1,"turns":4},{"damage":6,"enemies":"Jaw Worm","floor":3,"turns":3},{"damage":2,"enemies":"2 Louse","floor":5,"turns":3},{"damage":15,"enemies":"Gremlin Nob","floor":6,"turns":4},{"damage":4,"enemies":"3 Sentries","floor":8,"turns":4},{"damage":9,"enemies":"Exordium Wildlife","floor":11,"turns":3},{"damage":11,"enemies":"Lagavulin","floor":12,"turns":5},{"damage":8,"enemies":"Replay:BlueRogue","floor":14,"turns":4},{"damage":12,"enemies":"Slime Boss","floor":16,"turns":3},{"damage":15,"enemies":"2 Thieves","floor":18,"turns":3},{"damage":20,"enemies":"3 Byrds","floor":19,"turns":3},{"damage":6,"enemies":"Snecko","floor":20,"turns":3},{"damage":5,"enemies":"Book of Stabbing","floor":23,"turns":4},{"damage":10,"enemies":"Cultist and Chosen","floor":24,"turns":4},{"damage":29,"enemies":"Gremlin Leader","floor":25,"turns":6},{"damage":10,"enemies":"Book of Stabbing","floor":28,"turns":4},{"damage":3,"enemies":"Shelled Parasite and Fungi","floor":29,"turns":7},{"damage":0,"enemies":"Champ","floor":33,"turns":7},{"damage":9,"enemies":"3 Darklings","floor":35,"turns":3},{"damage":2,"enemies":"3 Shapes","floor":37,"turns":3},{"damage":0,"enemies":"Jaw Worm Horde","floor":39,"turns":2},{"damage":0,"enemies":"Reptomancer","floor":40,"turns":4},{"damage":0,"enemies":"Giant Head","floor":42,"turns":6},{"damage":41,"enemies":"Reptomancer","floor":44,"turns":5},{"damage":0,"enemies":"Transient","floor":47,"turns":5},{"damage":0,"enemies":"4 Shapes","floor":48,"turns":2},{"damage":12,"enemies":"Replay:Hell Engine","floor":50,"turns":5}],"seed_played":"4615925497661738911","potions_obtained":[{"floor":5,"key":"Block Potion"},{"floor":6,"key":"EntropicBrew"},{"floor":12,"key":"DuplicationPotion"},{"floor":14,"key":"Death Potion"},{"floor":19,"key":"Explosive Potion"},{"floor":20,"key":"Explosive Potion"},{"floor":23,"key":"Swift Potion"},{"floor":24,"key":"Adrenaline Potion"},{"floor":29,"key":"GamblersBrew"},{"floor":33,"key":"LifebloodPotion"}],"is_trial":false,"path_per_floor":["M","$","M","?","M","E","R","E","T","$","M","E","$","E","R","B",null,"M","M","M","?","$","E","M","E","T","R","E","M","R","?","R","B",null,"M","?","M","?","M","E","R","E","T","E","?","R","M","M","R","B",null],"character_chosen":"NECROMANCER","items_purchased":["Summon_Undead_Army","Summon_Lich","Lantern"],"campfire_rested":0,"item_purchase_floors":[2,10,13],"current_hp_per_floor":[71,71,65,35,33,24,24,30,30,30,27,22,22,14,14,8,75,66,46,40,40,40,41,37,27,27,27,32,48,48,48,48,69,75,75,75,75,75,75,75,75,75,75,50,50,50,68,74,74,66],"gold":251,"neow_bonus":"BOSS_RELIC","is_daily":false,"chose_seed":false,"campfire_upgraded":8,"win_rate":0.0,"timestamp":1614387941,"path_taken":["M","?","M","?","?","E","R","E","T","$","M","E","$","E","R","BOSS","M","M","M","?","?","E","M","E","T","R","E","M","R","?","R","BOSS","M","?","M","?","M","E","R","E","T","E","?","R","M","?","R","BOSS"],"items_purchased_type":["Card","Card","Relic"],"build_version":"2020-12-22","purchased_purges":2,"victory":true,"max_hp_per_floor":[75,75,75,75,75,75,75,75,75,75,75,75,75,75,75,75,75,75,75,75,75,75,75,75,75,75,75,75,75,75,75,75,75,75,75,75,75,75,75,75,75,75,75,75,75,75,75,75,75,75],"card_choices":[{"not_picked":["Bones_to_Steel","Finger_Of_Death"],"picked":"Spectral_Walk","floor":1},{"not_picked":["Consume_Illness","Bone_Shift"],"picked":"Bone_Armor","floor":3},{"not_picked":["Consume_Illness","Death_March_Dance"],"picked":"Requiem","floor":4},{"not_picked":["Scare","Negative_Energy_Javelin"],"picked":"Summon_Lich","floor":4},{"not_picked":["Blood_Whip","Shade_Step"],"picked":"Life_Drain","floor":5},{"not_picked":["Scare","Bone_Shift"],"picked":"Grasp_Heart","floor":6},{"not_picked":["Chill_Blood","Death_March_Dance"],"picked":"Negative_Energy_Burst","floor":8},{"not_picked":["Bone_Shift","Deaths_Shadow","Death_Knell"],"picked":"SKIP","floor":11},{"not_picked":["Death_March_Dance","Life_Tap"],"picked":"Bone_Armor","floor":12},{"not_picked":["Scare","Chill_Blood"],"picked":"Plague_Bolt","floor":14},{"not_picked":["Blood_Curse","Vampiric_Strike","Death_Coil"],"picked":"SKIP","floor":18},{"not_picked":["Blood_Curse","Consume_Illness+1","Epidemic+1"],"picked":"SKIP","floor":19},{"not_picked":["Negative_Energy_Burst","Death_Coil+1"],"picked":"Bone_Armor+1","floor":20},{"not_picked":["Scare","Shackles_Of_Pain","Death_March_Dance"],"picked":"SKIP","floor":23},{"not_picked":["Chill_Blood","Bone_Spikes"],"picked":"Summon_Vampire_Lady","floor":24},{"not_picked":["Bone_Armor","Bone_Bullets"],"picked":"Skeleton_Dragon","floor":25},{"not_picked":["Negative_Energy_Mist","Chill_Blood","Death_March_Dance"],"picked":"SKIP","floor":28},{"not_picked":["Negative_Energy_Javelin","Consume_Illness+1","Toxic_Smoke_Screen+1"],"picked":"SKIP","floor":29},{"not_picked":["Requiem","Summon_Vampire_Lady"],"picked":"Summon_Death_Knight","floor":33},{"not_picked":["Negative_Energy_Sphere+1","Death_Knell+1","Chill_Blood"],"picked":"SKIP","floor":35},{"not_picked":["Blood_Whip","Bone_Shift","Bones_to_Steel"],"picked":"SKIP","floor":37},{"not_picked":["Chill_Blood+1","Bone_Shift+1"],"picked":"Spectral_Armor","floor":39},{"not_picked":["Negative_Energy_Javelin+1","Blood_Whip","Bone_Armor+1"],"picked":"SKIP","floor":40},{"not_picked":["Death_March_Dance+1","Spectral_Walk"],"picked":"Reap_The_Weak","floor":42},{"not_picked":["Bone_Bullets","Flesh_Made_Foul+1","Strike_from_Beyond+1"],"picked":"SKIP","floor":44},{"not_picked":["Bone_Spikes+1","Consume_Illness+1","Stop_Heart"],"picked":"SKIP","floor":47},{"not_picked":["Scare","Vampiric_Strike","Blood_Whip+1"],"picked":"SKIP","floor":48}],"player_experience":2356514,"relics_obtained":[{"floor":4,"key":"Blue Doll"},{"floor":6,"key":"hubris:CuriousFeather"},{"floor":8,"key":"hubris:ToyBattleship"},{"floor":9,"key":"hubris:Reverence"},{"floor":12,"key":"Replay:Bandana"},{"floor":14,"key":"Replay:Kaleidoscope"},{"floor":23,"key":"Ornamental Fan"},{"floor":25,"key":"Torii"},{"floor":26,"key":"Gremlin Horn"},{"floor":28,"key":"HornCleat"},{"floor":36,"key":"Ring of Panic"},{"floor":36,"key":"ReplayTheSpireMod:Ring of Collecting"},{"floor":40,"key":"Ancient Tea Set"},{"floor":42,"key":"ReplayTheSpireMod:TigerMarble"},{"floor":43,"key":"ReplayTheSpireMod:Ring of Challenge"},{"floor":43,"key":"Replay:Bottled Snecko"},{"floor":44,"key":"PreservedInsect"}],"event_choices":[{"damage_healed":0,"gold_gain":0,"player_choice":"Rummage","damage_taken":0,"relics_obtained":["WarpedTongs"],"max_hp_gain":0,"max_hp_loss":0,"event_name":"Accursed Blacksmith","floor":21,"gold_loss":0,"cards_obtained":["Pain"]},{"damage_healed":0,"gold_gain":0,"player_choice":"Paid","damage_taken":0,"relics_obtained":["Red Mask"],"max_hp_gain":0,"max_hp_loss":0,"event_name":"Tomb of Lord Red Mask","floor":38,"gold_loss":498},{"cards_removed":["Spectral_Walk"],"damage_healed":0,"gold_gain":0,"player_choice":"Gave Card","damage_taken":0,"relics_obtained":["hubris:TenFootPole"],"max_hp_gain":0,"max_hp_loss":0,"event_name":"WeMeetAgain","floor":45,"gold_loss":0}],"is_beta":false,"boss_relics":[{"not_picked":["SacredBark","Empty Cage"],"picked":"ChewingGum"},{"not_picked":["Calling Bell","hubris:CrackedHourglass"],"picked":"Sozu"}],"items_purged_floors":[10,22],"is_endless":false,"potions_floor_spawned":[5,6,12,14,19,20,23,24,29,33,35,37,48],"ascension_level":1}}