{"host":"hwuw9fxoqh6hcgug","time":1614421730,"event":{"mods":["BaseMod","Downfall","Highlight Path","Minty Spire (QoL Compilation)","StSLib"],"gold_per_floor":[99,116,126,139,151,161,161,161,161,191,217,217,217,217,232,232,232,232],"floor_reached":16,"language":"FRA","playtime":735,"items_purged":[],"score":107,"play_id":"338abbb6-dfb3-44e0-b3ed-3347d4f4d384","local_time":"20210227112850","is_ascension_mode":true,"campfire_choices":[{"data":"champ:Taunt","floor":1,"key":"SMITH"},{"data":"champ:StanceDance","floor":8,"key":"SMITH"},{"data":"champ:EnchantSword","floor":13,"key":"SMITH"}],"circlet_count":0,"master_deck":["champ:Strike","champ:Strike","champ:Defend","champ:Defend","champ:Defend","champ:Defend","champ:Execute","champ:Taunt+1","champ:DefensiveStyle","champ:FlashCut","champ:Backstep","champ:StanceDance+1","champ:HeartStrike","champ:DancingMaster","champ:ShieldSigil","champ:EnchantSword+1","champ:EnGarde"],"relics":["champ:ChampionCrown","Sundial","White Beast Statue","Bag of Marbles"],"acts_visited":["Exordium"],"potions_floor_usage":[10,16],"damage_taken":[{"damage":20,"enemies":"Cultist","floor":2,"turns":5},{"damage":13,"enemies":"Jaw Worm","floor":3,"turns":4},{"damage":10,"enemies":"2 Louse","floor":4,"turns":2},{"damage":12,"enemies":"downfall:LooterAlt","floor":5,"turns":4},{"damage":30,"enemies":"Large Slime","floor":6,"turns":7},{"damage":27,"enemies":"Gremlin Nob","floor":10,"turns":5},{"damage":11,"enemies":"Blue Slaver","floor":15,"turns":2},{"damage":97,"enemies":"IC_STATUS_ARCHETYPE","floor":16,"turns":10}],"seed_played":"-8902789459562790146","potions_obtained":[{"floor":3,"key":"Swift Potion"},{"floor":6,"key":"PowerPotion"},{"floor":10,"key":"SpeedPotion"},{"floor":15,"key":"Guardian:BlockOnCardUsePotion"}],"is_trial":false,"path_per_floor":["R","M","M","M","M","M","T","R","?","E","T","?","R","?","M","B"],"character_chosen":"THE_CHAMP","items_purchased":[],"campfire_rested":0,"item_purchase_floors":[],"current_hp_per_floor":[90,90,87,87,85,75,75,75,75,58,58,58,58,63,62,0,0,0],"gold":232,"neow_bonus":"THREE_CARDS","is_daily":false,"chose_seed":false,"campfire_upgraded":3,"win_rate":0.0,"timestamp":1614421730,"path_taken":["R","M","?","M","M","M","T","R","?","E","?","?","R","?","M","BOSS"],"items_purchased_type":[],"build_version":"2020-12-22","purchased_purges":0,"victory":false,"max_hp_per_floor":[90,90,90,90,90,90,90,90,90,90,90,90,90,95,95,95,95,95],"card_choices":[{"not_picked":["champ:GutPunch","champ:DefensiveShout"],"picked":"champ:DefensiveStyle","floor":0},{"not_picked":["champ:CrookedStrike","champ:BladeFlurry"],"picked":"champ:FlashCut","floor":2},{"not_picked":["champ:BladeFlurry","champ:CrownThrow"],"picked":"champ:Backstep","floor":3},{"not_picked":["champ:Lariat","champ:SkillfulDodge"],"picked":"champ:StanceDance","floor":4},{"not_picked":["champ:PreciseThrust","champ:AdrenalArmor"],"picked":"champ:HeartStrike","floor":5},{"not_picked":["champ:BringItOn","champ:FanOfKnives"],"picked":"champ:DancingMaster","floor":6},{"not_picked":["champ:FocusedDefense","champ:TornadoPunch"],"picked":"champ:ShieldSigil","floor":10},{"not_picked":["champ:BerserkerStyle","champ:RapidStrikes"],"picked":"champ:EnGarde","floor":15}],"player_experience":841169,"relics_obtained":[{"floor":7,"key":"Sundial"},{"floor":10,"key":"White Beast Statue"},{"floor":11,"key":"Bag of Marbles"}],"event_choices":[{"damage_healed":0,"gold_gain":0,"cards_transformed":["champ:Strike"],"player_choice":"Change","damage_taken":0,"max_hp_gain":0,"max_hp_loss":0,"event_name":"Living Wall","floor":12,"gold_loss":0,"cards_obtained":["champ:EnchantSword"]},{"damage_healed":0,"gold_gain":0,"player_choice":"Donut","damage_taken":0,"max_hp_gain":5,"max_hp_loss":0,"event_name":"Big Fish","floor":14,"gold_loss":0}],"is_beta":false,"boss_relics":[],"items_purged_floors":[],"is_endless":false,"potions_floor_spawned":[3,6,10,15],"killed_by":"IC_STATUS_ARCHETYPE","ascension_level":1}}