{"host":"18wi9kpcl4eah7pe","time":1614447451,"event":{"mods":["BaseMod","Colored Powertips","Downfall","Minty Spire (QoL Compilation)","StSLib"],"gold_per_floor":[99,274,274,274,285,159,209,234,234,119,19,101,1,0,16,115,115,115,135,135,135,213,243,298,283,283,308,510,610,640,651,668,773,773,673,690,703,703,96,113,139,150,150,150,184,197,197,215,234,234,234,267,63,63,63,63,63,63],"floor_reached":56,"language":"ENG","playtime":7113,"items_purged":["downfall:Malfunctioning","Doubt"],"score":997,"play_id":"17751f92-5d11-4665-8352-4b2e77c93d10","local_time":"20210227113731","is_ascension_mode":true,"campfire_choices":[{"floor":1.0,"key":"RECALL"},{"floor":11.0,"key":"REST"},{"data":"champ:MurderStrike","floor":13.0,"key":"SMITH"},{"data":"champ:StrikeOfGenius","floor":18.0,"key":"SMITH"},{"data":"champ:ArenaPreparation","floor":35,"key":"SMITH"},{"floor":47,"key":"REST"},{"floor":54,"key":"REST"}],"circlet_count":0,"master_deck":["champ:Execute+1","champ:Taunt+1","champ:GutPunch+1","champ:EnGarde+1","champ:SwordSigil+1","champ:MurderStrike+1","champ:ArenaPreparation+1","champ:Shatter+1","champ:StrikeOfGenius+1","champ:Circumvent+1","champ:Devastate+1","champ:FlashCut+1","champ:FocusedDefense+1","champ:EnchantSword+1","champ:FaceSlap+1","champ:PreciseThrust+1","champ:ViciousMockery+1","champ:HoldFirm+1","champ:DefensiveStyle+1","RitualDagger+1","champ:RapidStrikes+1","champ:SwordSigil+1","champ:EnchantSword+1","champ:BringItOn+1","champ:TornadoPunch+1","champ:EnchantShield+1","champ:PreemptiveStrike+1","champ:SwordSigil+1","champ:Shatter+1"],"relics":["champ:ChampionCrown","hexamod:BolsterEngine","FossilizedHelix","Eternal Feather","Pandora\u0027s Box","Nilry\u0027s Codex","MutagenicStrength","Mummified Hand","Bag of Marbles","bronze:BronzeIdol","Nunchaku","Bottled Flame","champ:PowerArmor","Ice Cream","Mango","Guardian:PocketSentry","StrikeDummy","Blue Candle","Toy Ornithopter","champ:BerserkersGuideToSlaughter"],"acts_visited":["Exordium","TheCity","TheBeyond","TheEnding"],"potions_floor_usage":[52,55,56],"damage_taken":[{"damage":11.0,"enemies":"2 Louse","floor":5.0,"turns":4.0},{"damage":25.0,"enemies":"downfall:FleeingMerchant","floor":6.0,"turns":4.0},{"damage":91.0,"enemies":"Gremlin Nob","floor":8.0,"turns":7.0},{"damage":30.0,"enemies":"downfall:FleeingMerchant","floor":10.0,"turns":4.0},{"damage":15.0,"enemies":"downfall:FleeingMerchant","floor":14.0,"turns":4.0},{"damage":61.0,"enemies":"Small Slimes","floor":15.0,"turns":3.0},{"damage":65.0,"enemies":"WA_ARCHETYPE_RETAIN","floor":16.0,"turns":6.0},{"damage":18.0,"enemies":"Chosen","floor":19.0,"turns":5.0},{"damage":0.0,"enemies":"Gremlin Leader","floor":23.0,"turns":5.0},{"damage":0.0,"enemies":"downfall:FleeingMerchant","floor":25.0,"turns":4.0},{"damage":15.0,"enemies":"Book of Stabbing","floor":27.0,"turns":6.0},{"damage":0.0,"enemies":"downfall:FleeingMerchant","floor":28.0,"turns":1.0},{"damage":27.0,"enemies":"Slavers","floor":30.0,"turns":4.0},{"damage":15.0,"enemies":"downfall:LooterAlt2","floor":31.0,"turns":2.0},{"damage":0.0,"enemies":"Chosen and Byrds","floor":32.0,"turns":3.0},{"damage":34.0,"enemies":"IC_MUSHROOM_ARCHETYPE","floor":33.0,"turns":5.0},{"damage":5,"enemies":"Orb Walker","floor":36,"turns":2},{"damage":47,"enemies":"3 Darklings","floor":37,"turns":5},{"damage":53,"enemies":"4 Shapes","floor":40,"turns":4},{"damage":10,"enemies":"Writhing Mass","floor":42,"turns":4},{"damage":35,"enemies":"Giant Head","floor":45,"turns":5},{"damage":0,"enemies":"Jaw Worm Horde","floor":46,"turns":2},{"damage":0,"enemies":"3 Darklings","floor":48,"turns":3},{"damage":7,"enemies":"Writhing Mass","floor":49,"turns":3},{"damage":76,"enemies":"SI_POISON_ARCHETYPE","floor":50,"turns":7},{"damage":112,"enemies":"downfall:CharBossMerchant","floor":52,"turns":8},{"damage":131,"enemies":"downfall:NeowBoss","floor":55,"turns":14},{"damage":46,"enemies":"downfall:NeowBossFinal","floor":56,"turns":5}],"seed_played":"-9098450355921966734","potions_obtained":[{"floor":16.0,"key":"PowerPotion"},{"floor":27.0,"key":"sneckomod:MuddlingPotion"},{"floor":30.0,"key":"Energy Potion"},{"floor":32.0,"key":"BlessingOfTheForge"},{"floor":33.0,"key":"sneckomod:MuddlingPotion"},{"floor":45,"key":"Fire Potion"},{"floor":48,"key":"AttackPotion"},{"floor":52,"key":"BlessingOfTheForge"}],"is_trial":false,"path_per_floor":["R","?","?","?","M","$","T","E","?","$","R","T","R","$","M","B",null,"R","M","?","?","T","E","T","$","?","E","$","?","E","M","M","B",null,"R","M","M","?","$","M","T","M","?","T","E","M","R","M","M","B",null,"E","$","R","B","B"],"character_chosen":"THE_CHAMP","items_purchased":["champ:DefensiveStyle","Nunchaku","Ice Cream","Mango","champ:BerserkersGuideToSlaughter","Strength Potion"],"campfire_rested":3,"item_purchase_floors":[6,28,39,39,53,53],"current_hp_per_floor":[108,108,108,108,107,102,102,36,36,46,78,78,84,89,88,68,108,108,108,92,92,92,102,102,108,102,108,108,108,86,91,91,67,108,118,118,101,101,115,82,82,82,82,82,87,87,122,122,115,79,122,50,50,101,35,0,0,0],"gold":63,"neow_bonus":"TWENTY_PERCENT_HP_BONUS","is_daily":false,"chose_seed":false,"campfire_upgraded":3,"win_rate":0.0,"timestamp":1614447451,"path_taken":["R","?","?","?","M","?","T","E","?","?","R","?","R","$","M","BOSS","R","M","?","?","?","E","T","$","?","E","$","?","E","M","M","BOSS","R","M","M","?","$","M","T","M","?","?","E","?","R","M","M","BOSS","E","$","R","BOSS","BOSS"],"items_purchased_type":["Card","Relic","Relic","Relic","Relic","Potion"],"build_version":"2020-12-22","purchased_purges":2,"victory":false,"max_hp_per_floor":[108,108,108,108,108,108,108,108,108,108,108,108,108,108,108,108,108,108,108,108,108,108,108,108,108,108,108,108,108,108,108,108,108,108,118,118,118,118,132,132,132,132,122,122,122,122,122,122,122,122,122,122,122,122,122,122,122,122],"card_choices":[{"not_picked":["champ:Lariat","champ:Backstep"],"picked":"champ:GutPunch","floor":5.0},{"not_picked":["champ:FancyFootwork","champ:BerserkersShout"],"picked":"champ:EnGarde","floor":6.0},{"not_picked":["champ:CrownThrow","champ:PreemptiveStrike"],"picked":"champ:SwordSigil","floor":8.0},{"not_picked":["champ:EndlessRage","champ:BringItOn"],"picked":"champ:MurderStrike","floor":10.0},{"not_picked":["champ:Haymaker","champ:StanceDance"],"picked":"champ:ArenaPreparation","floor":14.0},{"not_picked":["champ:BringItOn","champ:AdrenalArmor"],"picked":"champ:Shatter","floor":15.0},{"not_picked":["champ:Devastate","champ:MurderStrike"],"picked":"champ:StrikeOfGenius","floor":16.0},{"not_picked":["champ:ShieldSigil","champ:PreciseThrust"],"picked":"champ:ViciousMockery+1","floor":19.0},{"not_picked":["champ:Circumvent","champ:BerserkersShout"],"picked":"champ:HoldFirm","floor":23.0},{"not_picked":["champ:BladeFlurry","champ:Circumvent"],"picked":"champ:DefensiveStyle+1","floor":25.0},{"not_picked":["champ:CalledShot","champ:FalseCounter+1"],"picked":"champ:RapidStrikes","floor":27.0},{"not_picked":["champ:BerserkersShout","champ:RapidStrikes+1"],"picked":"champ:SwordSigil","floor":28.0},{"not_picked":["champ:CrownThrow","champ:FocusedDefense"],"picked":"champ:EnchantSword","floor":30.0},{"not_picked":["champ:PreciseThrust","champ:FlashCut","champ:EnragedBash"],"picked":"SKIP","floor":31.0},{"not_picked":["champ:EnGarde","champ:BerserkersShout"],"picked":"champ:BringItOn","floor":32.0},{"not_picked":["champ:EndlessRage+1","champ:FanOfKnives","champ:FlashCut+1"],"picked":"SKIP","floor":36},{"not_picked":["champ:Backstep","champ:SwordSigil","champ:FlashCut+1"],"picked":"SKIP","floor":37},{"not_picked":["champ:GutPunch","champ:BringItOn+1"],"picked":"champ:TornadoPunch+1","floor":40},{"not_picked":["champ:GutPunch+1","champ:BringItOn+1"],"picked":"champ:EnchantShield","floor":42},{"not_picked":["champ:StanceDance","champ:Backstep+1"],"picked":"champ:PreemptiveStrike+1","floor":45},{"not_picked":["champ:PreciseThrust","champ:Backstep+1"],"picked":"champ:SwordSigil+1","floor":46},{"not_picked":["champ:PerfectedStrike+1","champ:EnGarde+1"],"picked":"champ:Shatter+1","floor":48},{"not_picked":["champ:FaceSlap","champ:RecklessLeap+1","champ:BerserkersShout"],"picked":"SKIP","floor":49},{"not_picked":["champ:GutPunch+1","champ:SetATrap+1","champ:PreciseThrust+1"],"picked":"SKIP","floor":52}],"player_experience":1074413,"relics_obtained":[{"floor":7.0,"key":"hexamod:BolsterEngine"},{"floor":8.0,"key":"FossilizedHelix"},{"floor":12.0,"key":"Eternal Feather"},{"floor":20.0,"key":"Nilry\u0027s Codex"},{"floor":22.0,"key":"Mummified Hand"},{"floor":23.0,"key":"Bag of Marbles"},{"floor":27.0,"key":"bronze:BronzeIdol"},{"floor":30.0,"key":"Bottled Flame"},{"floor":41,"key":"Guardian:PocketSentry"},{"floor":44,"key":"StrikeDummy"},{"floor":45,"key":"Blue Candle"},{"floor":52,"key":"Toy Ornithopter"}],"event_choices":[{"cards_removed":["Doubt"],"damage_healed":0.0,"max_hp_gain":0.0,"max_hp_loss":0.0,"gold_gain":0.0,"event_name":"Living Wall","player_choice":"Forget","floor":9.0,"gold_loss":0.0,"damage_taken":0.0},{"damage_healed":0.0,"max_hp_gain":0.0,"max_hp_loss":0.0,"gold_gain":0.0,"event_name":"Drug Dealer","player_choice":"Inject Mutagens","floor":21.0,"gold_loss":0.0,"damage_taken":0.0,"relics_obtained":["MutagenicStrength"]},{"cards_removed":["champ:DefensiveStyle"],"damage_healed":0,"gold_gain":0,"player_choice":"Removed Power","damage_taken":0,"max_hp_gain":0,"max_hp_loss":0,"event_name":"Falling","floor":38,"gold_loss":0}],"is_beta":false,"boss_relics":[{"not_picked":["Empty Cage","Runic Pyramid"],"picked":"Pandora\u0027s Box"},{"not_picked":["SacredBark","Velvet Choker"],"picked":"champ:PowerArmor"}],"items_purged_floors":[6,10],"is_endless":false,"potions_floor_spawned":[16,27,30,32,33,45,48,52],"killed_by":"downfall:NeowBossFinal","ascension_level":1}}