{"host":"ul3z8ex5o8l5j7mh","time":1614447665,"event":{"mods":["2.2 Compatiblity","AchievementEnabler","BaseMod","Bestiary","Colored Map","Colored Powertips","Curses Come First","DeckTracker","Highlight Path","Keyboard Shortcuts","Minty Spire (QoL Compilation)","Relic Sorter","Relic Stats","StSLib","SuperFastMode"],"gold_per_floor":[115,115,131,96,114,114,124,141,166,184,13,13,13,30,30,30,30],"floor_reached":16,"language":"ENG","playtime":625,"items_purged":[],"score":127,"play_id":"c7c9e285-6735-4876-8ad4-bfd66054bba3","local_time":"20210227184105","is_ascension_mode":true,"campfire_choices":[{"data":"Searing Blow","floor":6,"key":"SMITH"},{"data":"Searing Blow+1","floor":12,"key":"SMITH"},{"data":"Searing Blow+2","floor":15,"key":"SMITH"}],"circlet_count":0,"master_deck":["Strike_R","Strike_R","Strike_R","Strike_R","Strike_R","Defend_R+1","Defend_R","Defend_R+1","Defend_R","Bash","Searing Blow+3","Shrug It Off","Iron Wave","Master of Strategy"],"relics":["Burning Blood","Potion Belt"],"acts_visited":["Exordium"],"potions_floor_usage":[5,7,10],"damage_taken":[{"damage":11,"enemies":"Cultist","floor":1,"turns":4},{"damage":0,"enemies":"Small Slimes","floor":3,"turns":4},{"damage":4,"enemies":"Jaw Worm","floor":5,"turns":3},{"damage":0,"enemies":"Blue Slaver","floor":7,"turns":2},{"damage":30,"enemies":"Exordium Thugs","floor":8,"turns":7},{"damage":14,"enemies":"Lots of Slimes","floor":10,"turns":2},{"damage":15,"enemies":"Large Slime","floor":14,"turns":10},{"damage":78,"enemies":"Hexaghost","floor":16,"turns":11}],"seed_played":"6874178946102984765","potions_obtained":[{"floor":1,"key":"Strength Potion"},{"floor":5,"key":"AttackPotion"},{"floor":8,"key":"ColorlessPotion"}],"is_trial":false,"path_per_floor":["M","?","M","?","M","R","M","M","T","M","$","R","?","M","R","B"],"character_chosen":"IRONCLAD","items_purchased":["Master of Strategy"],"campfire_rested":0,"item_purchase_floors":[11],"current_hp_per_floor":[75,57,63,85,87,87,88,64,64,56,56,56,85,76,76,0,0],"gold":30,"neow_bonus":"TEN_PERCENT_HP_BONUS","is_daily":false,"chose_seed":false,"campfire_upgraded":3,"win_rate":0.0,"timestamp":1614447665,"path_taken":["M","?","M","?","M","R","M","M","T","M","$","R","?","?","R","BOSS"],"items_purchased_type":["Card"],"build_version":"2020-12-22","purchased_purges":0,"victory":false,"max_hp_per_floor":[88,88,88,88,88,88,88,88,88,88,88,88,88,88,88,88,88],"relic_stats":{"counters":[8,43],"obtain_stats":[{"Potion Belt":9,"Burning Blood":0},{"Potion Belt":5,"Burning Blood":0},{"Potion Belt":20,"Burning Blood":0}],"Burning Blood":37},"card_choices":[{"not_picked":["Body Slam","Flex"],"picked":"Searing Blow","floor":1},{"not_picked":["Headbutt","Havoc","Feel No Pain"],"picked":"SKIP","floor":3},{"not_picked":["True Grit","Havoc"],"picked":"Shrug It Off","floor":5},{"not_picked":["Fire Breathing","Heavy Blade","Seeing Red"],"picked":"SKIP","floor":7},{"not_picked":["Dual Wield","Twin Strike","Perfected Strike"],"picked":"SKIP","floor":8},{"not_picked":["Bloodletting","Whirlwind"],"picked":"Iron Wave","floor":10},{"not_picked":["Searing Blow","Battle Trance","Hemokinesis"],"picked":"SKIP","floor":14}],"player_experience":454765,"relics_obtained":[{"floor":9,"key":"Potion Belt"}],"event_choices":[{"damage_healed":0,"gold_gain":0,"player_choice":"Entered Light","damage_taken":18,"max_hp_gain":0,"max_hp_loss":0,"event_name":"Shining Light","floor":2,"gold_loss":0,"cards_upgraded":["Defend_R","Defend_R"]},{"damage_healed":22,"gold_gain":0,"player_choice":"Healed","damage_taken":0,"max_hp_gain":0,"max_hp_loss":0,"event_name":"The Cleric","floor":4,"gold_loss":35},{"damage_healed":29,"gold_gain":0,"player_choice":"Banana","damage_taken":0,"max_hp_gain":0,"max_hp_loss":0,"event_name":"Big Fish","floor":13,"gold_loss":0}],"is_beta":false,"boss_relics":[],"items_purged_floors":[],"is_endless":false,"potions_floor_spawned":[1,5,8],"killed_by":"Hexaghost","ascension_level":7}}