{"host":"e14va605tljgvqtz","time":1614450207,"event":{"mods":["BaseMod","Colored Map","Highlight Path","Minty Spire (QoL Compilation)","Relic Stats"],"gold_per_floor":[111,130,78,88,88,88,115,135,135,135,162,212,232,252,252,327,327,346,365,382,307,50,50,50,83,83,117,129,129,129],"floor_reached":29,"language":"ENG","playtime":1666,"items_purged":[],"score":525,"play_id":"eca065f9-7447-46bb-8417-c7e3769b5d39","local_time":"20210227102327","is_ascension_mode":true,"campfire_choices":[{"data":"Bash","floor":6,"key":"SMITH"},{"data":"True Grit","floor":10,"key":"SMITH"},{"floor":15,"key":"REST"},{"floor":23,"key":"REST"}],"circlet_count":0,"master_deck":["AscendersBane","Bash+1","Clothesline","Dark Embrace","Anger","Exhume","True Grit+1","Pommel Strike","Sever Soul","Blood for Blood","Corruption","Blood for Blood","Impervious+1","Bludgeon","Bloodletting+1","Seeing Red+1","Inflame","Flame Barrier+1","Dual Wield+1","Shrug It Off+1","Sentinel+1","Feel No Pain","Battle Trance+1","Shockwave+1"],"relics":["Cursed Key","Strawberry","Toxic Egg 2","Self Forming Clay","Pandora\u0027s Box","Question Card","Eternal Feather"],"acts_visited":["Exordium","TheCity"],"potions_floor_usage":[7,11,13,14,18,27,28,28,28,28,29],"damage_taken":[{"damage":1,"enemies":"Cultist","floor":1,"turns":4},{"damage":2,"enemies":"Jaw Worm","floor":2,"turns":3},{"damage":0,"enemies":"2 Louse","floor":4,"turns":2},{"damage":20,"enemies":"Gremlin Nob","floor":7,"turns":4},{"damage":1,"enemies":"Large Slime","floor":8,"turns":5},{"damage":24,"enemies":"3 Sentries","floor":11,"turns":8},{"damage":16,"enemies":"Exordium Thugs","floor":13,"turns":3},{"damage":8,"enemies":"3 Louse","floor":14,"turns":4},{"damage":20,"enemies":"Hexaghost","floor":16,"turns":9},{"damage":11,"enemies":"2 Thieves","floor":18,"turns":2},{"damage":12,"enemies":"Chosen","floor":19,"turns":3},{"damage":28,"enemies":"Centurion and Healer","floor":20,"turns":6},{"damage":6,"enemies":"Gremlin Leader","floor":25,"turns":4},{"damage":12,"enemies":"Book of Stabbing","floor":27,"turns":5},{"damage":13,"enemies":"Sentry and Sphere","floor":28,"turns":4},{"damage":15,"enemies":"Shelled Parasite and Fungi","floor":29,"turns":3}],"seed_played":"-3099987428343636674","potions_obtained":[{"floor":2,"key":"Weak Potion"},{"floor":7,"key":"ColorlessPotion"},{"floor":11,"key":"LiquidMemories"},{"floor":16,"key":"Swift Potion"},{"floor":20,"key":"LiquidMemories"}],"is_trial":false,"path_per_floor":["M","M","$","M","T","R","E","M","T","R","E","?","M","M","R","B",null,"M","M","M","?","$","R","?","E","T","E","M","M"],"character_chosen":"IRONCLAD","items_purchased":["Swift Potion","Feel No Pain","Battle Trance+1","EntropicBrew"],"campfire_rested":2,"item_purchase_floors":[3,22,22,22],"current_hp_per_floor":[67,65,65,65,65,65,52,51,51,51,27,27,11,3,27,7,63,52,40,12,12,12,36,36,30,30,18,5,0,0],"gold":129,"neow_bonus":"BOSS_RELIC","is_daily":false,"chose_seed":false,"campfire_upgraded":2,"win_rate":0.0,"timestamp":1614450207,"path_taken":["M","M","$","M","?","R","E","M","T","R","E","?","?","M","R","BOSS","M","?","M","?","$","R","?","E","T","E","M","M"],"items_purchased_type":["Potion","Card","Card","Potion"],"build_version":"2020-12-22","purchased_purges":0,"victory":false,"max_hp_per_floor":[75,75,75,75,75,75,82,82,82,82,82,82,82,82,82,82,82,82,82,82,82,82,82,82,82,82,82,82,82,82],"relic_stats":{"counters":[16,69],"Self Forming Clay":[66],"Pandora\u0027s Box":["Blood for Blood","Impervious","Bludgeon","Clash","Bloodletting","Seeing Red","Inflame","Flame Barrier","Dual Wield"],"Eternal Feather":0,"Cursed Key":1,"Question Card":2,"obtain_stats":[{"Self Forming Clay":11,"Strawberry":7,"Pandora\u0027s Box":17,"Eternal Feather":27,"Toxic Egg 2":9,"Cursed Key":0,"Question Card":25,"Burning Blood":0},{"Self Forming Clay":6,"Strawberry":4,"Pandora\u0027s Box":9,"Eternal Feather":14,"Toxic Egg 2":5,"Cursed Key":0,"Question Card":13,"Burning Blood":0},{"Self Forming Clay":26,"Strawberry":13,"Pandora\u0027s Box":42,"Eternal Feather":62,"Toxic Egg 2":18,"Cursed Key":0,"Question Card":57,"Burning Blood":0}]},"card_choices":[{"not_picked":["Perfected Strike","Iron Wave"],"picked":"Clothesline","floor":1},{"not_picked":["Uppercut","Armaments"],"picked":"Dark Embrace","floor":2},{"not_picked":["Thunderclap","Iron Wave"],"picked":"Anger","floor":4},{"not_picked":["Second Wind","Flex"],"picked":"Exhume","floor":7},{"not_picked":["Anger","Shrug It Off"],"picked":"True Grit","floor":8},{"not_picked":["Warcry+1","Flex+1"],"picked":"Pommel Strike","floor":11},{"not_picked":["Cleave","Inflame"],"picked":"Sever Soul","floor":13},{"not_picked":["Heavy Blade","Wild Strike"],"picked":"Blood for Blood","floor":14},{"not_picked":["Immolate","Double Tap+1"],"picked":"Corruption","floor":16},{"not_picked":["Rage+1","True Grit+1"],"picked":"Shrug It Off+1","floor":18},{"not_picked":["Searing Blow","Wild Strike+1"],"picked":"Sentinel+1","floor":19},{"not_picked":["Seeing Red+1","Clash","Warcry+1"],"picked":"SKIP","floor":20},{"not_picked":["Perfected Strike","Seeing Red+1","Metallicize"],"picked":"SKIP","floor":25},{"not_picked":["Juggernaut","Twin Strike","Headbutt"],"picked":"Shockwave+1","floor":27},{"not_picked":["Fire Breathing","Clash","Pommel Strike","Headbutt+1"],"picked":"SKIP","floor":28}],"player_experience":342679,"relics_obtained":[{"floor":7,"key":"Strawberry"},{"floor":9,"key":"Toxic Egg 2"},{"floor":11,"key":"Self Forming Clay"},{"floor":25,"key":"Question Card"},{"floor":27,"key":"Eternal Feather"}],"event_choices":[{"damage_healed":0,"gold_gain":50,"player_choice":"Pray","damage_taken":0,"max_hp_gain":0,"max_hp_loss":0,"event_name":"Golden Shrine","floor":12,"gold_loss":0},{"cards_removed":["Regret"],"damage_healed":0,"gold_gain":0,"player_choice":"Gave Gold","damage_taken":0,"max_hp_gain":0,"max_hp_loss":0,"event_name":"Beggar","floor":21,"gold_loss":75},{"cards_removed":["Clash"],"damage_healed":0,"gold_gain":0,"player_choice":"Elegance","damage_taken":0,"max_hp_gain":0,"max_hp_loss":0,"event_name":"Back to Basics","floor":24,"gold_loss":0}],"is_beta":false,"boss_relics":[{"not_picked":["Philosopher\u0027s Stone","Calling Bell"],"picked":"Pandora\u0027s Box"}],"items_purged_floors":[],"is_endless":false,"potions_floor_spawned":[2,7,11,16,20,25],"killed_by":"Shelled Parasite and Fungi","ascension_level":15}}