{"host":"h3awr6eovmieyhyn","time":1614443173,"event":{"mods":["Act Like it!","Arknights","Aspiration","Astrologer","BaseMod","BetterRewards","Downfall","Gensokyo","GungeonMod","Hubris","Infinite Spire","Lobotomy","LobotomyExtend","Marisa????????","Minty Spire (QoL Compilation)","Reliquary","Replay The Spire","Robot Space Explorer","Shade Mod","StSLib","Td1madao Mod","The Animator","The Bug Knight","The Cursed","The Disciple","The Elementalist","The Forsaken","The Gatherer","The Hierophant","The Jungle","The Marked","The Necromancer","The Servant 0.9.4","The Wild Card","TheBandit","[IsaacMod]????"],"gold_per_floor":[109,12,25,25,25,25,25,25,25,25,46,86,86,105,105,225,225,248,248,37,52,70,70,70,70,118,136,171,171,171,196,196,324,324,345,28,47,71,85,124,124,124,124,143,143,143,143,143],"floor_reached":46,"language":"ENG","playtime":2938,"items_purged":[],"score":668,"play_id":"f166be46-a34a-4708-8161-cc58e92e20c2","local_time":"20210227162613","daily_mods":["Heirloom","Flight","DeadlyEvents"],"is_ascension_mode":false,"campfire_choices":[{"data":"wariomod:Game","floor":6,"key":"SMITH"},{"data":"wariomod:NullJump","floor":7,"key":"SMITH"},{"data":"wariomod:Leap","floor":10,"key":"SMITH"},{"data":"wariomod:RacingSpeed","floor":13,"key":"SMITH"},{"data":"wariomod:GoAgain","floor":15,"key":"SMITH"},{"data":"wariomod:MassiveParty","floor":23,"key":"SMITH"},{"data":"wariomod:VeryLongJump","floor":24,"key":"SMITH"},{"data":"wariomod:PoisonBombs","floor":25,"key":"SMITH"},{"data":"wariomod:Goblast","floor":29,"key":"SMITH"},{"data":"wariomod:SmackSlam","floor":32,"key":"SMITH"},{"data":"wariomod:DamnedStrength","floor":41,"key":"SMITH"},{"data":"wariomod:MassiveParty","floor":42,"key":"SMITH"},{"data":"wariomod:EnergizedBombs","floor":45,"key":"SMITH"}],"circlet_count":0,"master_deck":["wariomod:Strike+1","wariomod:Strike+1","wariomod:Strike+1","wariomod:Strike+1","wariomod:Defend+1","wariomod:Defend+1","wariomod:Defend+1","wariomod:Defend+1","wariomod:Step","wariomod:Leap+1","wariomod:NullJump+1","wariomod:Bombshield","wariomod:Hopshield","wariomod:Game+1","wariomod:RacingSpeed+1","wariomod:TrekTime","wariomod:GoAgain+1","wariomod:SpikeSlash","wariomod:PoisonBombs+1","wariomod:VeryLongJump+1","wariomod:ChargeForth","wariomod:MassiveParty+1","wariomod:Hopshield","wariomod:DisarmingMoves","wariomod:AwfulLook+1","wariomod:DanceDash","wariomod:Goblast+1","wariomod:SmackSlam+1","wariomod:ChargeForth","wariomod:MassiveParty+1","wariomod:ImFeelingLucky","wariomod:Leapslam","wariomod:SmallSprint","wariomod:DamnedStrength+1","wariomod:DiceyMove+1","wariomod:EnergizedBombs+1","wariomod:BoomBoom+1","wariomod:DoubleDash","wariomod:EmptyMind+1","wariomod:TempestBlasts"],"relics":["wariomod:TheHat","Ring of Chaos","replay:Trail_Library","HushsDoor","BookOfRevelations","ForgetMeNow","LetterFromLob","Golden Idol","reliquary:WeakTea","Painkiller Herb","hubris:BottledHeart","aspiration:ChemicalBlood","Strawberry","Coffee Dripper","BelialBook","hubris:ToyBattleship","Pear"],"acts_visited":["Exordium","TheCity","Gensokyo:Gensokyoest"],"potions_floor_usage":[12,33,33,33,40,46,46,46],"damage_taken":[{"damage":8,"enemies":"Jaw Worm","floor":1,"turns":3},{"damage":0,"enemies":"Small Slimes","floor":3,"turns":3},{"damage":12,"enemies":"2 Louse","floor":11,"turns":3},{"damage":0,"enemies":"Gremlin Nob","floor":12,"turns":4},{"damage":23,"enemies":"Exordium Wildlife","floor":14,"turns":4},{"damage":0,"enemies":"Hexaghost","floor":16,"turns":13},{"damage":0,"enemies":"Spheric Guardian","floor":18,"turns":3},{"damage":0,"enemies":"Chosen","floor":21,"turns":3},{"damage":0,"enemies":"Centurion and Healer","floor":22,"turns":5},{"damage":0,"enemies":"3 Cultists","floor":27,"turns":2},{"damage":0,"enemies":"Gremlin Leader","floor":28,"turns":4},{"damage":0,"enemies":"Snake Plant","floor":31,"turns":3},{"damage":0,"enemies":"Champ","floor":33,"turns":9},{"damage":0,"enemies":"Gensokyo:3_Boulders","floor":35,"turns":4},{"damage":0,"enemies":"Gensokyo:AncientGuardian","floor":37,"turns":4},{"damage":0,"enemies":"Gensokyo:SeedOfUnknown","floor":38,"turns":5},{"damage":0,"enemies":"Gensokyo:3_Boulders","floor":39,"turns":3},{"damage":0,"enemies":"Gensokyo:Marisa","floor":40,"turns":6},{"damage":0,"enemies":"Gensokyo:Dusk_and_Dawn","floor":44,"turns":3},{"damage":5,"enemies":"Nightmare","floor":46,"turns":6}],"seed_played":"3223368728350858359","potions_obtained":[{"floor":11,"key":"DemoMod:BlankPotion"},{"floor":16,"key":"SpeedPotion"},{"floor":21,"key":"FearPotion"},{"floor":27,"key":"sneckomod:MuddlingPotion"},{"floor":28,"key":"ColorlessPotion"},{"floor":35,"key":"SkillPotion"},{"floor":40,"key":"LifebloodPotion"},{"floor":46,"key":"AttackPotion"},{"floor":46,"key":"AttackPotion"},{"floor":46,"key":"PowerPotion"}],"is_trial":true,"path_per_floor":["M","$","M","?","?","R","R","M","T","R","M","E","R","M","R","B",null,"?","?","T","?","?","T","T","T","T","?","E","T","?","?","T","B",null,"?","T","?","?","?","E","T","T","T","?","T","NM"],"character_chosen":"THE_BANDIT","items_purchased":["wariomod:Bombshield","wariomod:Hopshield","wariomod:VeryLongJump","wariomod:MassiveParty","wariomod:Hopshield","wariomod:Leapslam","wariomod:SmallSprint","BelialBook","wariomod:DamnedStrength"],"campfire_rested":0,"item_purchase_floors":[2,2,17,20,20,36,36,36,36],"current_hp_per_floor":[72,72,72,52,52,52,52,52,52,52,40,40,40,17,17,17,76,76,1,1,1,1,1,1,1,1,1,1,1,1,1,1,1,1,1,1,1,1,1,1,1,1,1,1,1,0,0,0],"gold":143,"neow_bonus":"","is_daily":false,"chose_seed":false,"campfire_upgraded":13,"win_rate":0.0,"timestamp":1614443173,"path_taken":["M","$","M","?","?","R","R","M","T","R","M","E","R","?","R","BOSS","?","?","T","?","?","T","T","T","T","?","E","T","?","?","T","BOSS","?","T","?","?","?","E","T","T","T","?","T","NM"],"items_purchased_type":["Card","Card","Card","Card","Card","Card","Card","Relic","Card"],"build_version":"2020-12-22","purchased_purges":0,"victory":false,"max_hp_per_floor":[80,80,80,80,80,80,80,80,80,80,80,80,80,80,80,80,76,76,1,1,1,1,1,1,1,1,1,1,1,1,1,1,1,1,1,1,1,1,1,1,1,1,1,1,1,1,1,1],"card_choices":[{"not_picked":["wariomod:SelfImprison","wariomod:OctoJump"],"picked":"wariomod:NullJump","floor":1},{"not_picked":["wariomod:EndlessBlast","wariomod:DanceDash"],"picked":"wariomod:Game","floor":3},{"not_picked":["wariomod:Goblast","wariomod:BodyBlock"],"picked":"wariomod:TrekTime","floor":11},{"not_picked":["wariomod:BigUpgrade","Bomb"],"picked":"wariomod:GoAgain","floor":12},{"not_picked":["wariomod:DoubleDash","wariomod:BlastDash"],"picked":"wariomod:SpikeSlash","floor":14},{"not_picked":["wariomod:Sidestep","wariomod:ShipSmash"],"picked":"wariomod:PoisonBombs","floor":16},{"not_picked":["wariomod:SpikeSlash","wariomod:Boomsmack+1"],"picked":"wariomod:ChargeForth","floor":18},{"not_picked":["wariomod:PayItForwards","wariomod:Boomsmack"],"picked":"wariomod:DisarmingMoves","floor":21},{"not_picked":["wariomod:DonateDraw","wariomod:ForbiddenMagic"],"picked":"wariomod:AwfulLook+1","floor":22},{"not_picked":["wariomod:Purify","wariomod:ChargeForth+1"],"picked":"wariomod:DanceDash","floor":27},{"not_picked":["wariomod:HastyRush","wariomod:BoomAndDoom"],"picked":"wariomod:Goblast","floor":28},{"not_picked":["wariomod:DisarmingMoves","wariomod:HappyHop"],"picked":"wariomod:ChargeForth","floor":31},{"not_picked":["wariomod:Sidestep","wariomod:AbandonGame"],"picked":"wariomod:MassiveParty","floor":33},{"not_picked":["wariomod:ThatsNotAll+1","wariomod:DisarmingMoves+1"],"picked":"wariomod:ImFeelingLucky","floor":35},{"not_picked":["wariomod:SmackSlam","wariomod:f+1"],"picked":"wariomod:DiceyMove+1","floor":37},{"not_picked":["wariomod:BodyBlock","wariomod:SmallSprint+1"],"picked":"wariomod:EnergizedBombs","floor":38},{"not_picked":["wariomod:ChargeForth","wariomod:ShipSmash"],"picked":"wariomod:BoomBoom+1","floor":39},{"not_picked":["wariomod:ChargeForth+1","wariomod:DamnedStrength"],"picked":"wariomod:DoubleDash","floor":40},{"not_picked":["wariomod:SpikeSlash+1","wariomod:Hopshield+1"],"picked":"wariomod:EmptyMind+1","floor":44}],"player_experience":193834,"relics_obtained":[{"floor":3,"key":"LetterFromLob"},{"floor":12,"key":"reliquary:WeakTea"},{"floor":26,"key":"aspiration:ChemicalBlood"},{"floor":28,"key":"Strawberry"},{"floor":40,"key":"hubris:ToyBattleship"},{"floor":43,"key":"Pear"}],"event_choices":[{"damage_healed":0,"gold_gain":0,"player_choice":"Take Damage","damage_taken":20,"relics_obtained":["Golden Idol"],"max_hp_gain":0,"max_hp_loss":0,"event_name":"Golden Idol","floor":4,"gold_loss":0},{"damage_healed":0,"gold_gain":0,"player_choice":"Simplicity","damage_taken":0,"max_hp_gain":0,"max_hp_loss":0,"event_name":"Back to Basics","floor":30,"gold_loss":0,"cards_upgraded":["wariomod:Strike","wariomod:Strike","wariomod:Strike","wariomod:Strike","wariomod:Defend","wariomod:Defend","wariomod:Defend"]}],"is_beta":false,"boss_relics":[{"not_picked":["Replay:Bronze Core","reliquary:WritOfMandamus"],"picked":"Painkiller Herb"},{"not_picked":[]},{"not_picked":["ChampionBelt","Replay:Fungal Core"],"picked":"Coffee Dripper"},{"not_picked":[]}],"items_purged_floors":[],"is_endless":false,"potions_floor_spawned":[11,16,21,27,28,35,40,44],"killed_by":"Nightmare","ascension_level":0}}