{"host":"l3xrug4zqg5ym5g5","time":1614403083,"event":{"mods":["AchievementEnabler","BaseMod","Colored Map","Highlight Path","Minty Spire (QoL Compilation)","Quick Restart","Rare Cards Sparkle","Relic Sorter","Relic Stats","StSLib","SuperFastMode"],"gold_per_floor":[114,78,91,106,106,106,124,134,134,148,148,148],"floor_reached":11,"language":"ENG","playtime":258,"items_purged":[],"score":67,"play_id":"4d016dfc-963a-447c-83d9-4b49d6ba0ae9","local_time":"20210227001803","is_ascension_mode":false,"campfire_choices":[{"data":"Bouncing Flask","floor":6,"key":"SMITH"}],"circlet_count":0,"master_deck":["Strike_G","Strike_G","Strike_G","Strike_G","Strike_G","Defend_G","Defend_G","Defend_G","Defend_G","Defend_G","Survivor","Neutralize","Outmaneuver","Accuracy","Deadly Poison","Bouncing Flask+1","Decay","Cloak And Dagger","Tactician","Blade Dance"],"relics":["Ring of the Snake","Strawberry","MealTicket"],"acts_visited":["Exordium"],"potions_floor_usage":[10,10,10],"damage_taken":[{"damage":3,"enemies":"Cultist","floor":1,"turns":5},{"damage":7,"enemies":"2 Louse","floor":3,"turns":3},{"damage":1,"enemies":"Jaw Worm","floor":4,"turns":4},{"damage":19,"enemies":"3 Louse","floor":7,"turns":4},{"damage":24,"enemies":"Exordium Thugs","floor":8,"turns":5},{"damage":8,"enemies":"Large Slime","floor":10,"turns":4},{"damage":18,"enemies":"Lagavulin","floor":11,"turns":2}],"seed_played":"4559563197302517867","potions_obtained":[{"floor":1,"key":"Dexterity Potion"},{"floor":4,"key":"DuplicationPotion"},{"floor":7,"key":"PowerPotion"}],"is_trial":false,"path_per_floor":["M","$","M","M","?","R","M","M","T","M","E"],"character_chosen":"THE_SILENT","items_purchased":["Accuracy"],"campfire_rested":0,"item_purchase_floors":[2],"current_hp_per_floor":[74,74,67,66,66,66,47,23,23,15,0,0],"gold":148,"neow_bonus":"RANDOM_COMMON_RELIC","is_daily":false,"chose_seed":false,"campfire_upgraded":1,"win_rate":0.0,"timestamp":1614403083,"path_taken":["M","$","M","M","?","R","M","?","T","?","E"],"items_purchased_type":["Card"],"build_version":"2020-12-22","purchased_purges":0,"victory":false,"max_hp_per_floor":[77,77,77,77,77,77,77,77,77,77,77,77],"relic_stats":{"counters":[7,27],"MealTicket":0,"obtain_stats":[{"Strawberry":0,"MealTicket":9,"Ring of the Snake":0},{"Strawberry":0,"MealTicket":5,"Ring of the Snake":0},{"Strawberry":0,"MealTicket":21,"Ring of the Snake":0}],"Ring of the Snake":[14]},"card_choices":[{"not_picked":["Concentrate","Slice"],"picked":"Outmaneuver","floor":1},{"not_picked":["Acrobatics","Masterful Stab"],"picked":"Deadly Poison","floor":3},{"not_picked":["Quick Slash","Escape Plan"],"picked":"Bouncing Flask","floor":4},{"not_picked":["Well Laid Plans","Setup"],"picked":"Cloak And Dagger","floor":7},{"not_picked":["Prepared","PiercingWail"],"picked":"Tactician","floor":8},{"not_picked":["Backflip","Deflect"],"picked":"Blade Dance","floor":10}],"player_experience":112709,"relics_obtained":[{"floor":9,"key":"MealTicket"}],"event_choices":[{"damage_healed":0,"gold_gain":0,"player_choice":"Cursed","damage_taken":0,"max_hp_gain":0,"max_hp_loss":0,"event_name":"Wheel of Change","floor":5,"gold_loss":0,"cards_obtained":["Decay"]}],"is_beta":false,"boss_relics":[],"items_purged_floors":[],"is_endless":false,"potions_floor_spawned":[1,4,7],"killed_by":"Lagavulin","ascension_level":0}}