{"host":"8rqsnaeml9gxb0kp","time":1614399682,"event":{"mods":["AchievementEnabler","BaseMod","Colored Powertips","Dark Map","Minty Spire (QoL Compilation)","Rare Cards Sparkle","Relic Stats","StSLib","slay the spire mod where everything is the same but ironclad has a cowboy hat"],"gold_per_floor":[112,130,148,165,38,38,68,94,94,127,92,92,109,109,109,209,209,224,237,217,235,85,116,116,143,168,168,179,210,239,251,263,380,392,422,25,43,43,43,68,68,96,96,121,121,136,136,154,154,154],"floor_reached":51,"language":"ENG","playtime":6796,"items_purged":["Decay","Regret"],"score":1226,"play_id":"a7826c6e-421b-4584-9af1-06fdfd66802b","local_time":"20210226202122","is_ascension_mode":true,"campfire_choices":[{"data":"Predator","floor":6.0,"key":"SMITH"},{"data":"Neutralize","floor":12.0,"key":"SMITH"},{"data":"Masterful Stab","floor":15.0,"key":"SMITH"},{"data":"Calculated Gamble","floor":24.0,"key":"SMITH"},{"data":"Concentrate","floor":27.0,"key":"SMITH"},{"floor":32.0,"key":"REST"},{"floor":41.0,"key":"REST"},{"floor":49.0,"key":"REST"}],"circlet_count":0,"master_deck":["Strike_G","Strike_G","Defend_G+1","Defend_G","Defend_G","Defend_G","Defend_G","Survivor","Neutralize+1","Masterful Stab+1","Leg Sweep","Predator+1","Choke+1","Slice+1","Quick Slash+1","Dagger Throw+1","Glass Knife+1","Catalyst+1","Blur+1","Reflex+1","Dagger Throw+1","Concentrate+1","Reflex+1","PiercingWail+1","Calculated Gamble+1","Backstab+1","Sucker Punch+1","Acrobatics+1","Tools of the Trade","Blade Dance+1","Eviscerate+1","Dagger Spray+1","Crippling Poison+1","Dagger Spray+1","Writhe","Dagger Throw+1"],"relics":["Ring of the Snake","StoneCalendar","Molten Egg 2","Odd Mushroom","Mercury Hourglass","Lantern","Bag of Marbles","Astrolabe","PreservedInsect","Kunai","Centennial Puzzle","MawBank","Cursed Key","White Beast Statue","Pen Nib","Juzu Bracelet","War Paint","Gambling Chip","Meat on the Bone"],"acts_visited":["Exordium","TheCity","TheBeyond"],"potions_floor_usage":[50,50,50],"damage_taken":[{"damage":0.0,"enemies":"Small Slimes","floor":1.0,"turns":3.0},{"damage":0.0,"enemies":"2 Louse","floor":2.0,"turns":2.0},{"damage":6.0,"enemies":"Cultist","floor":3.0,"turns":5.0},{"damage":6.0,"enemies":"Gremlin Gang","floor":4.0,"turns":7.0},{"damage":4.0,"enemies":"3 Sentries","floor":7.0,"turns":7.0},{"damage":6.0,"enemies":"The Mushroom Lair","floor":8.0,"turns":4.0},{"damage":8.0,"enemies":"Gremlin Nob","floor":10.0,"turns":3.0},{"damage":0.0,"enemies":"Looter","floor":13.0,"turns":2.0},{"damage":2.0,"enemies":"Slime Boss","floor":16.0,"turns":6.0},{"damage":7.0,"enemies":"2 Thieves","floor":18.0,"turns":3.0},{"damage":0.0,"enemies":"Shell Parasite","floor":19.0,"turns":1.0},{"damage":2.0,"enemies":"Shelled Parasite and Fungi","floor":21.0,"turns":3.0},{"damage":2.0,"enemies":"Slavers","floor":23.0,"turns":4.0},{"damage":7.0,"enemies":"Book of Stabbing","floor":25.0,"turns":3.0},{"damage":1.0,"enemies":"Snecko","floor":28.0,"turns":3.0},{"damage":5.0,"enemies":"Slavers","floor":29.0,"turns":3.0},{"damage":9.0,"enemies":"Centurion and Healer","floor":30.0,"turns":2.0},{"damage":40.0,"enemies":"Collector","floor":33.0,"turns":10.0},{"damage":0.0,"enemies":"3 Shapes","floor":35.0,"turns":3.0},{"damage":0.0,"enemies":"Orb Walker","floor":37.0,"turns":3.0},{"damage":29.0,"enemies":"Giant Head","floor":40.0,"turns":7.0},{"damage":0.0,"enemies":"Nemesis","floor":42.0,"turns":1.0},{"damage":25.0,"enemies":"Giant Head","floor":44.0,"turns":7.0},{"damage":6.0,"enemies":"Maw","floor":46.0,"turns":5.0},{"damage":4.0,"enemies":"4 Shapes","floor":48.0,"turns":1.0},{"damage":40,"enemies":"Awakened One","floor":50,"turns":17}],"seed_played":"-4960634092429855715","potions_obtained":[{"floor":3.0,"key":"Energy Potion"},{"floor":4.0,"key":"Block Potion"},{"floor":7.0,"key":"Strength Potion"},{"floor":10.0,"key":"LiquidBronze"},{"floor":13.0,"key":"Strength Potion"},{"floor":19.0,"key":"Energy Potion"},{"floor":20.0,"key":"Strength Potion"},{"floor":21.0,"key":"Explosive Potion"},{"floor":28.0,"key":"Energy Potion"},{"floor":33.0,"key":"BlessingOfTheForge"},{"floor":37.0,"key":"BlessingOfTheForge"},{"floor":40.0,"key":"BlessingOfTheForge"},{"floor":42.0,"key":"Block Potion"},{"floor":44.0,"key":"Dexterity Potion"},{"floor":46.0,"key":"Poison Potion"}],"is_trial":false,"path_per_floor":["M","M","M","M","$","R","E","?","T","E","?","R","M","?","R","B",null,"M","M","?","M","$","E","R","E","T","R","M","E","M","$","R","B",null,"M","$","M","?","$","E","R","E","T","E","?","M","?","M","R","B",null],"character_chosen":"THE_SILENT","items_purchased":["Explosive Potion","PiercingWail","White Beast Statue","Pen Nib"],"campfire_rested":3,"item_purchase_floors":[5,22,36,36],"current_hp_per_floor":[63,63,57,51,51,51,47,41,41,33,50,50,50,50,50,48,65,58,58,58,56,56,54,54,47,47,47,46,41,32,32,53,13,56,56,56,56,56,56,27,48,48,48,23,23,29,47,43,64,36],"gold":154,"neow_bonus":"ONE_RARE_RELIC","is_daily":false,"chose_seed":false,"campfire_upgraded":5,"win_rate":0.0,"timestamp":1614399682,"path_taken":["M","M","M","M","$","R","E","?","T","E","?","R","M","?","R","BOSS","M","M","?","?","$","E","R","E","T","R","?","E","M","$","R","BOSS","M","$","?","?","$","E","R","E","T","E","?","M","?","M","R","BOSS"],"items_purchased_type":["Potion","Card","Relic","Relic"],"build_version":"2020-12-22","purchased_purges":2,"victory":true,"max_hp_per_floor":[70,70,70,70,70,70,70,70,70,70,70,70,70,70,70,70,70,70,70,70,70,70,70,70,70,70,70,70,70,70,70,70,70,70,70,70,70,70,70,70,70,70,70,70,70,70,70,70,70,70],"relic_stats":{"counters":[26,114],"Astrolabe":["Catalyst","Blur","Reflex"],"StoneCalendar":[153],"PreservedInsect":394,"Pen Nib":[13],"Juzu Bracelet":1,"War Paint":["Defend_G","PiercingWail"],"MawBank":84,"Cursed Key":1,"Mercury Hourglass":[324],"Centennial Puzzle":[27],"Gambling Chip":[10],"Kunai":[43],"obtain_stats":[{"Lantern":10,"Astrolabe":17,"StoneCalendar":0,"PreservedInsect":23,"Pen Nib":36,"Juzu Bracelet":40,"Odd Mushroom":8,"War Paint":42,"MawBank":29,"Cursed Key":34,"White Beast Statue":36,"Mercury Hourglass":9,"Centennial Puzzle":26,"Gambling Chip":43,"Molten Egg 2":7,"Bag of Marbles":14,"Kunai":25,"Ring of the Snake":0,"Meat on the Bone":44},{"Lantern":7,"Astrolabe":9,"StoneCalendar":0,"PreservedInsect":13,"Pen Nib":19,"Juzu Bracelet":21,"Odd Mushroom":6,"War Paint":22,"MawBank":16,"Cursed Key":18,"White Beast Statue":19,"Mercury Hourglass":6,"Centennial Puzzle":14,"Gambling Chip":22,"Molten Egg 2":5,"Bag of Marbles":8,"Kunai":14,"Ring of the Snake":0,"Meat on the Bone":23},{"Lantern":31,"Astrolabe":39,"StoneCalendar":0,"PreservedInsect":50,"Pen Nib":73,"Juzu Bracelet":83,"Odd Mushroom":28,"War Paint":84,"MawBank":59,"Cursed Key":71,"White Beast Statue":73,"Mercury Hourglass":28,"Centennial Puzzle":53,"Gambling Chip":84,"Molten Egg 2":24,"Bag of Marbles":33,"Kunai":53,"Ring of the Snake":0,"Meat on the Bone":91}],"Ring of the Snake":[52],"Meat on the Bone":24},"card_choices":[{"not_picked":["Dagger Spray","Dagger Throw"],"picked":"Masterful Stab","floor":1.0},{"not_picked":["Setup","Bouncing Flask","Infinite Blades"],"picked":"SKIP","floor":2.0},{"not_picked":["Distraction","PiercingWail"],"picked":"Leg Sweep","floor":3.0},{"not_picked":["Flechettes","Poisoned Stab"],"picked":"Predator","floor":4.0},{"not_picked":["Outmaneuver","Deadly Poison"],"picked":"Choke+1","floor":7.0},{"not_picked":["Well Laid Plans","Deadly Poison"],"picked":"Slice+1","floor":8.0},{"not_picked":["Flechettes+1","Concentrate"],"picked":"Quick Slash+1","floor":10.0},{"not_picked":["Concentrate","Dodge and Roll"],"picked":"Dagger Throw+1","floor":13.0},{"not_picked":["Die Die Die+1","Corpse Explosion"],"picked":"Glass Knife+1","floor":16.0},{"not_picked":["Accuracy+1","Flying Knee+1"],"picked":"Dagger Throw+1","floor":18.0},{"not_picked":["Setup","Flying Knee+1"],"picked":"Concentrate","floor":19.0},{"not_picked":["Escape Plan","Catalyst+1"],"picked":"Reflex+1","floor":21.0},{"not_picked":["Cloak And Dagger","Caltrops"],"picked":"Calculated Gamble","floor":23.0},{"not_picked":["Backflip+1","Distraction"],"picked":"Backstab+1","floor":25.0},{"not_picked":["Riddle With Holes+1","Outmaneuver"],"picked":"Sucker Punch+1","floor":28.0},{"not_picked":["Blade Dance","Backflip"],"picked":"Acrobatics+1","floor":29.0},{"not_picked":["Poisoned Stab+1","PiercingWail","Infinite Blades"],"picked":"SKIP","floor":30.0},{"not_picked":["Grand Finale+1","Unload+1"],"picked":"Tools of the Trade","floor":33.0},{"not_picked":["Deadly Poison","Flying Knee+1"],"picked":"Blade Dance+1","floor":35.0},{"not_picked":["Acrobatics","Flechettes+1","Dagger Throw+1"],"picked":"SKIP","floor":37.0},{"not_picked":["Blade Dance","Escape Plan+1"],"picked":"Eviscerate+1","floor":40.0},{"not_picked":["All Out Attack+1","Bane+1"],"picked":"Dagger Spray+1","floor":42.0},{"not_picked":["Dagger Spray+1","PiercingWail"],"picked":"Crippling Poison+1","floor":44.0},{"not_picked":["Poisoned Stab+1","Calculated Gamble"],"picked":"Dagger Spray+1","floor":46.0},{"not_picked":["PiercingWail","Cloak And Dagger"],"picked":"Dagger Throw+1","floor":48.0}],"player_experience":303236,"relics_obtained":[{"floor":7.0,"key":"Molten Egg 2"},{"floor":8.0,"key":"Odd Mushroom"},{"floor":9.0,"key":"Mercury Hourglass"},{"floor":10.0,"key":"Lantern"},{"floor":23.0,"key":"PreservedInsect"},{"floor":25.0,"key":"Kunai"},{"floor":26.0,"key":"Centennial Puzzle"},{"floor":29.0,"key":"MawBank"},{"floor":40.0,"key":"Juzu Bracelet"},{"floor":42.0,"key":"War Paint"},{"floor":43.0,"key":"Gambling Chip"},{"floor":44.0,"key":"Meat on the Bone"}],"event_choices":[{"damage_healed":0.0,"max_hp_gain":0.0,"max_hp_loss":0.0,"gold_gain":0.0,"event_name":"Mushrooms","player_choice":"Fought Mushrooms","floor":8.0,"gold_loss":0.0,"damage_taken":0.0},{"damage_healed":17.0,"max_hp_gain":0.0,"max_hp_loss":0.0,"gold_gain":0.0,"event_name":"The Cleric","player_choice":"Healed","floor":11.0,"gold_loss":35.0,"damage_taken":0.0},{"damage_healed":0.0,"max_hp_gain":0.0,"max_hp_loss":0.0,"gold_gain":0.0,"event_name":"Big Fish","player_choice":"Box","floor":14.0,"gold_loss":0.0,"damage_taken":0.0,"relics_obtained":["Bag of Marbles"],"cards_obtained":["Regret"]},{"damage_healed":0.0,"max_hp_gain":0.0,"max_hp_loss":0.0,"gold_gain":0.0,"event_name":"The Woman in Blue","player_choice":"Bought 1 Potion","floor":20.0,"gold_loss":0.0,"damage_taken":0.0},{"damage_healed":0.0,"max_hp_gain":0.0,"max_hp_loss":0.0,"gold_gain":0.0,"event_name":"SensoryStone","player_choice":"Memory 1","floor":38.0,"gold_loss":0.0,"damage_taken":0.0},{"cards_removed":["Shame"],"damage_healed":0.0,"max_hp_gain":0.0,"max_hp_loss":0.0,"gold_gain":0.0,"event_name":"Purifier","player_choice":"Purged","floor":45.0,"gold_loss":0.0,"damage_taken":0.0},{"damage_healed":18.0,"max_hp_gain":0.0,"max_hp_loss":0.0,"gold_gain":0.0,"event_name":"Winding Halls","player_choice":"Writhe","floor":47.0,"gold_loss":0.0,"damage_taken":0.0,"cards_obtained":["Writhe"]}],"is_beta":false,"boss_relics":[{"not_picked":["Runic Dome","Tiny House"],"picked":"Astrolabe"},{"not_picked":["Runic Pyramid","HoveringKite"],"picked":"Cursed Key"}],"items_purged_floors":[5,22],"is_endless":false,"potions_floor_spawned":[3,4,7,10,13,19,21,28,33,37,40,42,44,46,48],"ascension_level":9}}