{"host":"gk9qdtkqd8dwfeg2","time":1614436774,"event":{"mods":["ATMod(∞¢Ë™Mod)","Act Like it!","Aspiration","BaseMod","Colored Powertips","Downfall","Gensokyo","Minty Spire (QoL Compilation)","Quick Restart","Reimu£®≤©¿ˆ¡È√Œ£©","Remilia£®¿Ÿ√◊¿Ú—«£©","Shop Mod","StSLib","TestMod","The Servant 0.9.4","Waifu the Spire","Youmu£®ªÍ∆«—˝√Œ£©"],"gold_per_floor":[116,132,152,165,183,183,208,208,208,225,236,236,236,298,298,421,421,435,50,150,200,250,250,279,279,279,307,318,368,436,508,508,636,636,652,717,727,469,519,553,269,269,269,386,386,538,628,669,669,794,819,819,819,176,256,281],"floor_reached":57,"language":"ZHS","playtime":2897,"items_purged":["Strike_R","Envy_TH","Bash","Strike_R"],"score":3173,"play_id":"9c9ac6e8-7582-4fe7-86fb-b92db90d7415","local_time":"20210227223934","is_ascension_mode":true,"campfire_choices":[{"data":"Armaments","floor":6.0,"key":"SMITH"},{"data":"Searing Blow+1","floor":8.0,"key":"SMITH"},{"data":"Searing Blow+2","floor":12.0,"key":"SMITH"},{"data":"Searing Blow+3","floor":15.0,"key":"SMITH"},{"data":"Searing Blow+4","floor":23.0,"key":"SMITH"},{"data":"Searing Blow+5","floor":25.0,"key":"SMITH"},{"floor":32.0,"key":"REST"},{"floor":42.0,"key":"RECALL"},{"data":"Searing Blow+6","floor":45.0,"key":"SMITH"},{"data":"testmod-Dream","floor":49.0,"key":"SMITH"},{"data":"AT_RealColorLess","floor":53.0,"key":"SMITH"}],"circlet_count":0,"master_deck":["AscendersBane","Strike_R","Strike_R","Defend_R","Defend_R","Defend_R","AT_RealColorLess+1","Searing Blow+7","Burning Pact","Armaments+1","Offering+1","Shockwave+1","Berserk","Disarm+1","Offering+1","AT_ManFootWork+1","Barricade","Second Wind","AT_Dispersion","Berserk","Dark Embrace","AT_BodySlamDance+1","testmod-Dream+1","testmod-Superconductor","Shrug It Off+1"],"relics":["Burning Blood","testmod-TestBox","AT_ATBox","testmod-AscensionHeart","testmod-OneHitWonder","testmod-HeartOfStrike","SsserpentHead","MerchantsRug","ClockworkSouvenir","aspiration:RitualStick","MealTicket","aspiration:HatOfInfinitePower","StrikeDummy","SlaversCollar","Lantern","AT_MibuBalloonWealth","CrazyTorch:ReiMu","Girya","War Paint","Cauldron","Pen Nib","AT_SilverBalance"],"acts_visited":["Exordium","TheCity","TheBeyond","TheEnding"],"potions_floor_usage":[56,56],"damage_taken":[{"damage":0.0,"enemies":"Cultist","floor":1.0,"turns":3.0},{"damage":11.0,"enemies":"Jaw Worm","floor":2.0,"turns":4.0},{"damage":0.0,"enemies":"2 Louse","floor":3.0,"turns":2.0},{"damage":24.0,"enemies":"2 Fungi Beasts","floor":4.0,"turns":5.0},{"damage":11.0,"enemies":"Exordium Wildlife","floor":5.0,"turns":2.0},{"damage":6.0,"enemies":"Lagavulin","floor":7.0,"turns":4.0},{"damage":11.0,"enemies":"Lots of Slimes","floor":10.0,"turns":4.0},{"damage":1.0,"enemies":"Red Slaver","floor":11.0,"turns":2.0},{"damage":18.0,"enemies":"Large Slime","floor":14.0,"turns":3.0},{"damage":18.0,"enemies":"Hexaghost","floor":16.0,"turns":5.0},{"damage":6.0,"enemies":"3 Byrds","floor":18.0,"turns":4.0},{"damage":22.0,"enemies":"Slavers","floor":24.0,"turns":4.0},{"damage":18.0,"enemies":"Gremlin Leader","floor":27.0,"turns":5.0},{"damage":15.0,"enemies":"Spheric Guardian","floor":28.0,"turns":4.0},{"damage":6.0,"enemies":"Snecko","floor":30.0,"turns":2.0},{"damage":20.0,"enemies":"Slavers","floor":31.0,"turns":3.0},{"damage":15.0,"enemies":"Automaton","floor":33.0,"turns":5.0},{"damage":16.0,"enemies":"3 Darklings","floor":35.0,"turns":4.0},{"damage":6.0,"enemies":"3 Shapes","floor":36.0,"turns":5.0},{"damage":24.0,"enemies":"Maw","floor":37.0,"turns":4.0},{"damage":23.0,"enemies":"Nemesis","floor":40.0,"turns":7.0},{"damage":12.0,"enemies":"4 Shapes","floor":44.0,"turns":2.0},{"damage":15.0,"enemies":"Reptomancer","floor":46.0,"turns":2.0},{"damage":17.0,"enemies":"Sphere and 2 Shapes","floor":47.0,"turns":3.0},{"damage":9.0,"enemies":"Maw","floor":48.0,"turns":4.0},{"damage":41.0,"enemies":"Awakened One","floor":50.0,"turns":9.0},{"damage":12.0,"enemies":"Time Eater","floor":51.0,"turns":5.0},{"damage":12.0,"enemies":"Shield and Spear","floor":55.0,"turns":3.0},{"damage":35,"enemies":"The Heart","floor":56,"turns":4}],"seed_played":"4770491490900788493","potions_obtained":[{"floor":3.0,"key":"Block Potion"},{"floor":4.0,"key":"Dexterity Potion"},{"floor":10.0,"key":"Slimebound:ThreeZeroPotion"},{"floor":16.0,"key":"DistilledChaos"},{"floor":24.0,"key":"ColorlessPotion"},{"floor":33.0,"key":"bronze:BurnAndBuffPotion"},{"floor":35.0,"key":"SmokeBomb"},{"floor":47.0,"key":"DuplicationPotion"},{"floor":54.0,"key":"Strength Potion"},{"floor":54.0,"key":"Slimebound:ThreeZeroPotion"},{"floor":54.0,"key":"Ancient Potion"}],"is_trial":false,"path_per_floor":["M","M","M","M","M","R","E","R","T","M","M","R","?","M","R","B",null,"M","$","?","?","?","R","E","R","T","E","M","?","M","E","R","B",null,"M","M","M","$","?","E","$","R","T","M","R","E","M","M","R","B","B",null,"R","$","E","B",null],"character_chosen":"IRONCLAD","items_purchased":["MerchantsRug","ClockworkSouvenir","Lantern","testmod-Dream","testmod-Superconductor","War Paint","Cauldron","Pen Nib","Shrug It Off"],"campfire_rested":1,"item_purchase_floors":[19,19,38,38,41,54,54,54,54],"current_hp_per_floor":[75,70,75,57,53,53,55,55,55,54,60,60,60,49,49,43,72,73,73,73,73,63,63,52,52,52,42,34,25,26,17,43,43,81,72,73,56,71,71,56,71,71,71,66,66,62,52,50,50,21,24,86,86,101,97,35],"gold":281,"neow_bonus":"THREE_CARDS","is_daily":false,"chose_seed":false,"campfire_upgraded":9,"win_rate":0.0,"timestamp":1614436774,"path_taken":["M","?","M","M","M","R","E","R","T","M","M","R","?","?","R","BOSS","M","$","?","?","?","R","E","R","T","E","M","?","?","E","R","BOSS","M","?","M","?","?","E","$","R","T","M","R","E","M","M","R","BOSS","BOSS","R","$","E","BOSS"],"items_purchased_type":["Relic","Relic","Relic","Card","Card","Relic","Relic","Relic","Card"],"build_version":"2020-12-22","purchased_purges":4,"victory":true,"max_hp_per_floor":[75,75,75,75,75,75,76,76,76,76,76,76,76,76,76,81,81,81,81,81,81,81,81,82,82,82,83,83,88,88,89,89,94,94,94,94,94,94,94,95,95,95,95,95,95,96,96,96,96,101,106,106,106,106,107,112],"card_choices":[{"not_picked":["Flex","Burning Pact"],"picked":"Searing Blow","floor":0.0},{"not_picked":["Twin Strike","Flex"],"picked":"Burning Pact","floor":1.0},{"not_picked":["Battle Trance","Warcry"],"picked":"Armaments","floor":2.0},{"not_picked":["Thunderclap","AT_IchimonjiDouble","Anger"],"picked":"SKIP","floor":3.0},{"not_picked":["Clothesline","Clash"],"picked":"Offering","floor":4.0},{"not_picked":["True Grit","Battle Trance"],"picked":"Shockwave","floor":5.0},{"not_picked":["Demon Form","Barricade"],"picked":"Berserk","floor":7.0},{"not_picked":["Clash","AT_IchimonjiDouble","Havoc"],"picked":"SKIP","floor":10.0},{"not_picked":["Wild Strike","Cleave","Heavy Blade"],"picked":"SKIP","floor":11.0},{"not_picked":["Perfected Strike","Whirlwind"],"picked":"Disarm","floor":14.0},{"not_picked":["Bludgeon","Berserk"],"picked":"Offering","floor":16.0},{"not_picked":["Armaments","Perfected Strike"],"picked":"AT_ManFootWork","floor":18.0},{"not_picked":["Fiend Fire","Demon Form"],"picked":"Barricade","floor":24.0},{"not_picked":["Limit Break","Immolate","Bludgeon"],"picked":"SKIP","floor":27.0},{"not_picked":["Double Tap","Whirlwind+1","Rage"],"picked":"SKIP","floor":28.0},{"not_picked":["Seeing Red","Headbutt"],"picked":"Second Wind","floor":30.0},{"not_picked":["Limit Break","Corruption"],"picked":"AT_Dispersion","floor":31.0},{"not_picked":["Juggernaut","Barricade"],"picked":"Berserk","floor":33.0},{"not_picked":["AT_BodySlamDance","AT_GerminateFire"],"picked":"Dark Embrace","floor":35.0},{"not_picked":["AT_IchimonjiDouble","Shrug It Off+1"],"picked":"AT_BodySlamDance+1","floor":36.0},{"not_picked":["AT_IchimonjiDouble+1","Wild Strike","Shrug It Off"],"picked":"SKIP","floor":37.0},{"not_picked":["Corruption","Juggernaut","Brutality"],"picked":"SKIP","floor":40.0},{"not_picked":["Inflame","Headbutt","Twin Strike"],"picked":"SKIP","floor":44.0},{"not_picked":["Corruption","Feed","Demon Form"],"picked":"SKIP","floor":46.0},{"not_picked":["Clash","Rupture","Shrug It Off"],"picked":"SKIP","floor":47.0},{"not_picked":["Flame Barrier","Ghostly Armor","Iron Wave+1"],"picked":"SKIP","floor":48.0},{"not_picked":["Juggernaut","Bludgeon","Immolate"],"picked":"SKIP","floor":55.0}],"player_experience":929997,"relics_obtained":[{"floor":7.0,"key":"testmod-OneHitWonder"},{"floor":9.0,"key":"testmod-HeartOfStrike"},{"floor":24.0,"key":"MealTicket"},{"floor":27.0,"key":"aspiration:HatOfInfinitePower"},{"floor":31.0,"key":"StrikeDummy"},{"floor":40.0,"key":"AT_MibuBalloonWealth"},{"floor":43.0,"key":"CrazyTorch:ReiMu"},{"floor":46.0,"key":"Girya"},{"floor":55.0,"key":"AT_SilverBalance"}],"event_choices":[{"damage_healed":0.0,"max_hp_gain":0.0,"max_hp_loss":0.0,"gold_gain":0.0,"event_name":"FaceTrader","player_choice":"Trade","floor":13.0,"gold_loss":0.0,"damage_taken":0.0,"relics_obtained":["SsserpentHead"]},{"damage_healed":0.0,"max_hp_gain":0.0,"max_hp_loss":0.0,"gold_gain":50.0,"event_name":"Nest","player_choice":"Stole From Cult","floor":20.0,"gold_loss":0.0,"damage_taken":0.0},{"damage_healed":0.0,"max_hp_gain":5.0,"max_hp_loss":0.0,"gold_gain":0.0,"event_name":"Forgotten Altar","player_choice":"Shed Blood","floor":29.0,"gold_loss":0.0,"damage_taken":29.0},{"damage_healed":0.0,"max_hp_gain":0.0,"max_hp_loss":0.0,"gold_gain":0.0,"event_name":"Tomb of Lord Red Mask","player_choice":"Ignored","floor":39.0,"gold_loss":0.0,"damage_taken":0.0}],"is_beta":false,"boss_relics":[{"not_picked":["AT_TrinityForce","testmod-StringDisintegrator"],"picked":"bronze:MakeshiftBattery"},{"not_picked":["aspiration:SilentSkillbook","Runic Cube"],"picked":"SlaversCollar"}],"items_purged_floors":[19,38,41,54],"is_endless":false,"potions_floor_spawned":[3,4,10,16,24,27,30,33,35,47],"ascension_level":20}}