{"host":"gzrx8rm2nhta4pjr","time":1614415005,"event":{"mods":["2.2 Compatiblity","Act Like it!","AlwaysNeverKeys","BaseMod","Better Altar","Better Sensory Stone","Better Silent Start","Block Reminder","Curses Come First","Defuse TimeMaze Blight","Disable Question Mark Monsters","Emptier Cage","GifTheSpireLib","Infinite Spire","Marked Mod","Minty Spire (QoL Compilation)","Potionbrewer","Rare Cards Sparkle","Remove Card Discount Mod","Reorder Act Four","SCP261 Mod","Shop Mod","StSLib","Stuff the Spire","Swap Starting Deck Mod","The Bug Knight","The Senshi","The Servant 0.9.4","Transform Curses"],"gold_per_floor":[112,124,399,418,438,465,478,489,561,736,736,14,30,43,43,148,148,160,160,160,170,170,170,195,195,195,195,195,259,309,337,337,436,436,447,497,547,273,373,405,405,421,421,453,32,58,70,70,70,167,167,174,224,449,463,513,511,88,138,138,190,56,61,80,84,84,163,163,164,176,97,100,100,100,110,110,162,212,262,312,312,310,310,381,381,401,392,442,262,346,346,396,396,396,390,390,435,369,357,357,435,435,440,452,454,550,600,603,577,634,659,671,796,813,863,866,866,947,947,951,952,642,692,706,706,717,718,741,313,323,373,445,451,451,544,544,555,605,614,595,597,597,618,618,667,667,717,765,749,753,753,772,772,364,364,365,422],"floor_reached":158,"language":"ENG","playtime":10094,"items_purged":["Doubt","Regret","Wild Strike+1","True Grit","Doubt","Clash"],"score":4269,"play_id":"087bcbe4-3a27-4aab-b89a-6735f1423405","local_time":"20210227033645","is_ascension_mode":false,"campfire_choices":[{"floor":15.0,"key":"REST"},{"floor":23.0,"key":"REST"},{"data":"infinitespire:Collect","floor":25.0,"key":"SMITH"},{"floor":27.0,"key":"REST"},{"floor":32.0,"key":"REST"},{"data":"infinitespire:UltimateForm","floor":41.0,"key":"SMITH"},{"data":"Barricade","floor":49.0,"key":"SMITH"},{"data":"StuffTheSpire:BrainWave","floor":66.0,"key":"SMITH"},{"data":"infinitespire:FutureSight","floor":74,"key":"SMITH"},{"data":"Offering","floor":76,"key":"SMITH"},{"data":"Armaments","floor":81,"key":"SMITH"},{"data":"Searing Blow","floor":83,"key":"SMITH"},{"data":"Searing Blow+1","floor":91,"key":"SMITH"},{"data":"Searing Blow+2","floor":93,"key":"SMITH"},{"data":"Searing Blow+3","floor":96,"key":"SMITH"},{"data":"Searing Blow+4","floor":100,"key":"SMITH"},{"data":"Searing Blow+5","floor":117,"key":"SMITH"},{"floor":125,"key":"REST"},{"data":"Searing Blow+6","floor":134,"key":"SMITH"},{"data":"Searing Blow+7","floor":142,"key":"SMITH"},{"data":"Searing Blow+8","floor":144,"key":"SMITH"},{"floor":151,"key":"REST"},{"data":"Searing Blow+9","floor":155,"key":"SMITH"}],"circlet_count":0,"master_deck":["Iron Wave","Iron Wave","Iron Wave","Entrench","Entrench","Entrench","Entrench","Barricade+1","Burning Pact","Feel No Pain","Pummel","Spot Weakness","infinitespire:OneForAll","Blood for Blood","Ghostly Armor","Heavy Blade","Armaments+1","Corruption","Disarm+1","infinitespire:UltimateForm+1","Battle Trance","Blood for Blood","Impervious","CurseOfTheBell","Seeing Red","Master of Strategy","Bandage Up","Power Through","Body Slam","StuffTheSpire:Resist","StuffTheSpire:Resist","Master of Strategy","Brutality","Armaments+1","Offering+1","Body Slam","StuffTheSpire:BrainWave+1","StuffTheSpire:Incineration","Body Slam","Rage","Fiend Fire","infinitespire:Punishment","StuffTheSpire:Resist","Infernal Blade+1","Apotheosis+1","infinitespire:FutureSight+1","Armaments+1","Searing Blow+10","Demon Form+1","CurseOfTheBell","Cleave+1","Sentinel+1","Body Slam+1","Limit Break","Intimidate+1","Seeing Red+1","Juggernaut","Berserk","Pummel","infinitespire:UltimateForm+1","Fire Breathing+1","Iron Wave","Headbutt","Reaper","StuffTheSpire:Incineration","Feel No Pain+1","StuffTheSpire:Resist+1","Limit Break+1","Necronomicurse","Havoc","Fire Breathing","Spot Weakness+1","StuffTheSpire:FreeRealEstate+1","Magnetism+1","Dual Wield","StuffTheSpire:TitanForm","Iron Wave","Immolate","Sentinel+1","StuffTheSpire:BrainWave","Battle Trance","Feel No Pain+1","Cleave+1","Feel No Pain+1","infinitespire:SealOfDarkness+","Fiend Fire","Havoc","Feel No Pain+1","True Grit+1","Exhume","Fiend Fire","Brutality"],"relics":["Burning Blood","Self Forming Clay","Gremlin Horn","MerchantsRug","Vajra","StuffTheSpire:DullRazor","Lantern","SlaversCollar","SsserpentHead","FossilizedHelix","potionbrewer:AlchemistFlask","PreservedInsect","HollowMod:StagPassRelic","Black Blood","Mark of Pain","Shuriken","Ice Cream","Darkstone Periapt","ClockworkSouvenir","Torii","infinitespire:Burning Sword","MealTicket","StuffTheSpire:ForceGauntlet","Regal Pillow","Bottled Lightning","Ginger","infinitespire:ShieldingShard","Turnip","Anchor","Charon\u0027s Ashes","White Beast Statue","potionbrewer:BhaskarasWheel","SCP261:SadistsTumblerRelic","Necronomicon","Ancient Tea Set","Bag of Marbles","StuffTheSpire:CocoNut","Black Star","StuffTheSpire:Experiment12","Bag of Preparation","Mercury Hourglass","Busted Crown","StuffTheSpire:GrapeVine","StoneCalendar","infinitespire:WardingShard","infinitespire:Satchel","HollowMod:LifeEnderRelic","Pen Nib"],"acts_visited":["TheCity","TheBeyond","Exordium","TheCity","TheBeyond","Exordium","TheCity","TheBeyond","TheEnding"],"potions_floor_usage":[84,84,130,130,135,135,135,150,150,152,152,152,156,157],"damage_taken":[{"damage":5.0,"enemies":"2 Louse","floor":1.0,"turns":5.0},{"damage":2.0,"enemies":"Cultist","floor":2.0,"turns":5.0},{"damage":8.0,"enemies":"Jaw Worm","floor":4.0,"turns":6.0},{"damage":18.0,"enemies":"Large Slime","floor":5.0,"turns":9.0},{"damage":12.0,"enemies":"Lagavulin","floor":6.0,"turns":9.0},{"damage":15.0,"enemies":"2 Fungi Beasts","floor":7.0,"turns":5.0},{"damage":21.0,"enemies":"Lots of Slimes","floor":8.0,"turns":5.0},{"damage":6.0,"enemies":"Exordium Wildlife","floor":13.0,"turns":3.0},{"damage":0.0,"enemies":"3 Louse","floor":14.0,"turns":2.0},{"damage":2.0,"enemies":"The Guardian","floor":16.0,"turns":10.0},{"damage":10.0,"enemies":"Chosen","floor":18.0,"turns":2.0},{"damage":6.0,"enemies":"Shell Parasite","floor":21.0,"turns":6.0},{"damage":18.0,"enemies":"Nightmare","floor":24.0,"turns":13.0},{"damage":11.0,"enemies":"Snake Plant","floor":29.0,"turns":4.0},{"damage":34.0,"enemies":"Slavers","floor":31.0,"turns":6.0},{"damage":19.0,"enemies":"Collector","floor":33.0,"turns":10.0},{"damage":10.0,"enemies":"Orb Walker","floor":35.0,"turns":4.0},{"damage":0.0,"enemies":"Mind Bloom Boss Battle","floor":39.0,"turns":8.0},{"damage":0.0,"enemies":"Reptomancer","floor":40.0,"turns":7.0},{"damage":0.0,"enemies":"3 Darklings","floor":42.0,"turns":5.0},{"damage":5.0,"enemies":"Giant Head","floor":44.0,"turns":8.0},{"damage":12.0,"enemies":"Nemesis","floor":46.0,"turns":7.0},{"damage":3.0,"enemies":"Spire Growth","floor":47.0,"turns":8.0},{"damage":30.0,"enemies":"Awakened One","floor":50.0,"turns":10.0},{"damage":0.0,"enemies":"Cultist","floor":52.0,"turns":1.0},{"damage":0.0,"enemies":"Small Slimes","floor":55.0,"turns":1.0},{"damage":41.0,"enemies":"Nightmare","floor":57.0,"turns":5.0},{"damage":0.0,"enemies":"2 Louse","floor":61.0,"turns":2.0},{"damage":0.0,"enemies":"Blue Slaver","floor":63.0,"turns":2.0},{"damage":0.0,"enemies":"Gremlin Nob","floor":64.0,"turns":2.0},{"damage":1.0,"enemies":"2 Fungi Beasts","floor":65.0,"turns":3.0},{"damage":56.0,"enemies":"Hexaghost","floor":67.0,"turns":4.0},{"damage":0.0,"enemies":"2 Thieves","floor":69.0,"turns":2.0},{"damage":0.0,"enemies":"Spheric Guardian","floor":70.0,"turns":1.0},{"damage":0.0,"enemies":"Snecko","floor":72.0,"turns":3.0},{"damage":0,"enemies":"Centurion and Healer","floor":75,"turns":2},{"damage":0,"enemies":"Chosen and Byrds","floor":82,"turns":2},{"damage":56,"enemies":"Collector","floor":84,"turns":6},{"damage":0,"enemies":"3 Shapes","floor":86,"turns":3},{"damage":37,"enemies":"3 Darklings","floor":87,"turns":6},{"damage":0,"enemies":"2 Orb Walkers","floor":90,"turns":2},{"damage":2,"enemies":"4 Shapes","floor":95,"turns":2},{"damage":0,"enemies":"Maw","floor":97,"turns":4},{"damage":28,"enemies":"3 Darklings","floor":99,"turns":3},{"damage":71,"enemies":"Donu and Deca","floor":101,"turns":6},{"damage":0,"enemies":"Cultist","floor":103,"turns":2},{"damage":0,"enemies":"Jaw Worm","floor":104,"turns":2},{"damage":0,"enemies":"Small Slimes","floor":105,"turns":2},{"damage":0,"enemies":"Lagavulin Event","floor":106,"turns":2},{"damage":0,"enemies":"3 Sentries","floor":108,"turns":2},{"damage":0,"enemies":"Blue Slaver","floor":110,"turns":2},{"damage":0,"enemies":"Lagavulin","floor":112,"turns":3},{"damage":0,"enemies":"Large Slime","floor":114,"turns":1},{"damage":0,"enemies":"3 Louse","floor":116,"turns":2},{"damage":0,"enemies":"The Guardian","floor":118,"turns":3},{"damage":16,"enemies":"Shell Parasite","floor":120,"turns":3},{"damage":50,"enemies":"2 Thieves","floor":121,"turns":3},{"damage":0,"enemies":"Snake Plant","floor":124,"turns":1},{"damage":0,"enemies":"Snecko","floor":126,"turns":1},{"damage":4,"enemies":"Chosen and Byrds","floor":127,"turns":3},{"damage":0,"enemies":"Slavers","floor":130,"turns":2},{"damage":0,"enemies":"Centurion and Healer","floor":132,"turns":2},{"damage":0,"enemies":"Cultist and Chosen","floor":133,"turns":2},{"damage":0,"enemies":"Automaton","floor":135,"turns":1},{"damage":0,"enemies":"3 Shapes","floor":137,"turns":1},{"damage":0,"enemies":"Orb Walker","floor":139,"turns":2},{"damage":0,"enemies":"3 Darklings","floor":141,"turns":2},{"damage":0,"enemies":"Giant Head","floor":143,"turns":2},{"damage":0,"enemies":"Transient","floor":148,"turns":5},{"damage":0,"enemies":"Maw","floor":149,"turns":5},{"damage":34,"enemies":"Nemesis","floor":150,"turns":5},{"damage":82,"enemies":"infinitespire:LordOfFortification","floor":152,"turns":12},{"damage":81,"enemies":"Shield and Spear","floor":156,"turns":3},{"damage":31,"enemies":"The Heart","floor":157,"turns":8}],"seed_played":"8970976935277039129","potions_obtained":[{"floor":4.0,"key":"SCP261:BarrettColaPotion"},{"floor":6.0,"key":"Regen Potion"},{"floor":7.0,"key":"potionbrewer:ToxicPotion"},{"floor":8.0,"key":"BloodPotion"},{"floor":24.0,"key":"BloodPotion"},{"floor":29.0,"key":"Weak Potion"},{"floor":33.0,"key":"Energy Potion"},{"floor":42.0,"key":"Explosive Potion"},{"floor":44.0,"key":"potionbrewer:CleansingPotion"},{"floor":46.0,"key":"BloodPotion"},{"floor":50.0,"key":"SpeedPotion"},{"floor":52.0,"key":"potionbrewer:NoxiousPotion"},{"floor":55.0,"key":"LiquidMemories"},{"floor":63.0,"key":"Regen Potion"},{"floor":64.0,"key":"SteroidPotion"},{"floor":65.0,"key":"SpeedPotion"},{"floor":69.0,"key":"SCP261:DewritoBlazePotion"},{"floor":70.0,"key":"AttackPotion"},{"floor":84,"key":"potionbrewer:DiscountPotion"},{"floor":90,"key":"potionbrewer:NoxiousPotion"},{"floor":99,"key":"FairyPotion"},{"floor":130,"key":"potionbrewer:MidasPotion"},{"floor":132,"key":"AttackPotion"},{"floor":133,"key":"potionbrewer:BarricadePotion"},{"floor":135,"key":"FearPotion"},{"floor":141,"key":"ColorlessPotion"},{"floor":143,"key":"potionbrewer:QuicksilverPotion"},{"floor":150,"key":"ColorlessPotion"},{"floor":152,"key":"Regen Potion"},{"floor":156,"key":"Energy Potion"},{"floor":157,"key":"potionbrewer:BoundlessPotion"}],"is_trial":false,"path_per_floor":["M","M","?","M","M","E","M","M","T","?","?","$","M","M","R","B",null,"M","AVR","?","M","?","R","NM","R","T","R","?","M","?","E","R","B",null,"M","?","?","$","?","E","R","M","T","E","$","E","M","AVR","R","B",null,"M","?","?","M","?","NM","$","T","T","M","$","M","E","M","R","B",null,"M","M","$","M","AVR","R","M","R","T","?","?","?","R","M","R","B",null,"M","M","?","$","?","R","?","R","T","M","R","M","$","M","R","B",null,"M","M","M","?","?","E","$","M","T","E","?","M","?","M","R","B",null,"M","M","$","?","M","R","M","M","T","$","E","?","M","M","R","B",null,"M","?","M","$","M","R","E","R","T","AVR","?","M","M","E","R","B",null,"$","R","E","B",null],"character_chosen":"IRONCLAD","items_purchased":["MerchantsRug","LiquidBronze","Vajra","StuffTheSpire:DullRazor","Lantern","SpeedPotion","Master of Strategy","Dexterity Potion","Bandage Up","HollowMod:StagPassRelic","StuffTheSpire:Resist","potionbrewer:SplittingPotion","Master of Strategy","Darkstone Periapt","ClockworkSouvenir","StuffTheSpire:HeavyRock","Torii","Apotheosis","Bottled Lightning","potionbrewer:ToxicPotion","LiquidMemories","potionbrewer:ToxicPotion","Membership Card","Charon\u0027s Ashes","Fire Breathing","Centennial Puzzle","SCP261:SadistsTumblerRelic","Feel No Pain","StuffTheSpire:Resist","Limit Break","Ancient Tea Set","Bag of Marbles","StuffTheSpire:FreeRealEstate","Magnetism","Tiny Chest","Feel No Pain","StuffTheSpire:GrapeVine","StoneCalendar","infinitespire:WardingShard","infinitespire:Satchel"],"campfire_rested":6,"item_purchase_floors":[12,12,12,12,12,12,38,38,38,45,45,45,45,58,58,58,62,71,89,89,89,89,98,109,109,109,122,122,122,122,129,129,129,129,140,140,154,154,154,154],"current_hp_per_floor":[41,45,45,43,31,25,30,15,15,15,15,31,31,37,61,65,80,76,76,76,76,56,80,68,68,68,80,80,75,75,49,73,62,80,76,76,76,76,80,80,80,80,80,80,80,80,80,80,80,80,80,80,80,80,80,73,54,54,54,54,80,80,80,80,80,80,70,80,80,80,80,80,80,80,80,80,80,86,86,86,86,86,86,48,92,92,92,92,92,92,92,92,92,92,92,92,92,92,88,88,35,92,92,92,92,92,92,92,92,92,92,92,81,92,74,92,92,100,100,100,68,83,73,91,106,106,106,106,106,113,113,113,113,113,113,113,113,102,102,102,102,102,102,102,109,109,109,109,109,98,109,109,109,109,109,46,102],"gold":422,"neow_bonus":"","is_daily":false,"chose_seed":false,"campfire_upgraded":17,"win_rate":0.0,"timestamp":1614415005,"path_taken":["M","M","?","M","M","E","?","M","T","?","?","$","M","M","R","BOSS","M","AVR","?","M","?","R","NM","R","T","R","?","?","?","E","R","BOSS","M","?","?","$","?","E","R","M","T","E","$","E","M","AVR","R","BOSS","M","?","?","M","?","NM","?","?","T","?","$","M","E","M","R","BOSS","M","M","$","M","AVR","R","M","R","T","?","?","?","R","M","R","BOSS","M","M","?","$","?","R","?","R","T","M","R","?","?","M","R","BOSS","M","M","M","?","?","E","$","?","T","E","?","M","?","M","R","BOSS","M","M","$","?","M","R","M","M","T","$","E","?","?","M","R","BOSS","M","?","M","$","M","R","E","R","T","AVR","?","?","M","E","R","BOSS","$","R","E","BOSS"],"items_purchased_type":["Relic","Potion","Relic","Relic","Relic","Potion","Card","Potion","Card","Relic","Card","Potion","Card","Relic","Relic","Relic","Relic","Card","Relic","Potion","Potion","Potion","Relic","Relic","Card","Relic","Relic","Card","Card","Card","Relic","Relic","Card","Card","Relic","Card","Relic","Relic","Relic","Relic"],"build_version":"2020-12-22","purchased_purges":6,"victory":true,"max_hp_per_floor":[80,80,80,80,80,80,80,80,80,80,80,80,80,80,80,80,80,80,80,80,80,80,80,80,80,80,80,80,80,80,80,80,80,80,80,80,80,80,80,80,80,80,80,80,80,80,80,80,80,80,80,80,80,80,80,80,80,80,80,80,80,80,80,80,80,80,80,80,80,80,80,80,80,80,80,80,80,86,86,86,86,86,86,86,92,92,92,92,92,92,92,92,92,92,92,92,92,92,92,92,92,92,92,92,92,92,92,92,92,92,92,92,92,92,92,92,92,100,100,100,100,100,106,106,106,106,106,106,106,113,113,113,113,113,113,113,113,102,102,102,102,102,102,102,109,109,109,109,109,109,109,109,109,109,109,109,109],"card_choices":[{"not_picked":["Carnage","Clothesline"],"picked":"Burning Pact","floor":1.0},{"not_picked":["Anger","Sword Boomerang"],"picked":"Feel No Pain","floor":2.0},{"not_picked":["Iron Wave","Flex"],"picked":"Pummel","floor":4.0},{"not_picked":["Burning Pact","Flame Barrier"],"picked":"Spot Weakness","floor":5.0},{"not_picked":["Infernal Blade","Spot Weakness"],"picked":"infinitespire:OneForAll","floor":6.0},{"not_picked":["StuffTheSpire:Slingshot","Power Through"],"picked":"Blood for Blood","floor":7.0},{"not_picked":["Heavy Blade","Havoc"],"picked":"Ghostly Armor","floor":8.0},{"not_picked":["Carnage","Heavy Blade","Perfected Strike"],"picked":"SKIP","floor":13.0},{"not_picked":["Carnage","Perfected Strike"],"picked":"Heavy Blade","floor":13.0},{"not_picked":["Combust","Anger"],"picked":"Armaments","floor":14.0},{"not_picked":["Bludgeon","Offering"],"picked":"Corruption","floor":16.0},{"not_picked":["Cleave","Twin Strike+1"],"picked":"Disarm+1","floor":18.0},{"not_picked":["Armaments","Dropkick"],"picked":"Battle Trance","floor":21.0},{"not_picked":["infinitespire:Oblivion","infinitespire:FutureSight"],"picked":"infinitespire:Collect","floor":22.0},{"not_picked":["Hemokinesis","Shrug It Off+1"],"picked":"True Grit","floor":24.0},{"not_picked":["Evolve","Pommel Strike+1","Twin Strike+1"],"picked":"SKIP","floor":29.0},{"not_picked":["Dark Embrace","Sever Soul"],"picked":"Blood for Blood","floor":31.0},{"not_picked":["StuffTheSpire:TitanForm","Double Tap"],"picked":"Impervious","floor":33.0},{"not_picked":["Whirlwind+1","Wild Strike"],"picked":"Seeing Red","floor":35.0},{"not_picked":["Rampage","Ghostly Armor+1"],"picked":"Wild Strike+1","floor":39.0},{"not_picked":["Intimidate","Flex+1"],"picked":"Power Through","floor":40.0},{"not_picked":["Flex","Combust+1"],"picked":"Body Slam","floor":42.0},{"not_picked":["Twin Strike","Spot Weakness+1"],"picked":"StuffTheSpire:Resist","floor":44.0},{"not_picked":["Combust","True Grit"],"picked":"Brutality","floor":46.0},{"not_picked":["StuffTheSpire:Pyroclast","Twin Strike+1"],"picked":"Armaments+1","floor":47.0},{"not_picked":["Demon Form","Exhume"],"picked":"Offering","floor":50.0},{"not_picked":["Reckless Charge","StuffTheSpire:RagingBull"],"picked":"Body Slam","floor":52.0},{"not_picked":["StuffTheSpire:Harmony","StuffTheSpire:Vigor"],"picked":"StuffTheSpire:BrainWave","floor":53.0},{"not_picked":["Cleave","True Grit","StuffTheSpire:Slingshot"],"picked":"SKIP","floor":55.0},{"not_picked":["Bludgeon","infinitespire:OneForAll"],"picked":"Searing Blow","floor":57.0},{"not_picked":["Cleave","Clash"],"picked":"StuffTheSpire:Incineration","floor":61.0},{"not_picked":["Warcry","Entrench"],"picked":"Body Slam","floor":63.0},{"not_picked":["Sword Boomerang","StuffTheSpire:Pyroclast"],"picked":"Rage","floor":64.0},{"not_picked":["Flex","StuffTheSpire:RagingBull","Flame Barrier"],"picked":"SKIP","floor":65.0},{"not_picked":["Exhume","Double Tap"],"picked":"Fiend Fire","floor":67.0},{"not_picked":["infinitespire:Starlight","infinitespire:FinalStrike"],"picked":"infinitespire:Punishment","floor":68.0},{"not_picked":["Clothesline","Perfected Strike+1"],"picked":"StuffTheSpire:Resist","floor":69.0},{"not_picked":["Whirlwind","StuffTheSpire:RockThrow"],"picked":"Infernal Blade+1","floor":70.0},{"not_picked":["Rampage","Brutality","Clothesline"],"picked":"SKIP","floor":72.0},{"not_picked":["Rampage","StuffTheSpire:BloodClot+1"],"picked":"Armaments","floor":75},{"not_picked":["Dual Wield","Flex"],"picked":"Searing Blow","floor":82},{"not_picked":["Bludgeon","Immolate"],"picked":"Demon Form","floor":84},{"not_picked":["Pommel Strike+1","StuffTheSpire:BloodClot"],"picked":"Cleave+1","floor":86},{"not_picked":["Anger+1","StuffTheSpire:RockThrow"],"picked":"Sentinel+1","floor":87},{"not_picked":["Twin Strike","Heavy Blade"],"picked":"Body Slam+1","floor":90},{"not_picked":["Body Slam+1","Wild Strike+1"],"picked":"Limit Break","floor":95},{"not_picked":["Havoc+1","Flame Barrier"],"picked":"Intimidate+1","floor":97},{"not_picked":["Clash+1","Pommel Strike+1"],"picked":"Seeing Red+1","floor":99},{"not_picked":["Demon Form","Double Tap"],"picked":"Juggernaut","floor":101},{"not_picked":["Sword Boomerang","Shrug It Off","StuffTheSpire:RockThrow"],"picked":"SKIP","floor":103},{"not_picked":["Sword Boomerang","StuffTheSpire:Slingshot","Evolve"],"picked":"SKIP","floor":104},{"not_picked":["StuffTheSpire:RockThrow","Clash"],"picked":"Berserk","floor":105},{"not_picked":["StuffTheSpire:RagingBull","Clash"],"picked":"Pummel","floor":106},{"not_picked":["Thunderclap","Rampage"],"picked":"Clash","floor":108},{"not_picked":["Intimidate","StuffTheSpire:Pyroclast","Cleave"],"picked":"SKIP","floor":110},{"not_picked":["Flex","Intimidate","Pommel Strike"],"picked":"SKIP","floor":112},{"not_picked":["Flex","Combust"],"picked":"Iron Wave","floor":114},{"not_picked":["Bloodletting","Carnage"],"picked":"Headbutt","floor":116},{"not_picked":["Bludgeon","StuffTheSpire:TitanForm"],"picked":"Reaper","floor":118},{"not_picked":["StuffTheSpire:RockThrow","Cleave+1","Perfected Strike+1"],"picked":"SKIP","floor":120},{"not_picked":["Shrug It Off","Pommel Strike"],"picked":"StuffTheSpire:Incineration","floor":121},{"not_picked":["Twin Strike","Flex"],"picked":"Havoc","floor":124},{"not_picked":["Battle Trance","Flex"],"picked":"Fire Breathing","floor":126},{"not_picked":["Barricade","Clash+1"],"picked":"Spot Weakness+1","floor":127},{"not_picked":["Armaments","Anger"],"picked":"Dual Wield","floor":130},{"not_picked":["infinitespire:OneForAll","StuffTheSpire:RockThrow"],"picked":"Iron Wave","floor":132},{"not_picked":["Fire Breathing","Anger","Carnage+1"],"picked":"SKIP","floor":133},{"not_picked":["Berserk","Corruption"],"picked":"Immolate","floor":135},{"not_picked":["Cleave","Twin Strike"],"picked":"Sentinel+1","floor":137},{"not_picked":["Clash","Rage+1"],"picked":"Battle Trance","floor":139},{"not_picked":["True Grit","Shrug It Off+1"],"picked":"Cleave+1","floor":141},{"not_picked":["Iron Wave","Twin Strike"],"picked":"Feel No Pain+1","floor":143},{"not_picked":["Thunderclap+1","Body Slam"],"picked":"Havoc","floor":148},{"not_picked":["Flex","Fire Breathing+1"],"picked":"Feel No Pain+1","floor":149},{"not_picked":["Perfected Strike","StuffTheSpire:RockThrow"],"picked":"True Grit+1","floor":150},{"not_picked":["Fiend Fire","Corruption"],"picked":"Exhume","floor":152},{"not_picked":[],"picked":"Fiend Fire","floor":156},{"not_picked":[],"picked":"Brutality","floor":157}],"player_experience":1431029,"relics_obtained":[{"floor":6.0,"key":"Self Forming Clay"},{"floor":9.0,"key":"Gremlin Horn"},{"floor":24.0,"key":"Art of War"},{"floor":26.0,"key":"Blood Vial"},{"floor":31.0,"key":"Nunchaku"},{"floor":34.0,"key":"Bag of Marbles"},{"floor":39.0,"key":"FossilizedHelix"},{"floor":40.0,"key":"potionbrewer:SlideRule"},{"floor":43.0,"key":"potionbrewer:AlchemistFlask"},{"floor":44.0,"key":"PreservedInsect"},{"floor":46.0,"key":"HollowMod:PaleOreRelic"},{"floor":57.0,"key":"Ice Cream"},{"floor":59.0,"key":"The Courier"},{"floor":60.0,"key":"Toxic Egg 2"},{"floor":64.0,"key":"Art of War"},{"floor":77,"key":"MealTicket"},{"floor":85,"key":"Regal Pillow"},{"floor":85,"key":"StrikeDummy"},{"floor":85,"key":"WingedGreaves"},{"floor":90,"key":"Ginger"},{"floor":94,"key":"infinitespire:ShieldingShard"},{"floor":108,"key":"Anchor"},{"floor":111,"key":"StuffTheSpire:OldFever"},{"floor":112,"key":"White Beast Statue"},{"floor":123,"key":"Necronomicon"},{"floor":128,"key":"Smiling Mask"},{"floor":130,"key":"StuffTheSpire:CocoNut"},{"floor":143,"key":"potionbrewer:MortarAndPestle"},{"floor":145,"key":"Strawberry"},{"floor":150,"key":"Bag of Preparation"},{"floor":150,"key":"Mercury Hourglass"},{"floor":156,"key":"HollowMod:LifeEnderRelic"},{"floor":156,"key":"Pen Nib"}],"event_choices":[{"damage_healed":0.0,"max_hp_gain":0.0,"max_hp_loss":0.0,"gold_gain":275.0,"event_name":"Golden Shrine","player_choice":"Desecrate","floor":3.0,"gold_loss":0.0,"damage_taken":0.0,"cards_obtained":["Regret"]},{"damage_healed":0.0,"max_hp_gain":0.0,"max_hp_loss":0.0,"gold_gain":175.0,"event_name":"Liars Game","player_choice":"AGREE","floor":10.0,"gold_loss":0.0,"damage_taken":0.0,"cards_obtained":["Doubt"]},{"damage_healed":0.0,"max_hp_gain":0.0,"max_hp_loss":0.0,"gold_gain":0.0,"event_name":"Shining Light","player_choice":"Ignored","floor":11.0,"gold_loss":0.0,"damage_taken":0.0},{"damage_healed":0.0,"max_hp_gain":0.0,"max_hp_loss":0.0,"gold_gain":0.0,"event_name":"Vampires","player_choice":"Ignored","floor":20.0,"gold_loss":0.0,"damage_taken":0.0},{"damage_healed":0.0,"max_hp_gain":0.0,"max_hp_loss":0.0,"gold_gain":0.0,"event_name":"FaceTrader","player_choice":"Trade","floor":28.0,"gold_loss":0.0,"damage_taken":0.0,"relics_obtained":["SsserpentHead"]},{"cards_removed":["Iron Wave"],"damage_healed":0.0,"max_hp_gain":0.0,"max_hp_loss":0.0,"gold_gain":0.0,"event_name":"Falling","player_choice":"Removed Attack","floor":37.0,"gold_loss":0.0,"damage_taken":0.0},{"damage_healed":0.0,"max_hp_gain":0.0,"max_hp_loss":0.0,"gold_gain":0.0,"event_name":"MindBloom","player_choice":"Fight","floor":39.0,"gold_loss":0.0,"damage_taken":0.0},{"damage_healed":0.0,"max_hp_gain":0.0,"max_hp_loss":0.0,"gold_gain":175.0,"event_name":"Liars Game","player_choice":"AGREE","floor":54.0,"gold_loss":0.0,"damage_taken":0.0,"cards_obtained":["Doubt"]},{"damage_healed":0.0,"max_hp_gain":0.0,"max_hp_loss":0.0,"gold_gain":0.0,"event_name":"Scrap Ooze","player_choice":"Success","floor":56.0,"gold_loss":0.0,"damage_taken":7.0,"relics_obtained":["Shuriken"]},{"damage_healed":0,"gold_gain":0,"player_choice":"Stole Relic","damage_taken":0,"relics_obtained":["StuffTheSpire:ForceGauntlet"],"max_hp_gain":0,"max_hp_loss":0,"event_name":"Addict","floor":78,"gold_loss":0,"cards_obtained":["Shame"]},{"damage_healed":0,"gold_gain":0,"player_choice":"Ignored","damage_taken":0,"max_hp_gain":0,"max_hp_loss":0,"event_name":"Beggar","floor":79,"gold_loss":0},{"cards_removed":["Shame"],"damage_healed":0,"gold_gain":0,"player_choice":"Elegance","damage_taken":0,"max_hp_gain":0,"max_hp_loss":0,"event_name":"Back to Basics","floor":80,"gold_loss":0},{"cards_removed":["Iron Wave"],"damage_healed":0,"gold_gain":0,"player_choice":"Removed Attack","damage_taken":0,"max_hp_gain":0,"max_hp_loss":0,"event_name":"Falling","floor":88,"gold_loss":0},{"damage_healed":0,"gold_gain":0,"player_choice":"Fight","damage_taken":0,"max_hp_gain":0,"max_hp_loss":0,"event_name":"Mysterious Sphere","floor":90,"gold_loss":0},{"damage_healed":0,"gold_gain":0,"player_choice":"Ignored","damage_taken":0,"max_hp_gain":0,"max_hp_loss":0,"event_name":"SecretPortal","floor":92,"gold_loss":0},{"damage_healed":0,"gold_gain":0,"player_choice":"Searched \u00272\u0027 times","damage_taken":0,"relics_obtained":["Turnip"],"max_hp_gain":0,"max_hp_loss":0,"event_name":"Dead Adventurer","floor":106,"gold_loss":0},{"cards_removed":["infinitespire:Collect"],"damage_healed":0,"gold_gain":0,"player_choice":"Took Card","damage_taken":0,"max_hp_gain":0,"max_hp_loss":0,"event_name":"NoteForYourself","floor":107,"gold_loss":0,"cards_obtained":["infinitespire:UltimateForm"]},{"damage_healed":0,"gold_gain":75,"player_choice":"Gather Gold","damage_taken":11,"max_hp_gain":0,"max_hp_loss":0,"event_name":"World of Goop","floor":113,"gold_loss":0},{"damage_healed":0,"gold_gain":0,"player_choice":"Entered Light","damage_taken":18,"max_hp_gain":0,"max_hp_loss":0,"event_name":"Shining Light","floor":115,"gold_loss":0,"cards_upgraded":["Demon Form","Armaments"]},{"damage_healed":0,"gold_gain":0,"player_choice":"Obtained Book","damage_taken":16,"max_hp_gain":0,"max_hp_loss":0,"event_name":"Cursed Tome","floor":123,"gold_loss":0},{"damage_healed":0,"gold_gain":0,"player_choice":"1 cards matched","damage_taken":0,"max_hp_gain":0,"max_hp_loss":0,"event_name":"Match and Keep!","floor":131,"gold_loss":0,"cards_obtained":["StuffTheSpire:TitanForm"]},{"damage_healed":0,"gold_gain":0,"cards_transformed":["Searing Blow"],"player_choice":"Transformed","damage_taken":0,"max_hp_gain":0,"max_hp_loss":0,"event_name":"Transmorgrifier","floor":147,"gold_loss":0,"cards_obtained":["Fiend Fire"]}],"is_beta":false,"boss_relics":[{"not_picked":["Runic Pyramid","Sozu"],"picked":"SlaversCollar"},{"not_picked":["StuffTheSpire:RunicConfusion","Fusion Hammer"],"picked":"Calling Bell"},{"not_picked":["Empty Cage","Black Star"],"picked":"Mark of Pain"},{"not_picked":["Pandora\u0027s Box","Tiny House"],"picked":"infinitespire:Burning Sword"},{"not_picked":["Runic Cube","Astrolabe"],"picked":"Calling Bell"},{"not_picked":["Runic Dome","Snecko Eye"],"picked":"StuffTheSpire:RunicHypercube"},{"not_picked":["Pandora\u0027s Box","Sozu"],"picked":"potionbrewer:BhaskarasWheel"},{"not_picked":["StuffTheSpire:RunicConfusion","Velvet Choker"],"picked":"Runic Dome"},{"not_picked":["StuffTheSpire:Kangaroo","Astrolabe"],"picked":"Busted Crown"}],"items_purged_floors":[12,12,45,45,58,109],"is_endless":true,"potions_floor_spawned":[4,6,7,8,24,29,33,42,44,46,50,52,55,63,64,65,69,70,75,84,90,99,101,104,106,108,112,114,116,118,120,121,124,126,127,130,132,133,135,137,139,141,143,148,149,150,152,156,157],"ascension_level":0}}