{"host":"mvhzznpw3ffw85pv","time":1614421007,"event":{"mods":["AchievementEnabler","BaseMod","Bestiary","Block Reminder","Colored Map","Highlight Path","Minty Spire (QoL Compilation)","Relic Stats"],"gold_per_floor":[110,110,128,139,151,177,177,194,194,194,194,194,221,238,238,312,312,312,86,86,86,86,86,86,86,86,86,86,86,86,86,86,86,86,86,86,14,14,14,14,14,14,14,14,14,14,14,14,14,14,14],"floor_reached":50,"language":"ENG","playtime":3517,"items_purged":["Strike_P"],"score":878,"play_id":"af635fae-0d6b-47e4-8c90-55c48bc0ba22","local_time":"20210227051647","is_ascension_mode":true,"campfire_choices":[{"floor":7,"key":"REST"},{"floor":12,"key":"REST"},{"data":"Eruption","floor":15,"key":"SMITH"},{"floor":24,"key":"REST"},{"floor":29,"key":"REST"},{"floor":32,"key":"REST"},{"data":"MentalFortress","floor":40,"key":"SMITH"},{"data":"MentalFortress","floor":42,"key":"SMITH"},{"data":"EmptyBody","floor":46,"key":"SMITH"},{"data":"EmptyBody","floor":49,"key":"SMITH"}],"circlet_count":0,"master_deck":["AscendersBane","Strike_P","Strike_P","Strike_P","Defend_P","Defend_P","Defend_P","Eruption+1","Vigilance","Adaptation+1","Meditate","FlurryOfBlows+1","ThirdEye","CutThroughFate","ConjureBlade","MentalFortress+1","InnerPeace","EmptyBody+1","EmptyBody+1","Collect","InnerPeace","MentalFortress+1","Dark Shackles","Doubt"],"relics":["PureWater","Vajra","Kunai","Lantern","Ectoplasm","Chemical X","FaceOfCleric","Shuriken","Smiling Mask","Cursed Key","Prayer Wheel"],"acts_visited":["Exordium","TheCity","TheBeyond"],"potions_floor_usage":[5,6,16,23,27,33,35,47,50],"damage_taken":[{"damage":2,"enemies":"Jaw Worm","floor":1,"turns":6},{"damage":0,"enemies":"Small Slimes","floor":3,"turns":3},{"damage":11,"enemies":"Cultist","floor":4,"turns":4},{"damage":23,"enemies":"Exordium Thugs","floor":5,"turns":4},{"damage":16,"enemies":"Gremlin Nob","floor":6,"turns":3},{"damage":0,"enemies":"Large Slime","floor":8,"turns":3},{"damage":11,"enemies":"Lagavulin","floor":13,"turns":7},{"damage":0,"enemies":"3 Louse","floor":14,"turns":1},{"damage":12,"enemies":"The Guardian","floor":16,"turns":14},{"damage":0,"enemies":"Spheric Guardian","floor":18,"turns":2},{"damage":17,"enemies":"3 Byrds","floor":20,"turns":4},{"damage":32,"enemies":"Snake Plant","floor":21,"turns":4},{"damage":8,"enemies":"Centurion and Healer","floor":23,"turns":4},{"damage":12,"enemies":"Book of Stabbing","floor":25,"turns":4},{"damage":0,"enemies":"Sentry and Sphere","floor":27,"turns":3},{"damage":10,"enemies":"3 Cultists","floor":28,"turns":4},{"damage":26,"enemies":"Automaton","floor":33,"turns":7},{"damage":5,"enemies":"Orb Walker","floor":35,"turns":3},{"damage":26,"enemies":"3 Darklings","floor":36,"turns":4},{"damage":2,"enemies":"Giant Head","floor":41,"turns":7},{"damage":5,"enemies":"Writhing Mass","floor":44,"turns":5},{"damage":22,"enemies":"Jaw Worm Horde","floor":47,"turns":4},{"damage":107,"enemies":"Time Eater","floor":50,"turns":7}],"seed_played":"-946103753181036686","potions_obtained":[{"floor":4,"key":"Fire Potion"},{"floor":5,"key":"DistilledChaos"},{"floor":8,"key":"Swift Potion"},{"floor":13,"key":"DistilledChaos"},{"floor":23,"key":"Strength Potion"},{"floor":25,"key":"ColorlessPotion"},{"floor":27,"key":"PowerPotion"},{"floor":33,"key":"Fruit Juice"},{"floor":35,"key":"GamblersBrew"}],"is_trial":false,"path_per_floor":["M","?","M","M","M","E","R","M","T","?","?","R","E","M","R","B",null,"M","$","M","M","?","M","R","E","T","M","M","R","?","?","R","B",null,"M","M","$","?","?","R","E","R","T","M","?","R","M","?","R","B"],"character_chosen":"WATCHER","items_purchased":["Chemical X","MentalFortress"],"campfire_rested":5,"item_purchase_floors":[19,37],"current_hp_per_floor":[65,58,58,47,24,8,30,30,30,30,15,37,26,26,26,14,59,59,59,42,10,10,3,25,14,14,15,6,29,29,29,52,27,66,67,42,42,42,42,42,41,41,41,37,37,37,16,89,89,0,0],"gold":14,"neow_bonus":"TEN_PERCENT_HP_BONUS","is_daily":false,"chose_seed":false,"campfire_upgraded":5,"win_rate":0.0,"timestamp":1614421007,"path_taken":["M","?","M","M","M","E","R","M","T","?","?","R","E","?","R","BOSS","M","$","M","M","?","M","R","E","T","M","?","R","?","?","R","BOSS","M","M","$","?","?","R","E","R","T","?","?","R","M","?","R","BOSS"],"items_purchased_type":["Relic","Card"],"build_version":"2020-12-22","purchased_purges":1,"victory":false,"max_hp_per_floor":[74,74,74,74,74,74,74,74,74,74,74,74,74,74,74,74,74,74,74,74,74,74,75,75,76,76,77,78,78,78,78,78,79,79,85,86,86,86,86,86,87,87,87,88,88,88,89,89,89,89,89],"relic_stats":{"FaceOfCleric":10,"counters":[23,107],"Shuriken":[23],"Prayer Wheel":2,"Ectoplasm":303,"Kunai":[40],"Chemical X":[20],"Smiling Mask":0,"Cursed Key":0,"obtain_stats":[{"Lantern":13,"FaceOfCleric":22,"Shuriken":25,"Vajra":6,"Prayer Wheel":41,"Ectoplasm":17,"Kunai":9,"Chemical X":19,"PureWater":0,"Smiling Mask":26,"Cursed Key":34},{"Lantern":7,"FaceOfCleric":12,"Shuriken":14,"Vajra":5,"Prayer Wheel":20,"Ectoplasm":9,"Kunai":6,"Chemical X":10,"PureWater":0,"Smiling Mask":14,"Cursed Key":17},{"Lantern":30,"FaceOfCleric":55,"Shuriken":63,"Vajra":20,"Prayer Wheel":91,"Ectoplasm":45,"Kunai":23,"Chemical X":47,"PureWater":0,"Smiling Mask":63,"Cursed Key":77}]},"card_choices":[{"not_picked":["FollowUp","CrushJoints"],"picked":"Adaptation","floor":1},{"not_picked":["Fasting2","Adaptation"],"picked":"Meditate","floor":3},{"not_picked":["ReachHeaven","ClearTheMind"],"picked":"FlurryOfBlows","floor":4},{"not_picked":["CrushJoints","FollowUp","Vault"],"picked":"SKIP","floor":5},{"not_picked":["Vengeance","WaveOfTheHand"],"picked":"ThirdEye","floor":6},{"not_picked":["Prostrate","WaveOfTheHand"],"picked":"CutThroughFate","floor":8},{"not_picked":["Sanctity","SandsOfTime","Collect"],"picked":"SKIP","floor":13},{"not_picked":["Swivel","Fasting2","WreathOfFlame"],"picked":"SKIP","floor":14},{"not_picked":["SpiritShield","MasterReality"],"picked":"ConjureBlade","floor":16},{"not_picked":["EmptyBody","Prostrate"],"picked":"MentalFortress","floor":18},{"not_picked":["FlyingSleeves","BowlingBash"],"picked":"InnerPeace","floor":20},{"not_picked":["CutThroughFate","Tantrum","ThirdEye"],"picked":"SKIP","floor":21},{"not_picked":["FollowUp","TalkToTheHand"],"picked":"EmptyBody","floor":23},{"not_picked":["Weave","EmptyMind"],"picked":"EmptyBody","floor":25},{"not_picked":["JustLucky","ThirdEye"],"picked":"Collect","floor":27},{"not_picked":["Study","Consecrate","DeusExMachina"],"picked":"SKIP","floor":28},{"not_picked":["FlyingSleeves","Consecrate","BowlingBash"],"picked":"SKIP","floor":35},{"not_picked":["Protect+1","Pray"],"picked":"InnerPeace","floor":36},{"not_picked":["CrushJoints+1","Swivel","Perseverance+1"],"picked":"SKIP","floor":41},{"not_picked":["PathToVictory+1","WheelKick","CutThroughFate"],"picked":"SKIP","floor":44},{"not_picked":["FollowUp","Adaptation","ForeignInfluence+1"],"picked":"SKIP","floor":44},{"not_picked":["Sadistic Nature","The Bomb"],"picked":"Dark Shackles","floor":45},{"not_picked":["CrushJoints","WreathOfFlame","ClearTheMind"],"picked":"SKIP","floor":47},{"not_picked":["Protect","Wireheading+1","Consecrate"],"picked":"SKIP","floor":47}],"player_experience":688948,"relics_obtained":[{"floor":6,"key":"Vajra"},{"floor":9,"key":"Kunai"},{"floor":13,"key":"Lantern"},{"floor":25,"key":"Shuriken"},{"floor":26,"key":"Smiling Mask"},{"floor":41,"key":"Prayer Wheel"}],"event_choices":[{"cards_removed":["Defend_P"],"damage_healed":0,"gold_gain":0,"player_choice":"Card Removal","damage_taken":7,"max_hp_gain":0,"max_hp_loss":0,"event_name":"Golden Wing","floor":2,"gold_loss":0},{"damage_healed":0,"gold_gain":0,"player_choice":"Ignored","damage_taken":0,"max_hp_gain":0,"max_hp_loss":0,"event_name":"Liars Game","floor":10,"gold_loss":0},{"damage_healed":0,"gold_gain":0,"player_choice":"Entered Light","damage_taken":15,"max_hp_gain":0,"max_hp_loss":0,"event_name":"Shining Light","floor":11,"gold_loss":0,"cards_upgraded":["Adaptation","FlurryOfBlows"]},{"damage_healed":0,"gold_gain":0,"player_choice":"Trade","damage_taken":0,"relics_obtained":["FaceOfCleric"],"max_hp_gain":0,"max_hp_loss":0,"event_name":"FaceTrader","floor":22,"gold_loss":0},{"damage_healed":0,"gold_gain":0,"player_choice":"Ignored","damage_taken":0,"max_hp_gain":0,"max_hp_loss":0,"event_name":"Beggar","floor":30,"gold_loss":0},{"damage_healed":0,"gold_gain":0,"player_choice":"Ignored","damage_taken":0,"max_hp_gain":0,"max_hp_loss":0,"event_name":"Vampires","floor":31,"gold_loss":0},{"damage_healed":0,"gold_gain":0,"player_choice":"Ignored","damage_taken":0,"max_hp_gain":0,"max_hp_loss":0,"event_name":"Mysterious Sphere","floor":38,"gold_loss":0},{"damage_healed":0,"gold_gain":0,"player_choice":"Ignored","damage_taken":0,"max_hp_gain":0,"max_hp_loss":0,"event_name":"SecretPortal","floor":39,"gold_loss":0},{"damage_healed":0,"gold_gain":0,"player_choice":"Memory 1","damage_taken":0,"max_hp_gain":0,"max_hp_loss":0,"event_name":"SensoryStone","floor":45,"gold_loss":0},{"damage_healed":73,"gold_gain":0,"player_choice":"Heal","damage_taken":0,"max_hp_gain":0,"max_hp_loss":0,"event_name":"MindBloom","floor":48,"gold_loss":0,"cards_obtained":["Doubt"]}],"is_beta":false,"boss_relics":[{"not_picked":["SlaversCollar","Velvet Choker"],"picked":"Ectoplasm"},{"not_picked":["Calling Bell","SacredBark"],"picked":"Cursed Key"}],"items_purged_floors":[19],"is_endless":false,"potions_floor_spawned":[4,5,8,13,23,25,27,33,35,36,44],"killed_by":"Time Eater","ascension_level":14}}