{"host":"pboyrhtqteqd23la","time":1614453055,"event":{"mods":["Act Like it!","Aspiration","BaseMod","Bestiary","Better Third Choice","Conspire","Energized Spire","Minty Spire (QoL Compilation)","Relic Stats","Reliquary","Shop Mod","StSLib","The Cursed","The Runesmith"],"gold_per_floor":[113,113,113,132,150,184,184,225,252,270,270,293,318,334,334,457,457,475,489,525,300,313,349,367,400,400,440,124,160,160,160,160,281,281,306,57,71,134,467,467,485,504,527,559,559,559,593,593,593,593],"floor_reached":51,"language":"ENG","playtime":4507,"items_purged":["Injury","Injury"],"score":912,"play_id":"f5e9c203-fab5-43b3-a67d-3bdb4ad093d7","local_time":"20210227121055","is_ascension_mode":true,"campfire_choices":[{"floor":7,"key":"REST"},{"floor":11,"key":"REST"},{"floor":15,"key":"REST"},{"data":"1","floor":32,"key":"LIFT"},{"data":"Runesmith:MetallurgicalResearch","floor":40,"key":"SMITH"},{"data":"2","floor":49,"key":"LIFT"}],"circlet_count":0,"master_deck":["Runesmith:Strike_RS","Runesmith:Strike_RS","Runesmith:Strike_RS","Runesmith:Strike_RS","Runesmith:Defend_RS","Runesmith:Defend_RS","Runesmith:Defend_RS","Runesmith:Defend_RS","Runesmith:CraftFirestone","Runesmith:Fortify","Runesmith:CraftVitae","Runesmith:ChiselStab","Runesmith:BackupBattery","Runesmith:Firewall","Runesmith:Grindstone","Runesmith:CraftProtectio","Runesmith:CraftPrismatica","Runesmith:MetallurgicalResearch+1","Runesmith:OneForEveryone","Runesmith:CreatorForm+1","Seeing Red","Bloodletting+1","Runesmith:WhiteBalance+1","Runesmith:FieryHammer+1","Runesmith:CraftIncendium","Runesmith:FieryHammer+1","Burning Pact","Runesmith:PerfectChisel","Runesmith:PoweredAnvil+1","Runesmith:CraftSpiculum","Runesmith:CraftPrismatica","Runesmith:Repurpose+1","Rupture+1","Runesmith:Augment+1","Runesmith:ChaoticBlast+1"],"relics":["Runesmith:BrokenRuby","aspiration:AnachronicSnailShell","Frozen Egg 2","Lantern","White Beast Statue","Runesmith:EmergencyProvisions","aspiration:IroncladSkillbook","Bottled Tornado","reliquary:BrokenClock","reliquary:TridentHead","reliquary:WeakTea","Question Card","Centennial Puzzle","Lee\u0027s Waffle","Girya","MutagenicStrength","aspiration:RunicSpoon","Juzu Bracelet","Torii","Akabeko","Pantograph","Art of War"],"acts_visited":["Exordium","TheCity","TheBeyond"],"potions_floor_usage":[5,12,18,23,24,24,25,27,27,29,29,29,35,35,35,36,44,48,50,50],"damage_taken":[{"damage":1,"enemies":"Jaw Worm","floor":1,"turns":5},{"damage":0,"enemies":"conspire:RoseBush","floor":4,"turns":3},{"damage":0,"enemies":"2 Louse","floor":5,"turns":1},{"damage":22,"enemies":"Lagavulin","floor":6,"turns":9},{"damage":25,"enemies":"Gremlin Nob","floor":8,"turns":6},{"damage":0,"enemies":"Blue Slaver","floor":10,"turns":6},{"damage":0,"enemies":"3 Louse","floor":12,"turns":4},{"damage":3,"enemies":"2 Fungi Beasts","floor":13,"turns":4},{"damage":3,"enemies":"Exordium Wildlife","floor":14,"turns":5},{"damage":2,"enemies":"Hexaghost","floor":16,"turns":10},{"damage":16,"enemies":"Spheric Guardian","floor":18,"turns":5},{"damage":6,"enemies":"Chosen","floor":19,"turns":7},{"damage":25,"enemies":"conspire:MimicChest","floor":20,"turns":9},{"damage":15,"enemies":"Snake Plant","floor":22,"turns":6},{"damage":0,"enemies":"conspire:SneckoGhost","floor":23,"turns":2},{"damage":3,"enemies":"Sentry and Sphere","floor":24,"turns":2},{"damage":1,"enemies":"conspire:Head Lice","floor":25,"turns":6},{"damage":27,"enemies":"Slavers","floor":27,"turns":5},{"damage":8,"enemies":"Book of Stabbing","floor":29,"turns":7},{"damage":8,"enemies":"Automaton","floor":33,"turns":6},{"damage":9,"enemies":"3 Darklings","floor":35,"turns":5},{"damage":8,"enemies":"3 Shapes","floor":37,"turns":3},{"damage":22,"enemies":"Mind Bloom Boss Battle","floor":38,"turns":6},{"damage":3,"enemies":"Writhing Mass","floor":41,"turns":1},{"damage":0,"enemies":"Jaw Worm Horde","floor":42,"turns":1},{"damage":13,"enemies":"Reptomancer","floor":44,"turns":5},{"damage":4,"enemies":"Giant Head","floor":47,"turns":6},{"damage":0,"enemies":"Maw","floor":48,"turns":1},{"damage":62,"enemies":"Donu and Deca","floor":50,"turns":6}],"seed_played":"-5360653019556579491","potions_obtained":[{"floor":4,"key":"Explosive Potion"},{"floor":5,"key":"Block Potion"},{"floor":8,"key":"Dexterity Potion"},{"floor":10,"key":"EssenceOfSteel"},{"floor":12,"key":"SteroidPotion"},{"floor":18,"key":"Strength Potion"},{"floor":23,"key":"Swift Potion"},{"floor":24,"key":"DuplicationPotion"},{"floor":25,"key":"GamblersBrew"},{"floor":27,"key":"EntropicBrew"},{"floor":29,"key":"LiquidBronze"},{"floor":33,"key":"LiquidBronze"},{"floor":35,"key":"Fruit Juice"},{"floor":37,"key":"Fire Potion"},{"floor":38,"key":"Ancient Potion"},{"floor":44,"key":"SmokeBomb"}],"is_trial":false,"path_per_floor":["M","?","?","M","M","E","R","E","T","M","R","M","M","M","R","B",null,"M","M","?","$","M","E","M","E","T","E","$","E","?","?","R","B",null,"M","$","M","?","?","R","M","M","T","E","?","?","E","M","R","B",null],"character_chosen":"RUNESMITH_CLASS","items_purchased":["reliquary:BrokenClock","Lee\u0027s Waffle","Runesmith:PoweredAnvil+1","Juzu Bracelet","Fruit Juice"],"campfire_rested":3,"item_purchase_floors":[21,28,28,36,36],"current_hp_per_floor":[48,48,48,48,48,26,47,22,22,22,43,43,40,37,58,56,70,58,56,35,35,24,28,29,32,32,9,77,73,73,73,73,69,77,77,82,78,60,60,60,61,65,65,56,56,56,56,60,60,27],"gold":593,"neow_bonus":"ONE_RARE_RELIC","is_daily":false,"chose_seed":false,"campfire_upgraded":1,"win_rate":0.0,"timestamp":1614453055,"path_taken":["M","?","?","M","M","E","R","E","T","M","R","M","M","M","R","BOSS","M","M","?","$","M","E","M","E","T","E","$","E","?","?","R","BOSS","M","$","M","?","?","R","M","M","T","E","?","?","E","M","R","BOSS"],"items_purchased_type":["Relic","Relic","Card","Relic","Potion"],"build_version":"2020-12-22","purchased_purges":2,"victory":true,"max_hp_per_floor":[70,70,70,70,70,70,70,70,70,70,70,70,70,70,70,70,70,70,70,70,70,70,70,70,70,70,70,77,77,77,77,77,77,77,82,87,87,87,87,87,87,87,87,87,87,87,87,87,87,87],"relic_stats":{"Centennial Puzzle":[27],"Lee\u0027s Waffle":68,"Torii":4,"counters":[29,142],"aspiration:RunicSpoon":[50],"Pantograph":25,"Juzu Bracelet":0,"Art of War":[1],"Question Card":10,"obtain_stats":[{"Girya":29,"Runesmith:BrokenRuby":0,"Lantern":6,"Lee\u0027s Waffle":28,"Torii":38,"Golden Idol":2,"aspiration:RunicSpoon":34,"Juzu Bracelet":36,"reliquary:WeakTea":25,"Frozen Egg 2":3,"Runesmith:EmergencyProvisions":9,"Bottled Tornado":20,"Question Card":26,"White Beast Statue":8,"aspiration:IroncladSkillbook":17,"Akabeko":43,"reliquary:TridentHead":23,"Centennial Puzzle":27,"aspiration:AnachronicSnailShell":0,"MutagenicStrength":31,"Pantograph":44,"reliquary:BrokenClock":21,"Art of War":47},{"Girya":19,"Runesmith:BrokenRuby":0,"Lantern":4,"Lee\u0027s Waffle":18,"Torii":23,"Golden Idol":1,"aspiration:RunicSpoon":20,"Juzu Bracelet":21,"reliquary:WeakTea":17,"Frozen Egg 2":1,"Runesmith:EmergencyProvisions":5,"Bottled Tornado":13,"Question Card":17,"White Beast Statue":5,"aspiration:IroncladSkillbook":10,"Akabeko":25,"reliquary:TridentHead":15,"Centennial Puzzle":18,"aspiration:AnachronicSnailShell":0,"MutagenicStrength":19,"Pantograph":26,"reliquary:BrokenClock":13,"Art of War":27},{"Girya":102,"Runesmith:BrokenRuby":0,"Lantern":18,"Lee\u0027s Waffle":95,"Torii":122,"Golden Idol":5,"aspiration:RunicSpoon":108,"Juzu Bracelet":113,"reliquary:WeakTea":90,"Frozen Egg 2":5,"Runesmith:EmergencyProvisions":24,"Bottled Tornado":74,"Question Card":90,"White Beast Statue":24,"aspiration:IroncladSkillbook":53,"Akabeko":124,"reliquary:TridentHead":82,"Centennial Puzzle":95,"aspiration:AnachronicSnailShell":0,"MutagenicStrength":102,"Pantograph":129,"reliquary:BrokenClock":74,"Art of War":135}]},"card_choices":[{"not_picked":["Runesmith:HeatedChisel","Runesmith:Accelerate"],"picked":"Runesmith:CraftVitae","floor":1},{"not_picked":["Runesmith:ShiftingStrike","Runesmith:LastStand"],"picked":"Runesmith:ChiselStab","floor":4},{"not_picked":["Runesmith:MakeshiftArmor","Runesmith:UnstableHammer"],"picked":"Runesmith:BackupBattery","floor":5},{"not_picked":["Runesmith:Superposition","Runesmith:ChargedHammer"],"picked":"Runesmith:Firewall","floor":6},{"not_picked":["Runesmith:HeatExchange","Runesmith:ChiselStab"],"picked":"Runesmith:Grindstone","floor":8},{"not_picked":["Runesmith:EarthShield","Runesmith:BackupBattery"],"picked":"Runesmith:CraftProtectio","floor":10},{"not_picked":["Runesmith:MakeshiftArmor","Runesmith:BackupBattery"],"picked":"Runesmith:CraftPrismatica","floor":12},{"not_picked":["Runesmith:FieryHammer","Runesmith:StaticCage"],"picked":"Runesmith:MetallurgicalResearch","floor":13},{"not_picked":["Runesmith:HeatExchange","Runesmith:Accelerate"],"picked":"Runesmith:OneForEveryone","floor":14},{"not_picked":["Runesmith:LastStand","Runesmith:GrandSlam"],"picked":"Runesmith:CreatorForm+1","floor":16},{"not_picked":["Runesmith:Firewall","Clothesline","Headbutt"],"picked":"Seeing Red","floor":18},{"not_picked":["Heavy Blade","Runesmith:Malloc","Clothesline"],"picked":"Bloodletting+1","floor":19},{"not_picked":["Runesmith:Prism","Runesmith:ChiselStab+1","Runesmith:FrozenChisel"],"picked":"Runesmith:WhiteBalance+1","floor":20},{"not_picked":["conspire:Charge","Thunderclap","Runesmith:EarthShield"],"picked":"Runesmith:FieryHammer+1","floor":22},{"not_picked":["Runesmith:Accelerate","Clash","Brutality+1"],"picked":"Runesmith:CraftIncendium","floor":23},{"not_picked":["Runesmith:Overpower","Cleave+1","Pommel Strike"],"picked":"Runesmith:FieryHammer+1","floor":24},{"not_picked":["Thunderclap","Clothesline+1","Runesmith:CraftMagma"],"picked":"Burning Pact","floor":25},{"not_picked":["Runesmith:FieryHammer","Runesmith:ArcReactor+1","Runesmith:Augment+1","Shrug It Off"],"picked":"Runesmith:PerfectChisel","floor":27},{"not_picked":["Bludgeon","Fire Breathing+1","Power Through","Runesmith:HammerThrow"],"picked":"Runesmith:CraftSpiculum","floor":29},{"not_picked":["Bludgeon","Runesmith:CraftMedicinae","conspire:HitWhereItHurts","Juggernaut+1"],"picked":"Runesmith:CraftPrismatica","floor":33},{"not_picked":["Flex+1","Uppercut+1","Runesmith:EnergizedChisel","Runesmith:HammerThrow+1","Thunderclap"],"picked":"SKIP","floor":35},{"not_picked":["Clash+1","Runesmith:ChiselStab","Runesmith:CraftMagma+1","Iron Wave+1"],"picked":"Runesmith:Repurpose+1","floor":37},{"not_picked":["Runesmith:RuneHurl","Headbutt","Runesmith:CraftProtectio+1","Flex+1"],"picked":"Rupture+1","floor":38},{"not_picked":["Sentinel+1","Havoc","Rage","Runesmith:Grindstone+1","Cleave"],"picked":"SKIP","floor":41},{"not_picked":["Runesmith:MetallurgicalResearch","Runesmith:MakeshiftArmor","Perfected Strike","Runesmith:Grindstone","Runesmith:PerfectChisel"],"picked":"SKIP","floor":42},{"not_picked":["Perfected Strike+1","Runesmith:Accelerate","Thunderclap+1","Runesmith:UnstableHammer+1"],"picked":"Runesmith:Augment+1","floor":44},{"not_picked":["Runesmith:LightningRod","Anger","Runesmith:Grindstone","Runesmith:Repurpose"],"picked":"Runesmith:ChaoticBlast+1","floor":47}],"player_experience":682316,"relics_obtained":[{"floor":6,"key":"Lantern"},{"floor":8,"key":"White Beast Statue"},{"floor":9,"key":"Runesmith:EmergencyProvisions"},{"floor":20,"key":"Bottled Tornado"},{"floor":23,"key":"reliquary:TridentHead"},{"floor":25,"key":"reliquary:WeakTea"},{"floor":26,"key":"Question Card"},{"floor":27,"key":"Centennial Puzzle"},{"floor":29,"key":"Girya"},{"floor":38,"key":"Torii"},{"floor":43,"key":"Akabeko"},{"floor":44,"key":"Pantograph"},{"floor":47,"key":"Art of War"}],"event_choices":[{"damage_healed":0,"gold_gain":0,"player_choice":"Take Wound","damage_taken":0,"relics_obtained":["Golden Idol"],"max_hp_gain":0,"max_hp_loss":0,"event_name":"Golden Idol","floor":2,"gold_loss":0,"cards_obtained":["Injury"]},{"damage_healed":0,"gold_gain":0,"player_choice":"Ignored","damage_taken":0,"max_hp_gain":0,"max_hp_loss":0,"event_name":"Ghosts","floor":30,"gold_loss":0},{"damage_healed":0,"gold_gain":0,"player_choice":"Inject Mutagens","damage_taken":0,"relics_obtained":["MutagenicStrength"],"max_hp_gain":0,"max_hp_loss":0,"event_name":"Drug Dealer","floor":31,"gold_loss":0},{"damage_healed":0,"gold_gain":0,"player_choice":"Fight","damage_taken":0,"max_hp_gain":0,"max_hp_loss":0,"event_name":"MindBloom","floor":38,"gold_loss":0},{"damage_healed":0,"gold_gain":333,"player_choice":"Gave Idol","damage_taken":0,"max_hp_gain":0,"max_hp_loss":0,"event_name":"The Moai Head","floor":39,"relics_lost":["Golden Idol"],"gold_loss":0},{"damage_healed":0,"gold_gain":0,"player_choice":"Ignored","damage_taken":0,"max_hp_gain":0,"max_hp_loss":0,"event_name":"Tomb of Lord Red Mask","floor":45,"gold_loss":0},{"damage_healed":0,"gold_gain":0,"player_choice":"Leave","damage_taken":0,"max_hp_gain":0,"max_hp_loss":0,"event_name":"conspire:Investor","floor":46,"gold_loss":0}],"is_beta":false,"boss_relics":[{"not_picked":["energizedSpire:StickyHand","Empty Cage"],"picked":"aspiration:IroncladSkillbook"},{"not_picked":["energizedSpire:MagnifyingGlass","reliquary:Ember"],"picked":"aspiration:RunicSpoon"}],"items_purged_floors":[21,28],"is_endless":false,"potions_floor_spawned":[4,5,8,10,12,13,14,16,18,19,20,22,23,24,25,27,29,33,35,37,38,41,42,44,47,48],"ascension_level":1}}