{"host":"hahe3lxotqh08ugn","time":1614389205,"event":{"mods":["AchievementEnabler","BaseMod","Googly Eyes","Hermit","Minty Spire (QoL Compilation)","Quick Restart","StSLib","The Cursed","The Hierophant"],"gold_per_floor":[116,17,17,37,55,55,82,82,82,82,101,101,101,121,121,216,216,234,254,18,18,18],"floor_reached":21,"language":"ENG","playtime":1019,"items_purged":["Strike_G","Strike_G"],"score":242,"play_id":"ed24e9a0-52b9-470a-9575-ceb8550d1880","local_time":"20210226202645","is_ascension_mode":true,"campfire_choices":[{"floor":6,"key":"REST"},{"floor":8,"key":"REST"},{"data":"Survivor","floor":10,"key":"SMITH"},{"floor":13,"key":"REST"},{"data":"Caltrops","floor":15,"key":"SMITH"}],"circlet_count":0,"master_deck":["Strike_G","Strike_G","Defend_G","Defend_G","Defend_G","Defend_G","Defend_G","Survivor+1","Neutralize+1","Deadly Poison","Backflip","PiercingWail","Caltrops+1","Well Laid Plans","Quick Slash","Envenom","Quick Slash+1","Bane","Escape Plan","Caltrops"],"relics":["Ring of the Snake","Mango","Mummified Hand","HoveringKite"],"acts_visited":["Exordium","TheCity"],"potions_floor_usage":[7,19,21],"damage_taken":[{"damage":0,"enemies":"Cultist","floor":1,"turns":3},{"damage":4,"enemies":"Small Slimes","floor":4,"turns":4},{"damage":1,"enemies":"2 Louse","floor":5,"turns":3},{"damage":27,"enemies":"Gremlin Nob","floor":7,"turns":5},{"damage":7,"enemies":"Exordium Wildlife","floor":11,"turns":5},{"damage":3,"enemies":"Red Slaver","floor":14,"turns":5},{"damage":24,"enemies":"The Guardian","floor":16,"turns":15},{"damage":13,"enemies":"3 Byrds","floor":18,"turns":2},{"damage":22,"enemies":"2 Thieves","floor":19,"turns":5},{"damage":42,"enemies":"Sentry and Sphere","floor":21,"turns":6}],"seed_played":"-2243070906770040433","potions_obtained":[{"floor":4,"key":"Explosive Potion"},{"floor":11,"key":"Weak Potion"},{"floor":14,"key":"GamblersBrew"}],"is_trial":false,"path_per_floor":["M","$","?","M","M","R","E","R","T","R","M","?","R","M","R","B",null,"M","M","$","M"],"character_chosen":"THE_SILENT","items_purchased":["Backflip","Escape Plan","Caltrops"],"campfire_rested":3,"item_purchase_floors":[2,20,20],"current_hp_per_floor":[63,63,63,59,58,70,57,82,82,82,75,68,84,81,81,57,77,64,42,42,0,0],"gold":18,"neow_bonus":"THREE_CARDS","is_daily":false,"chose_seed":false,"campfire_upgraded":2,"win_rate":0.0,"timestamp":1614389205,"path_taken":["M","?","?","M","M","R","E","R","T","R","M","?","R","?","R","BOSS","M","M","$","M"],"items_purchased_type":["Card","Card","Card"],"build_version":"2020-12-22","purchased_purges":2,"victory":false,"max_hp_per_floor":[70,70,70,70,70,70,84,84,84,84,84,84,84,84,84,84,84,84,84,84,84,84],"card_choices":[{"not_picked":["Setup","Deflect"],"picked":"Deadly Poison","floor":0},{"not_picked":["Flying Knee","Blade Dance","Skewer"],"picked":"SKIP","floor":1},{"not_picked":["Prepared","Underhanded Strike"],"picked":"PiercingWail","floor":4},{"not_picked":["Sucker Punch","Catalyst"],"picked":"Caltrops","floor":5},{"not_picked":["A Thousand Cuts","Finisher"],"picked":"Well Laid Plans","floor":7},{"not_picked":["Accuracy","PiercingWail"],"picked":"Quick Slash","floor":11},{"not_picked":["Deadly Poison","Riddle With Holes","Expertise"],"picked":"SKIP","floor":14},{"not_picked":["Glass Knife","Tools of the Trade"],"picked":"Envenom","floor":16},{"not_picked":["Tactician","Poisoned Stab"],"picked":"Quick Slash+1","floor":18},{"not_picked":["Deadly Poison","Dash+1"],"picked":"Bane","floor":19}],"player_experience":305357,"relics_obtained":[{"floor":7,"key":"Mango"},{"floor":9,"key":"Mummified Hand"}],"event_choices":[{"damage_healed":0,"gold_gain":0,"player_choice":"Grow","damage_taken":0,"max_hp_gain":0,"max_hp_loss":0,"event_name":"Living Wall","floor":3,"gold_loss":0,"cards_upgraded":["Neutralize"]},{"cards_removed":["Strike_G"],"damage_healed":0,"gold_gain":0,"player_choice":"Card Removal","damage_taken":7,"max_hp_gain":0,"max_hp_loss":0,"event_name":"Golden Wing","floor":12,"gold_loss":0}],"is_beta":false,"boss_relics":[{"not_picked":["Velvet Choker","SacredBark"],"picked":"HoveringKite"}],"items_purged_floors":[2,20],"is_endless":false,"potions_floor_spawned":[4,11,14],"killed_by":"Sentry and Sphere","ascension_level":7}}