{"host":"7rmsgc3rayi00cdt","time":1614450574,"event":{"mods":["BaseMod","Minty Spire (QoL Compilation)"],"gold_per_floor":[214,232,232,251,271,306,306,306,306],"floor_reached":8,"language":"ENG","playtime":356,"items_purged":[],"score":90,"play_id":"dfaec38b-6b23-440b-b0a7-081b1db9261a","local_time":"20210227182934","is_ascension_mode":true,"campfire_choices":[{"floor":7,"key":"REST"}],"circlet_count":0,"master_deck":["AscendersBane","Strike_R","Strike_R","Strike_R","Strike_R","Strike_R","Defend_R","Defend_R","Defend_R","Defend_R","Bash","Rampage","Battle Trance","Regret","Thunderclap","Warcry","Disarm"],"relics":["Burning Blood","Bag of Marbles","Orichalcum"],"acts_visited":["Exordium"],"potions_floor_usage":[6,8],"damage_taken":[{"damage":9,"enemies":"2 Louse","floor":1,"turns":4},{"damage":0,"enemies":"Small Slimes","floor":2,"turns":5},{"damage":13,"enemies":"Jaw Worm","floor":4,"turns":4},{"damage":13,"enemies":"Blue Slaver","floor":5,"turns":4},{"damage":49,"enemies":"Gremlin Nob","floor":6,"turns":5},{"damage":51,"enemies":"Lagavulin","floor":8,"turns":6}],"seed_played":"-1443699992986079517","potions_obtained":[{"floor":1,"key":"Swift Potion"},{"floor":4,"key":"Explosive Potion"},{"floor":5,"key":"EssenceOfSteel"}],"is_trial":false,"path_per_floor":["M","M","?","M","M","E","R","E"],"character_chosen":"IRONCLAD","items_purchased":[],"campfire_rested":1,"item_purchase_floors":[],"current_hp_per_floor":[69,75,75,68,61,18,42,0,0],"gold":306,"neow_bonus":"HUNDRED_GOLD","is_daily":false,"chose_seed":false,"campfire_upgraded":0,"win_rate":0.0,"timestamp":1614450574,"path_taken":["M","M","?","M","M","E","R","E"],"items_purchased_type":[],"build_version":"2020-12-22","purchased_purges":0,"victory":false,"max_hp_per_floor":[80,80,80,80,80,80,80,80,80],"card_choices":[{"not_picked":["Headbutt","Rage"],"picked":"Rampage","floor":1},{"not_picked":["Heavy Blade","Warcry"],"picked":"Battle Trance","floor":2},{"not_picked":["Armaments","Wild Strike"],"picked":"Thunderclap","floor":4},{"not_picked":["Fire Breathing","Immolate"],"picked":"Warcry","floor":5},{"not_picked":["Twin Strike","Flex"],"picked":"Disarm","floor":6}],"player_experience":840003,"relics_obtained":[{"floor":6,"key":"Orichalcum"}],"event_choices":[{"damage_healed":0,"gold_gain":0,"player_choice":"Box","damage_taken":0,"relics_obtained":["Bag of Marbles"],"max_hp_gain":0,"max_hp_loss":0,"event_name":"Big Fish","floor":3,"gold_loss":0,"cards_obtained":["Regret"]}],"is_beta":false,"boss_relics":[],"items_purged_floors":[],"is_endless":false,"potions_floor_spawned":[1,4,5],"killed_by":"Lagavulin","ascension_level":11}}