{"host":"q1ww9goctev8e12g","time":1614442016,"event":{"mods":["2.2 Compatiblity","Aspiration","BaseMod","BetterRewards","Colored Powertips","Conspire","Downfall","Hubris","Minty Spire (QoL Compilation)","Quick Restart","Reliquary","Replay The Spire","StSLib"],"gold_per_floor":[119,119,134,134,134,161,161,161,161,161,175,189,229,252,252,252,252],"floor_reached":16,"language":"FRA","playtime":507,"items_purged":[],"score":204,"play_id":"7e8becec-355a-4c49-9cf5-ba800954feeb","local_time":"20210227170656","is_ascension_mode":true,"campfire_choices":[{"floor":7,"key":"REST"},{"floor":10,"key":"REST"},{"floor":15,"key":"REST"}],"circlet_count":0,"master_deck":["AscendersBane","Strike_G","Strike_G+1","Strike_G","Strike_G","Strike_G","Defend_G","Defend_G","Defend_G","Defend_G","Survivor+1","Neutralize","Cloak And Dagger+1","PiercingWail","Flying Knee","Quick Slash","Injury","ReachHeaven","Footwork","Bane"],"relics":["Ring of the Snake","aspiration:Nostalgia","Replay:M_SmolderingBlood","InkBottle","Golden Idol","aspiration:ChemicalBlood","StoneCalendar"],"acts_visited":["Exordium"],"potions_floor_usage":[6],"damage_taken":[{"damage":0,"enemies":"Jaw Worm","floor":1,"turns":6},{"damage":0,"enemies":"Cultist","floor":3,"turns":4},{"damage":32,"enemies":"Gremlin Nob","floor":6,"turns":4},{"damage":1,"enemies":"conspire:RoseBush","floor":11,"turns":4},{"damage":5,"enemies":"Blue Slaver","floor":12,"turns":3},{"damage":20,"enemies":"Lagavulin","floor":13,"turns":6},{"damage":8,"enemies":"Large Slime","floor":14,"turns":7},{"damage":0,"enemies":"Fading Forest","floor":16,"turns":1}],"seed_played":"9086670256670623227","potions_obtained":[{"floor":3,"key":"SteroidPotion"},{"floor":11,"key":"FearPotion"},{"floor":12,"key":"LiquidBronze"}],"is_trial":false,"path_per_floor":["M","?","M","?","?","E","R","?","T","R","M","M","E","M","R","B"],"character_chosen":"THE_SILENT","items_purchased":[],"campfire_rested":3,"item_purchase_floors":[],"current_hp_per_floor":[59,59,59,59,39,7,26,26,26,45,44,39,19,11,30,30,30],"gold":252,"neow_bonus":"NOSTALGIA","is_daily":false,"chose_seed":false,"campfire_upgraded":0,"win_rate":0.0,"timestamp":1614442016,"path_taken":["M","?","?","?","?","E","R","?","T","R","M","M","E","M","R","BOSS"],"items_purchased_type":[],"build_version":"2020-12-22","purchased_purges":0,"victory":false,"max_hp_per_floor":[66,66,66,66,66,66,66,66,66,66,66,66,66,66,66,66,66],"card_choices":[{"not_picked":["Acrobatics","PiercingWail"],"picked":"Cloak And Dagger","floor":1},{"not_picked":["Sucker Punch","Hidden Blade"],"picked":"Flying Knee","floor":3},{"not_picked":["WreathOfFlame","Setup"],"picked":"Quick Slash","floor":6},{"not_picked":["CrushJoints","Tactician"],"picked":"ReachHeaven","floor":11},{"not_picked":["hubris:TrickCloak","Flying Knee","Crescendo"],"picked":"SKIP","floor":12},{"not_picked":["Escape Plan","Calculated Gamble"],"picked":"Footwork","floor":13},{"not_picked":["Blur","Night Terror"],"picked":"Bane","floor":14}],"player_experience":566793,"relics_obtained":[{"floor":6,"key":"InkBottle"},{"floor":9,"key":"aspiration:ChemicalBlood"},{"floor":13,"key":"StoneCalendar"}],"event_choices":[{"damage_healed":0,"gold_gain":0,"cards_transformed":["Defend_G"],"player_choice":"Transformed","damage_taken":0,"max_hp_gain":0,"max_hp_loss":0,"event_name":"Transmorgrifier","floor":2,"gold_loss":0,"cards_obtained":["PiercingWail"]},{"damage_healed":0,"gold_gain":0,"player_choice":"Entered Light","damage_taken":20,"max_hp_gain":0,"max_hp_loss":0,"event_name":"Shining Light","floor":5,"gold_loss":0,"cards_upgraded":["Strike_G","Survivor"]},{"damage_healed":0,"gold_gain":0,"player_choice":"Take Wound","damage_taken":0,"relics_obtained":["Golden Idol"],"max_hp_gain":0,"max_hp_loss":0,"event_name":"Golden Idol","floor":8,"gold_loss":0,"cards_obtained":["Injury"]}],"is_beta":false,"boss_relics":[],"items_purged_floors":[],"is_endless":false,"potions_floor_spawned":[3,11,12,13],"killed_by":"Fading Forest","ascension_level":17}}