{"host":"gzz35fplm60aw28t","time":1614445655,"event":{"mods":["AchievementEnabler","BaseMod","ChefMod","Colored Powertips","Dark Map","DeckTracker","Minty Spire (QoL Compilation)","StSLib","SuperFastMode"],"gold_per_floor":[115,125,125,145,53,53,1,20,71,71,20,37,71,81,81,178,178,192,192,202,202,202],"floor_reached":21,"language":"ENG","playtime":7564,"items_purged":[],"score":181,"play_id":"92dc1700-9525-4918-aff9-0348ca0f3adc","local_time":"20210227180735","is_ascension_mode":false,"campfire_choices":[{"data":"chefmod:Flambe","floor":6,"key":"SMITH"},{"data":"chefmod:KnifeFlurry","floor":10,"key":"SMITH"},{"data":"chefmod:TodaysSpecial","floor":15,"key":"SMITH"}],"circlet_count":0,"master_deck":["chefmod:Strike","chefmod:Strike","chefmod:Strike","chefmod:QuickThaw","chefmod:Defend","chefmod:Defend","chefmod:Defend","chefmod:Defend","chefmod:TodaysSpecial+1","Panacea","chefmod:KnifeFlurry+1","chefmod:BaoBuns","chefmod:Flambe+1","chefmod:FireUp","chefmod:DinoKale","chefmod:FireUp","chefmod:CapreseSalad","chefmod:CandyBowl","chefmod:Sorbet"],"relics":["chefmod:TrustyPot","Nunchaku","Vajra","PreservedInsect","Black Star"],"acts_visited":["Exordium","TheCity"],"potions_floor_usage":[16,16,16],"damage_taken":[{"damage":1,"enemies":"Cultist","floor":1,"turns":4},{"damage":0,"enemies":"2 Louse","floor":2,"turns":3},{"damage":1,"enemies":"Jaw Worm","floor":4,"turns":4},{"damage":0,"enemies":"Large Slime","floor":8,"turns":5},{"damage":0,"enemies":"Red Slaver","floor":12,"turns":2},{"damage":8,"enemies":"Lagavulin","floor":13,"turns":6},{"damage":7,"enemies":"Blue Slaver","floor":14,"turns":3},{"damage":11,"enemies":"The Guardian","floor":16,"turns":12},{"damage":14,"enemies":"Spheric Guardian","floor":18,"turns":4},{"damage":24,"enemies":"Chosen","floor":20,"turns":10},{"damage":43,"enemies":"3 Cultists","floor":21,"turns":6}],"seed_played":"-8174524431614876762","potions_obtained":[{"floor":4,"key":"Weak Potion"},{"floor":12,"key":"Weak Potion"},{"floor":13,"key":"SkillPotion"}],"is_trial":false,"path_per_floor":["M","M","?","M","?","R","$","M","T","R","$","M","E","M","R","B",null,"M","?","M","M"],"character_chosen":"THE_CHEF","items_purchased":["chefmod:FireUp","AttackPotion"],"campfire_rested":0,"item_purchase_floors":[7,11],"current_hp_per_floor":[75,75,80,79,79,79,79,79,79,79,79,79,71,64,64,53,81,67,67,43,0,0],"gold":202,"neow_bonus":"RANDOM_COLORLESS","is_daily":false,"chose_seed":false,"campfire_upgraded":3,"win_rate":0.0,"timestamp":1614445655,"path_taken":["M","M","?","M","?","R","$","M","T","R","$","M","E","M","R","BOSS","M","?","M","M"],"items_purchased_type":["Card","Potion"],"build_version":"2020-12-22","purchased_purges":0,"victory":false,"max_hp_per_floor":[76,76,81,81,81,81,81,81,81,81,81,81,81,81,81,81,81,81,81,81,81,81],"card_choices":[{"not_picked":["Dark Shackles","Mind Blast"],"picked":"Panacea","floor":0},{"not_picked":["chefmod:MonsterBait","chefmod:Omelette"],"picked":"chefmod:KnifeFlurry","floor":1},{"not_picked":["chefmod:Chop","chefmod:PotatoGratin"],"picked":"chefmod:BaoBuns","floor":2},{"not_picked":["chefmod:ZaruSoba","chefmod:ColdSteel"],"picked":"chefmod:Flambe","floor":4},{"not_picked":["chefmod:VegetableTart","chefmod:Fillet"],"picked":"chefmod:DinoKale","floor":8},{"not_picked":["chefmod:SpaghettiCarbonara","chefmod:Granita"],"picked":"chefmod:FireUp","floor":12},{"not_picked":["chefmod:FryPan","chefmod:ZaruSoba","chefmod:AllYouCanEat"],"picked":"SKIP","floor":13},{"not_picked":["chefmod:SaveForLater","chefmod:Gelato"],"picked":"chefmod:CapreseSalad","floor":14},{"not_picked":["chefmod:FullCourseMeal","chefmod:BananaSplit"],"picked":"chefmod:CandyBowl","floor":16},{"not_picked":["chefmod:Granita","chefmod:Flambe","chefmod:ZaruSoba"],"picked":"SKIP","floor":18},{"not_picked":["chefmod:FryPan+1","chefmod:BaoBuns"],"picked":"chefmod:Sorbet","floor":20}],"player_experience":95026,"relics_obtained":[{"floor":9,"key":"Vajra"},{"floor":13,"key":"PreservedInsect"}],"event_choices":[{"damage_healed":0,"gold_gain":0,"player_choice":"Donut","damage_taken":0,"max_hp_gain":5,"max_hp_loss":0,"event_name":"Big Fish","floor":3,"gold_loss":0},{"damage_healed":0,"gold_gain":0,"player_choice":"Paid Gold","damage_taken":0,"relics_obtained":["Nunchaku"],"max_hp_gain":0,"max_hp_loss":0,"event_name":"WeMeetAgain","floor":5,"gold_loss":92},{"cards_removed":["chefmod:Strike"],"damage_healed":0,"gold_gain":0,"player_choice":"Elegance","damage_taken":0,"max_hp_gain":0,"max_hp_loss":0,"event_name":"Back to Basics","floor":19,"gold_loss":0}],"is_beta":false,"boss_relics":[{"not_picked":["Runic Dome","Ectoplasm"],"picked":"Black Star"}],"items_purged_floors":[],"is_endless":false,"potions_floor_spawned":[4,12,13],"killed_by":"3 Cultists","ascension_level":0}}