{"host":"or8fr2mp0k3eluj8","time":1614405842,"event":{"mods":["AchievementEnabler","BaseMod","Colored Map","DeckTracker","Keyboard Shortcuts","Minty Spire (QoL Compilation)","StSLib","SuperFastMode","everything is the same but u backflip on backflip"],"gold_per_floor":[118,129,129,204,204,204,232,182,232,232,244,16,49,66,66,171,171,187,87,87,101,101,101,113,125,180,215,215,234,261,136,136,241,241,259,259,259,274,321,321,346,346,370,398,104,118,118,148,148,148],"floor_reached":51,"language":"KOR","playtime":1582,"items_purged":["Defend_P","WindmillStrike","ReachHeaven","Judgement+1"],"score":1103,"play_id":"b9995119-f677-43de-ae71-b62990168b2d","local_time":"20210227150402","is_ascension_mode":true,"campfire_choices":[{"data":"Eruption","floor":6,"key":"SMITH"},{"floor":15,"key":"REST"},{"data":"Adaptation","floor":23,"key":"SMITH"},{"data":"Judgement","floor":28,"key":"SMITH"},{"data":"Vault","floor":32,"key":"SMITH"},{"data":"InnerPeace","floor":40,"key":"SMITH"},{"data":"FearNoEvil","floor":42,"key":"SMITH"},{"data":"TalkToTheHand","floor":47,"key":"SMITH"},{"data":"Vigilance","floor":49,"key":"SMITH"}],"circlet_count":0,"master_deck":["Eruption+1","Vigilance+1","Adaptation+1","InnerPeace+1","TalkToTheHand+1","Vault+1","FearNoEvil+1","Tantrum+1","CrushJoints+1","Adaptation+1"],"relics":["PureWater","Bag of Marbles","HornCleat","Dream Catcher","Dead Branch","Vajra","Pocketwatch","Pandora\u0027s Box","MutagenicStrength","MealTicket","Happy Flower","Strawberry","Philosopher\u0027s Stone","Mango","Bottled Flame","Frozen Egg 2","DollysMirror","Ancient Tea Set"],"acts_visited":["Exordium","TheCity","TheBeyond"],"potions_floor_usage":[16,25,30],"damage_taken":[{"damage":4,"enemies":"Small Slimes","floor":1,"turns":5},{"damage":0,"enemies":"2 Louse","floor":2,"turns":1},{"damage":28,"enemies":"3 Sentries","floor":7,"turns":7},{"damage":0,"enemies":"Jaw Worm","floor":11,"turns":3},{"damage":0,"enemies":"Gremlin Nob","floor":13,"turns":2},{"damage":1,"enemies":"Blue Slaver","floor":14,"turns":2},{"damage":16,"enemies":"The Guardian","floor":16,"turns":12},{"damage":0,"enemies":"Spheric Guardian","floor":18,"turns":2},{"damage":0,"enemies":"3 Byrds","floor":21,"turns":2},{"damage":0,"enemies":"Snake Plant","floor":24,"turns":1},{"damage":0,"enemies":"Centurion and Healer","floor":25,"turns":3},{"damage":0,"enemies":"Gremlin Leader","floor":27,"turns":3},{"damage":0,"enemies":"Snecko","floor":29,"turns":2},{"damage":18,"enemies":"Book of Stabbing","floor":30,"turns":2},{"damage":0,"enemies":"Champ","floor":33,"turns":4},{"damage":13,"enemies":"3 Shapes","floor":35,"turns":4},{"damage":0,"enemies":"Orb Walker","floor":38,"turns":2},{"damage":0,"enemies":"2 Orb Walkers","floor":39,"turns":2},{"damage":0,"enemies":"Nemesis","floor":41,"turns":2},{"damage":0,"enemies":"Giant Head","floor":44,"turns":5},{"damage":0,"enemies":"Transient","floor":46,"turns":3},{"damage":0,"enemies":"Nemesis","floor":48,"turns":2},{"damage":0,"enemies":"Time Eater","floor":50,"turns":2}],"seed_played":"-3807290929470192219","potions_obtained":[{"floor":2,"key":"Ancient Potion"},{"floor":7,"key":"Explosive Potion"},{"floor":14,"key":"Block Potion"},{"floor":18,"key":"Ancient Potion"},{"floor":25,"key":"Block Potion"},{"floor":39,"key":"SteroidPotion"},{"floor":48,"key":"Regen Potion"}],"is_trial":false,"path_per_floor":["M","M","?","?","?","R","E","?","T","T","M","$","E","M","R","B",null,"M","$","?","M","?","R","M","M","T","E","R","M","E","$","R","B",null,"M","?","?","M","?","R","E","R","T","E","$","M","R","E","R","B",null],"character_chosen":"WATCHER","items_purchased":["Vajra","DollysMirror"],"campfire_rested":1,"item_purchase_floors":[12,45],"current_hp_per_floor":[68,68,43,32,56,56,28,28,28,28,28,28,28,27,48,32,72,72,72,72,72,72,72,72,72,72,72,72,72,61,76,76,76,79,66,66,66,66,80,80,80,80,80,80,93,93,93,93,93,93],"gold":148,"neow_bonus":"REMOVE_CARD","is_daily":false,"chose_seed":false,"campfire_upgraded":8,"win_rate":0.0,"timestamp":1614405842,"path_taken":["M","M","?","?","?","R","E","?","T","?","?","$","E","M","R","BOSS","M","$","?","M","?","R","M","M","T","E","R","M","E","$","R","BOSS","M","?","?","M","?","R","E","R","T","E","$","?","R","E","R","BOSS"],"items_purchased_type":["Relic","Relic"],"build_version":"2020-12-22","purchased_purges":4,"victory":true,"max_hp_per_floor":[72,72,72,72,72,72,72,72,72,72,72,72,72,72,72,72,72,72,72,72,72,72,72,72,72,72,72,72,72,79,79,79,79,79,79,79,79,79,93,93,93,93,93,93,93,93,93,93,93,93],"card_choices":[{"not_picked":["JustLucky","WaveOfTheHand"],"picked":"Consecrate","floor":1},{"not_picked":["WheelKick","JustLucky","ForeignInfluence"],"picked":"SKIP","floor":2},{"not_picked":["Fasting2","Evaluate","PathToVictory"],"picked":"SKIP","floor":7},{"not_picked":["Sanctity","EmptyBody","FollowUp"],"picked":"SKIP","floor":11},{"not_picked":["Nirvana","JustLucky","EmptyBody"],"picked":"SKIP","floor":13},{"not_picked":["Sanctity","FollowUp"],"picked":"Adaptation","floor":14},{"not_picked":["FearNoEvil","Protect"],"picked":"InnerPeace","floor":15},{"not_picked":["CutThroughFate","EmptyMind","EmptyFist+1"],"picked":"SKIP","floor":18},{"not_picked":["PathToVictory","BowlingBash","Crescendo"],"picked":"SKIP","floor":21},{"not_picked":["SandsOfTime","Swivel","ClearTheMind"],"picked":"SKIP","floor":24},{"not_picked":["ReachHeaven","SignatureMove","ThirdEye"],"picked":"SKIP","floor":25},{"not_picked":["DeceiveReality","Evaluate","Worship+1"],"picked":"SKIP","floor":27},{"not_picked":["EmptyBody","Protect","Worship"],"picked":"SKIP","floor":29},{"not_picked":["FlurryOfBlows+1","ClearTheMind","Crescendo"],"picked":"SKIP","floor":30},{"not_picked":["TalkToTheHand","ReachHeaven+1"],"picked":"Tantrum+1","floor":35},{"not_picked":["CutThroughFate","WindmillStrike","Swivel"],"picked":"SKIP","floor":38},{"not_picked":["Consecrate+1","LessonLearned"],"picked":"CrushJoints+1","floor":41},{"not_picked":["Fasting2+1","Protect+1","CutThroughFate"],"picked":"SKIP","floor":44},{"not_picked":["ForeignInfluence+1","Wallop+1","Protect"],"picked":"SKIP","floor":46},{"not_picked":["Evaluate","SignatureMove","Crescendo+1"],"picked":"SKIP","floor":48}],"player_experience":475485,"relics_obtained":[{"floor":7,"key":"HornCleat"},{"floor":9,"key":"Dream Catcher"},{"floor":10,"key":"Dead Branch"},{"floor":13,"key":"Pocketwatch"},{"floor":26,"key":"MealTicket"},{"floor":27,"key":"Happy Flower"},{"floor":30,"key":"Strawberry"},{"floor":39,"key":"Mango"},{"floor":41,"key":"Bottled Flame"},{"floor":44,"key":"Frozen Egg 2"},{"floor":48,"key":"Ancient Tea Set"}],"event_choices":[{"damage_healed":0,"gold_gain":0,"player_choice":"Success","damage_taken":25,"relics_obtained":["Bag of Marbles"],"max_hp_gain":0,"max_hp_loss":0,"event_name":"Scrap Ooze","floor":3,"gold_loss":0},{"damage_healed":0,"gold_gain":75,"player_choice":"Gather Gold","damage_taken":11,"max_hp_gain":0,"max_hp_loss":0,"event_name":"World of Goop","floor":4,"gold_loss":0},{"damage_healed":24,"gold_gain":0,"player_choice":"Banana","damage_taken":0,"max_hp_gain":0,"max_hp_loss":0,"event_name":"Big Fish","floor":5,"gold_loss":0},{"cards_removed":["Strike_P"],"damage_healed":0,"gold_gain":0,"player_choice":"Card Removal","damage_taken":0,"max_hp_gain":0,"max_hp_loss":0,"event_name":"The Cleric","floor":8,"gold_loss":50},{"damage_healed":0,"gold_gain":0,"player_choice":"Inject Mutagens","damage_taken":0,"relics_obtained":["MutagenicStrength"],"max_hp_gain":0,"max_hp_loss":0,"event_name":"Drug Dealer","floor":20,"gold_loss":0},{"damage_healed":0,"gold_gain":0,"player_choice":"Read","damage_taken":0,"max_hp_gain":0,"max_hp_loss":0,"event_name":"The Library","floor":22,"gold_loss":0,"cards_obtained":["FearNoEvil"]},{"damage_healed":0,"gold_gain":0,"player_choice":"Ignored","damage_taken":0,"max_hp_gain":0,"max_hp_loss":0,"event_name":"Tomb of Lord Red Mask","floor":36,"gold_loss":0},{"cards_removed":["Consecrate"],"damage_healed":0,"gold_gain":0,"player_choice":"Removed Attack","damage_taken":0,"max_hp_gain":0,"max_hp_loss":0,"event_name":"Falling","floor":37,"gold_loss":0},{"damage_healed":0,"gold_gain":0,"player_choice":"Fight","damage_taken":0,"max_hp_gain":0,"max_hp_loss":0,"event_name":"Mysterious Sphere","floor":39,"gold_loss":0}],"is_beta":false,"boss_relics":[{"not_picked":["Snecko Eye","Sozu"],"picked":"Pandora\u0027s Box"},{"not_picked":["Tiny House","HolyWater"],"picked":"Philosopher\u0027s Stone"}],"items_purged_floors":[12,19,31,45],"is_endless":false,"potions_floor_spawned":[2,7,14,18,25,39,41,44,48],"ascension_level":1}}