{"host":"w4b7hmige5bnqipq","time":1614454457,"event":{"mods":["2.2 Compatiblity","BaseMod","Colored Map","DeckTracker","Keyboard Shortcuts","Minty Spire (QoL Compilation)","Permanent Neow","Rare Cards Sparkle","SuperFastMode","everything is the same but u backflip on backflip","slay the spire mod where everything is the same but ironclad has a cowboy hat"],"gold_per_floor":[113,113,113,128,278,305,305,305,305,322,333,360,378,390,390,390,390],"floor_reached":16,"language":"KOR","playtime":295,"items_purged":[],"score":267,"play_id":"0af8cfde-5597-487d-a5b2-1a63a9fcfeb6","local_time":"20210228033417","is_ascension_mode":true,"campfire_choices":[{"floor":7.0,"key":"DIG"},{"floor":15,"key":"DIG"}],"circlet_count":0,"master_deck":["AscendersBane","Strike_B","Strike_B","Strike_B","Strike_B","Defend_B","Defend_B+1","Defend_B","Defend_B","Zap+1","Dualcast","Go for the Eyes+1","Self Repair","Doubt","FTL","Pain","Rebound","Sunder","Hologram","Tempest"],"relics":["Cracked Core","NeowsBlessing","Shovel","Pear","WarpedTongs","Frozen Egg 2","Mummified Hand","Prayer Wheel"],"acts_visited":["Exordium"],"potions_floor_usage":[12,16],"damage_taken":[{"damage":0.0,"enemies":"Jaw Worm","floor":1.0,"turns":1.0},{"damage":0.0,"enemies":"2 Louse","floor":4.0,"turns":1.0},{"damage":0.0,"enemies":"Gremlin Nob","floor":6.0,"turns":1.0},{"damage":1.0,"enemies":"Cultist","floor":10.0,"turns":3.0},{"damage":19.0,"enemies":"Lots of Slimes","floor":11.0,"turns":5.0},{"damage":34,"enemies":"3 Sentries","floor":12,"turns":7},{"damage":15,"enemies":"Large Slime","floor":13,"turns":4},{"damage":8,"enemies":"Exordium Thugs","floor":14,"turns":5},{"damage":1,"enemies":"The Guardian","floor":16,"turns":2}],"seed_played":"8870914743013480835","potions_obtained":[{"floor":1.0,"key":"Swift Potion"},{"floor":13,"key":"BlessingOfTheForge"}],"is_trial":false,"path_per_floor":["M","?","?","M","?","E","R","?","T","M","M","E","M","M","R","B"],"character_chosen":"DEFECT","items_purchased":[],"campfire_rested":0,"item_purchase_floors":[],"current_hp_per_floor":[64,43,43,43,43,50,60,60,60,66,57,30,25,24,24,23,23],"gold":390,"neow_bonus":"THREE_ENEMY_KILL","is_daily":false,"chose_seed":false,"campfire_upgraded":0,"win_rate":0.0,"timestamp":1614454457,"path_taken":["M","?","?","M","?","E","R","?","T","M","M","E","M","M","R","BOSS"],"items_purchased_type":[],"build_version":"2020-12-22","purchased_purges":0,"victory":false,"max_hp_per_floor":[71,71,71,71,71,71,81,81,81,81,81,81,81,81,81,81,81],"card_choices":[{"not_picked":["Reinforced Body","Turbo"],"picked":"Go for the Eyes","floor":1.0},{"not_picked":["Double Energy","Skim"],"picked":"Self Repair","floor":4.0},{"not_picked":["Turbo","Steam"],"picked":"FTL","floor":6.0},{"not_picked":["Go for the Eyes","Reprogram","Steam"],"picked":"SKIP","floor":10.0},{"not_picked":["Tempest","Leap"],"picked":"Rebound","floor":11.0},{"not_picked":["BootSequence","Aggregate"],"picked":"Sunder","floor":12},{"not_picked":["Darkness","Self Repair+1"],"picked":"Hologram","floor":13},{"not_picked":["Blizzard","Hologram"],"picked":"Tempest","floor":14}],"player_experience":801732,"relics_obtained":[{"floor":6.0,"key":"Shovel"},{"floor":7.0,"key":"Pear"},{"floor":9.0,"key":"Frozen Egg 2"},{"floor":12,"key":"Mummified Hand"},{"floor":15,"key":"Prayer Wheel"}],"event_choices":[{"damage_healed":0.0,"max_hp_gain":0.0,"max_hp_loss":0.0,"gold_gain":0.0,"event_name":"Shining Light","player_choice":"Entered Light","floor":2.0,"gold_loss":0.0,"damage_taken":21.0,"cards_upgraded":["Defend_B","Zap"]},{"damage_healed":0.0,"max_hp_gain":0.0,"max_hp_loss":0.0,"gold_gain":0.0,"event_name":"Living Wall","player_choice":"Grow","floor":3.0,"gold_loss":0.0,"damage_taken":0.0,"cards_upgraded":["Go for the Eyes"]},{"damage_healed":0.0,"max_hp_gain":0.0,"max_hp_loss":0.0,"gold_gain":150.0,"event_name":"Liars Game","player_choice":"AGREE","floor":5.0,"gold_loss":0.0,"damage_taken":0.0,"cards_obtained":["Doubt"]},{"damage_healed":0.0,"max_hp_gain":0.0,"max_hp_loss":0.0,"gold_gain":0.0,"event_name":"Accursed Blacksmith","player_choice":"Rummage","floor":8.0,"gold_loss":0.0,"damage_taken":0.0,"relics_obtained":["WarpedTongs"],"cards_obtained":["Pain"]}],"is_beta":false,"boss_relics":[],"items_purged_floors":[],"is_endless":false,"potions_floor_spawned":[1,13],"killed_by":"The Guardian","ascension_level":19}}