{"host":"ydg0vn0pu4pubmdt","time":1614408079,"event":{"mods":["AchievementEnabler","BaseMod","Colored Map","Minty Spire (QoL Compilation)","Quick Restart","SuperFastMode"],"gold_per_floor":[113,263,263,274,34,67,67,67,67,67,93,104,138,148,148,148,148],"floor_reached":16,"language":"KOR","playtime":293,"items_purged":["Strike_B"],"score":336,"play_id":"a914c608-ffb8-4401-978f-5b2f2093a4cf","local_time":"20210227154119","is_ascension_mode":true,"campfire_choices":[{"data":"Turbo","floor":8.0,"key":"SMITH"},{"data":"Dualcast","floor":10.0,"key":"SMITH"},{"data":"Double Energy","floor":15.0,"key":"SMITH"}],"circlet_count":0,"master_deck":["AscendersBane","Strike_B","Strike_B","Strike_B","Defend_B","Defend_B","Defend_B","Defend_B","Zap","Dualcast+1","Turbo+1","Glacier","Meteor Strike","Core Surge","White Noise","Double Energy+1"],"relics":["Cracked Core","NeowsBlessing","White Beast Statue","Sundial","Matryoshka","Mango"],"acts_visited":["Exordium"],"potions_floor_usage":[16,16],"damage_taken":[{"damage":0.0,"enemies":"Jaw Worm","floor":1.0,"turns":1.0},{"damage":0.0,"enemies":"2 Louse","floor":4.0,"turns":1.0},{"damage":0.0,"enemies":"Lagavulin","floor":6.0,"turns":1.0},{"damage":49.0,"enemies":"Gremlin Nob","floor":11.0,"turns":5.0},{"damage":0.0,"enemies":"Cultist","floor":12.0,"turns":3.0},{"damage":0.0,"enemies":"3 Sentries","floor":13.0,"turns":3.0},{"damage":0.0,"enemies":"Large Slime","floor":14.0,"turns":5.0},{"damage":44,"enemies":"Slime Boss","floor":16,"turns":6}],"seed_played":"-4677877260369865840","potions_obtained":[{"floor":4.0,"key":"EssenceOfSteel"},{"floor":6.0,"key":"SteroidPotion"},{"floor":12.0,"key":"PowerPotion"},{"floor":13.0,"key":"PotionOfCapacity"},{"floor":14.0,"key":"LiquidMemories"}],"is_trial":false,"path_per_floor":["M","?","?","M","$","E","?","R","T","R","E","M","E","M","R","B"],"character_chosen":"DEFECT","items_purchased":["Meteor Strike"],"campfire_rested":0,"item_purchase_floors":[5],"current_hp_per_floor":[64,64,64,64,64,64,64,64,64,64,15,15,29,29,29,0,0],"gold":148,"neow_bonus":"THREE_ENEMY_KILL","is_daily":false,"chose_seed":false,"campfire_upgraded":3,"win_rate":0.0,"timestamp":1614408079,"path_taken":["M","?","?","?","$","E","?","R","T","R","E","M","E","M","R","BOSS"],"items_purchased_type":["Card"],"build_version":"2020-12-22","purchased_purges":1,"victory":false,"max_hp_per_floor":[71,71,71,71,71,71,71,71,71,71,71,71,85,85,85,85,85],"card_choices":[{"not_picked":["Barrage","Redo"],"picked":"Turbo","floor":1.0},{"not_picked":["Rebound","Leap"],"picked":"Glacier","floor":4.0},{"not_picked":["Go for the Eyes","Cold Snap"],"picked":"Core Surge","floor":6.0},{"not_picked":["Recycle","Loop"],"picked":"White Noise","floor":11.0},{"not_picked":["Stack","Barrage","Reprogram"],"picked":"SKIP","floor":12.0},{"not_picked":["Stack","Auto Shields"],"picked":"Double Energy","floor":13.0},{"not_picked":["Streamline","Auto Shields","Gash"],"picked":"SKIP","floor":14.0}],"player_experience":634283,"relics_obtained":[{"floor":6.0,"key":"White Beast Statue"},{"floor":9.0,"key":"Sundial"},{"floor":11.0,"key":"Matryoshka"},{"floor":13.0,"key":"Mango"}],"event_choices":[{"damage_healed":0.0,"max_hp_gain":0.0,"max_hp_loss":0.0,"gold_gain":150.0,"event_name":"Liars Game","player_choice":"AGREE","floor":2.0,"gold_loss":0.0,"damage_taken":0.0,"cards_obtained":["Doubt"]},{"cards_removed":["Doubt"],"damage_healed":0.0,"max_hp_gain":0.0,"max_hp_loss":0.0,"gold_gain":0.0,"event_name":"Purifier","player_choice":"Purged","floor":3.0,"gold_loss":0.0,"damage_taken":0.0},{"damage_healed":0.0,"max_hp_gain":0.0,"max_hp_loss":0.0,"gold_gain":0.0,"event_name":"The Cleric","player_choice":"Leave","floor":7.0,"gold_loss":0.0,"damage_taken":0.0}],"is_beta":false,"boss_relics":[],"items_purged_floors":[5],"is_endless":false,"potions_floor_spawned":[4,6,11,12,13,14],"killed_by":"Slime Boss","ascension_level":20}}