{"host":"gzz35fplm60aw28t","time":1614460097,"event":{"mods":["AchievementEnabler","BaseMod","ChefMod","Colored Powertips","Dark Map","DeckTracker","Minty Spire (QoL Compilation)","StSLib","SuperFastMode"],"gold_per_floor":[116,41,41,58,58,58,88,107,107,123,123,137,153,186,186,282,282,282,282,282,282,282,282,282,282,282,282,282,282,282,207,207,207,207,207,207,207,207,207,207,207,207,207,107,107,107],"floor_reached":45,"language":"ENG","playtime":3341,"items_purged":["chefmod:Strike","chefmod:Defend"],"score":542,"play_id":"82770282-412d-46a7-b57d-f409262d2269","local_time":"20210227220817","is_ascension_mode":true,"campfire_choices":[{"data":"chefmod:TodaysSpecial","floor":6,"key":"SMITH"},{"data":"chefmod:NoSoupForYou","floor":11,"key":"SMITH"},{"data":"chefmod:RisingDough","floor":15,"key":"SMITH"},{"data":"chefmod:FreshProduce","floor":23,"key":"SMITH"},{"data":"chefmod:Gelato","floor":25,"key":"SMITH"},{"data":"chefmod:QuickThaw","floor":29,"key":"SMITH"},{"floor":32,"key":"REST"},{"data":"chefmod:FullBurn","floor":41,"key":"SMITH"}],"circlet_count":0,"master_deck":["chefmod:Strike","chefmod:Strike","chefmod:QuickThaw+1","chefmod:Defend","chefmod:Defend","chefmod:TodaysSpecial+1","chefmod:RisingDough+1","chefmod:FullBurn+1","chefmod:Escargot+1","chefmod:FreshProduce+1","chefmod:NoSoupForYou+1","chefmod:RaidPantry+1","chefmod:Granita","chefmod:FarmersMarket","chefmod:Gelato+1","chefmod:Granita","chefmod:ColdSteel","chefmod:TonkotsuRamen+1","chefmod:Tenderizer","chefmod:VegetableTart+1","chefmod:Puree+1"],"relics":["chefmod:TrustyPot","Incense Burner","Darkstone Periapt","InkBottle","Ectoplasm","Potion Belt","Mango","Centennial Puzzle","Empty Cage","Meat on the Bone","Toy Ornithopter","Bronze Scales"],"acts_visited":["Exordium","TheCity","TheBeyond"],"potions_floor_usage":[7,24,45,45],"damage_taken":[{"damage":6,"enemies":"Jaw Worm","floor":1,"turns":3},{"damage":3,"enemies":"Cultist","floor":4,"turns":3},{"damage":10,"enemies":"Lagavulin","floor":7,"turns":6},{"damage":4,"enemies":"2 Louse","floor":8,"turns":3},{"damage":1,"enemies":"Red Slaver","floor":10,"turns":3},{"damage":0,"enemies":"2 Fungi Beasts","floor":12,"turns":3},{"damage":17,"enemies":"Gremlin Gang","floor":13,"turns":3},{"damage":3,"enemies":"3 Sentries","floor":14,"turns":3},{"damage":20,"enemies":"The Guardian","floor":16,"turns":10},{"damage":8,"enemies":"Spheric Guardian","floor":18,"turns":5},{"damage":0,"enemies":"Chosen","floor":21,"turns":2},{"damage":19,"enemies":"Centurion and Healer","floor":22,"turns":5},{"damage":6,"enemies":"Book of Stabbing","floor":24,"turns":8},{"damage":3,"enemies":"Snecko","floor":27,"turns":4},{"damage":15,"enemies":"Sentry and Sphere","floor":28,"turns":5},{"damage":12,"enemies":"Gremlin Leader","floor":30,"turns":6},{"damage":21,"enemies":"Collector","floor":33,"turns":10},{"damage":11,"enemies":"3 Shapes","floor":35,"turns":4},{"damage":14,"enemies":"Orb Walker","floor":39,"turns":4},{"damage":50,"enemies":"Nemesis","floor":40,"turns":10},{"damage":9,"enemies":"Transient","floor":42,"turns":5},{"damage":52,"enemies":"Reptomancer","floor":45,"turns":4}],"seed_played":"5406256228458399219","potions_obtained":[{"floor":1,"key":"Block Potion"},{"floor":4,"key":"chefmod:AntifreezePotion"},{"floor":8,"key":"AttackPotion"},{"floor":14,"key":"Strength Potion"},{"floor":39,"key":"Weak Potion"}],"is_trial":false,"path_per_floor":["M","$","?","M","?","R","E","M","T","M","R","M","M","E","R","B",null,"M","$","?","M","M","R","E","R","T","M","M","R","E","?","R","B",null,"M","?","T","?","M","E","R","M","T","$","E"],"character_chosen":"THE_CHEF","items_purchased":[],"campfire_rested":1,"item_purchase_floors":[],"current_hp_per_floor":[70,70,70,67,67,67,57,53,53,52,52,52,35,32,32,12,76,68,68,68,68,49,49,43,43,57,54,39,39,27,27,54,33,90,79,79,79,79,65,27,27,30,30,30,0,0],"gold":107,"neow_bonus":"ONE_RANDOM_RARE_CARD","is_daily":false,"chose_seed":false,"campfire_upgraded":7,"win_rate":0.0,"timestamp":1614460097,"path_taken":["M","$","?","?","?","R","E","M","T","?","R","M","M","E","R","BOSS","M","$","?","M","?","R","E","R","T","M","M","R","E","?","R","BOSS","M","?","?","?","M","E","R","M","T","?","E"],"items_purchased_type":[],"build_version":"2020-12-22","purchased_purges":2,"victory":false,"max_hp_per_floor":[76,76,76,76,76,76,76,76,76,76,76,76,76,76,76,76,76,76,76,76,76,76,76,76,76,90,90,90,90,90,90,90,90,90,90,90,90,85,85,85,85,85,85,85,85,85],"card_choices":[{"not_picked":["chefmod:AllYouCanEat","chefmod:ZaruSoba"],"picked":"chefmod:FullBurn","floor":1},{"not_picked":["chefmod:SliceAndDice","chefmod:FarmersMarket"],"picked":"chefmod:Escargot","floor":4},{"not_picked":["chefmod:BaoBuns","chefmod:CuttingBoard"],"picked":"chefmod:FreshProduce","floor":7},{"not_picked":["chefmod:HotSoup","chefmod:Chop","chefmod:Sorbet"],"picked":"SKIP","floor":8},{"not_picked":["chefmod:SpaghettiCarbonara","chefmod:BaoBuns"],"picked":"chefmod:NoSoupForYou","floor":10},{"not_picked":["chefmod:Chop","chefmod:BaoBuns","chefmod:LiquidNitrogen"],"picked":"SKIP","floor":12},{"not_picked":["chefmod:ZaruSoba","chefmod:Mince","chefmod:FryPan"],"picked":"SKIP","floor":13},{"not_picked":["chefmod:Defrost","chefmod:ZaruSoba","chefmod:FryPan"],"picked":"SKIP","floor":14},{"not_picked":["chefmod:DeepFreeze","chefmod:OrderUp"],"picked":"chefmod:RaidPantry","floor":16},{"not_picked":["chefmod:Sorbet+1","chefmod:Defrost"],"picked":"chefmod:Granita","floor":18},{"not_picked":["chefmod:Defrost","chefmod:SliceAndDice"],"picked":"chefmod:FarmersMarket","floor":21},{"not_picked":["chefmod:OldCookbook","chefmod:Chop"],"picked":"chefmod:Gelato","floor":22},{"not_picked":["chefmod:Defrost","chefmod:FarmersMarket+1"],"picked":"chefmod:Granita","floor":24},{"not_picked":["chefmod:ZaruSoba","chefmod:Gelato","chefmod:TwoForOne"],"picked":"SKIP","floor":27},{"not_picked":["chefmod:Bruschetta","chefmod:SliceAndDice+1"],"picked":"chefmod:ColdSteel","floor":28},{"not_picked":["chefmod:CuttingBoard","chefmod:FreshProduce"],"picked":"chefmod:TonkotsuRamen+1","floor":30},{"not_picked":["chefmod:Canape","chefmod:TwoForOne"],"picked":"chefmod:Tenderizer","floor":33},{"not_picked":["chefmod:Sorbet","chefmod:Flambe"],"picked":"chefmod:VegetableTart+1","floor":35},{"not_picked":["chefmod:Granita","chefmod:BaoBuns"],"picked":"chefmod:Puree+1","floor":39},{"not_picked":["chefmod:TonkotsuRamen+1","chefmod:AllYouCanEat+1","chefmod:Cleavers"],"picked":"SKIP","floor":40},{"not_picked":["chefmod:Cleavers","chefmod:Chop","chefmod:MonsterBait"],"picked":"SKIP","floor":42}],"player_experience":113567,"relics_obtained":[{"floor":7,"key":"Incense Burner"},{"floor":9,"key":"Darkstone Periapt"},{"floor":14,"key":"InkBottle"},{"floor":24,"key":"Potion Belt"},{"floor":26,"key":"Mango"},{"floor":30,"key":"Centennial Puzzle"},{"floor":37,"key":"Meat on the Bone"},{"floor":40,"key":"Toy Ornithopter"},{"floor":43,"key":"Bronze Scales"}],"event_choices":[{"damage_healed":0,"gold_gain":0,"player_choice":"Cursed","damage_taken":0,"max_hp_gain":0,"max_hp_loss":0,"event_name":"Wheel of Change","floor":3,"gold_loss":0,"cards_obtained":["Decay"]},{"damage_healed":0,"gold_gain":0,"player_choice":"Upgraded","damage_taken":0,"max_hp_gain":0,"max_hp_loss":0,"event_name":"Upgrade Shrine","floor":5,"gold_loss":0,"cards_upgraded":["chefmod:Escargot"]},{"damage_healed":0,"gold_gain":0,"player_choice":"Upgraded","damage_taken":0,"max_hp_gain":0,"max_hp_loss":0,"event_name":"Upgrade Shrine","floor":20,"gold_loss":0,"cards_upgraded":["chefmod:RaidPantry"]},{"cards_removed":["Decay"],"damage_healed":0,"gold_gain":0,"player_choice":"Gave Gold","damage_taken":0,"max_hp_gain":0,"max_hp_loss":0,"event_name":"Beggar","floor":31,"gold_loss":75},{"damage_healed":0,"gold_gain":0,"player_choice":"Ignored","damage_taken":0,"max_hp_gain":0,"max_hp_loss":0,"event_name":"Tomb of Lord Red Mask","floor":36,"gold_loss":0},{"damage_healed":0,"gold_gain":0,"player_choice":"Max HP","damage_taken":0,"max_hp_gain":0,"max_hp_loss":5,"event_name":"Winding Halls","floor":38,"gold_loss":0}],"is_beta":false,"boss_relics":[{"not_picked":["Snecko Eye","Tiny House"],"picked":"Ectoplasm"},{"not_picked":["Pandora\u0027s Box","Fusion Hammer"],"picked":"Empty Cage"}],"items_purged_floors":[2,44],"is_endless":false,"potions_floor_spawned":[1,4,8,14,18,21,22,39],"killed_by":"Reptomancer","ascension_level":2}}