{"host":"jgl9m63d23sfproq","time":1614418863,"event":{"mods":["AchievementEnabler","Act Like it!","Aspiration","Bard","BaseMod","Bossed Relics","Colored Map","Colored Powertips","Conspire","Dark Map","DeckTracker","Downfall","Friendly Minions","Gensokyo","Jedi Mod","Marisa¡]Ãú«B¡@Å]²z¨F¡^","Minty Spire (QoL Compilation)","Quick Restart","READ ME - Guardian Mod","Relic Stats","Reliquary","Replay The Spire","Shop Mod","Smile Girya","StSLib","The Blackbeard","The Construct","The Jungle","The Mystic","The Runesmith","The Servant 0.9.4","Wide Potions","Yuyuko","[IsaacMod]¥H¼»¦y¶ð"],"gold_per_floor":[109,129,140,140,156,171,171],"floor_reached":6,"language":"ZHS","playtime":159,"items_purged":[],"score":38,"play_id":"bf8e0c42-09c5-439e-bdaa-52a0f8954a5a","local_time":"20210227174103","is_ascension_mode":false,"campfire_choices":[],"circlet_count":0,"master_deck":["Strike_G","Strike_G","Strike_G","Strike_G","Strike_G","Defend_G","Defend_G","Defend_G","Defend_G","Defend_G","Survivor","Neutralize","BettingIsNotGood"],"relics":["Ring of the Snake","HushsDoor","KeepersGift","NeowsBlessing"],"acts_visited":["Exordium"],"potions_floor_usage":[],"damage_taken":[{"damage":0,"enemies":"2 Louse","floor":1,"turns":2},{"damage":3,"enemies":"Small Slimes","floor":2,"turns":2},{"damage":0,"enemies":"Cultist","floor":3,"turns":3},{"damage":11,"enemies":"2 Fungi Beasts","floor":5,"turns":3},{"damage":58,"enemies":"Lagavulin","floor":6,"turns":11}],"seed_played":"4928492782056914310","potions_obtained":[{"floor":2,"key":"Dexterity Potion"},{"floor":3,"key":"Swift Potion"}],"is_trial":false,"path_per_floor":["M","M","M","?","M","E"],"character_chosen":"THE_SILENT","items_purchased":[],"campfire_rested":0,"item_purchase_floors":[],"current_hp_per_floor":[70,67,67,67,56,0,0],"gold":171,"neow_bonus":"THREE_ENEMY_KILL","is_daily":false,"chose_seed":false,"campfire_upgraded":0,"win_rate":0.0,"timestamp":1614418863,"path_taken":["M","M","M","?","?","E"],"items_purchased_type":[],"build_version":"2020-12-22","purchased_purges":0,"victory":false,"max_hp_per_floor":[70,70,70,70,70,70,70],"relic_stats":{"counters":[5,21],"obtain_stats":[{"KeepersGift":0,"NeowsBlessing":0,"HushsDoor":0,"Ring of the Snake":0},{"KeepersGift":0,"NeowsBlessing":0,"HushsDoor":0,"Ring of the Snake":0},{"KeepersGift":0,"NeowsBlessing":0,"HushsDoor":0,"Ring of the Snake":0}],"Ring of the Snake":[10]},"card_choices":[{"not_picked":[],"picked":"BettingIsNotGood","floor":0},{"not_picked":["Leg Sweep","Deflect","Acrobatics"],"picked":"SKIP","floor":1},{"not_picked":["Outmaneuver","Dagger Throw","Tactician"],"picked":"SKIP","floor":2},{"not_picked":["Dodge and Roll","Tactician"],"picked":"Bomb","floor":3},{"not_picked":["All Out Attack","Predator","Poisoned Stab"],"picked":"SKIP","floor":5}],"player_experience":74935,"relics_obtained":[],"event_choices":[{"damage_healed":0,"gold_gain":0,"player_choice":"Ignored","damage_taken":0,"max_hp_gain":0,"max_hp_loss":0,"event_name":"Golden Wing","floor":4,"gold_loss":0}],"is_beta":false,"boss_relics":[],"items_purged_floors":[],"is_endless":false,"potions_floor_spawned":[2,3],"killed_by":"Lagavulin","ascension_level":0}}