{"host":"3sqvgza1l4ip9ny1","time":1614454714,"event":{"mods":["BaseMod","Minty Spire (QoL Compilation)"],"gold_per_floor":[117,135,153,166,116,116,116,150,150,165,181,181,214,283,283,283,283],"floor_reached":16,"language":"ENG","playtime":741,"items_purged":[],"score":134,"play_id":"795075f9-0f05-4688-a364-20d5322ff11c","local_time":"20210227193834","is_ascension_mode":true,"campfire_choices":[{"data":"Heavy Blade","floor":6,"key":"SMITH"},{"data":"True Grit","floor":12,"key":"SMITH"},{"floor":15,"key":"REST"}],"circlet_count":0,"master_deck":["Strike_R","Strike_R","Strike_R","Strike_R","Strike_R","Defend_R","Defend_R","Defend_R","Bash","Heavy Blade+1","Clothesline","Flex","Shrug It Off","Power Through","Flex","Clothesline","True Grit+1","Flex"],"relics":["Burning Blood","Golden Idol","Ancient Tea Set","Lantern","Shuriken"],"acts_visited":["Exordium"],"potions_floor_usage":[8,8,13],"damage_taken":[{"damage":12,"enemies":"Small Slimes","floor":1,"turns":5},{"damage":6,"enemies":"2 Louse","floor":2,"turns":3},{"damage":0,"enemies":"Jaw Worm","floor":3,"turns":3},{"damage":0,"enemies":"Large Slime","floor":4,"turns":5},{"damage":41,"enemies":"Gremlin Nob","floor":8,"turns":7},{"damage":9,"enemies":"2 Fungi Beasts","floor":10,"turns":3},{"damage":4,"enemies":"Blue Slaver","floor":11,"turns":3},{"damage":20,"enemies":"3 Sentries","floor":13,"turns":7},{"damage":35,"enemies":"The Guardian","floor":16,"turns":6}],"seed_played":"-5933275094666272090","potions_obtained":[{"floor":1,"key":"Block Potion"},{"floor":4,"key":"Block Potion"},{"floor":10,"key":"CultistPotion"}],"is_trial":false,"path_per_floor":["M","M","M","M","?","R","?","E","T","M","M","R","E","?","R","B"],"character_chosen":"IRONCLAD","items_purchased":[],"campfire_rested":1,"item_purchase_floors":[],"current_hp_per_floor":[74,74,80,80,80,80,60,25,25,22,24,24,10,10,34,0,0],"gold":283,"neow_bonus":"THREE_CARDS","is_daily":false,"chose_seed":false,"campfire_upgraded":2,"win_rate":0.0,"timestamp":1614454714,"path_taken":["M","M","M","M","?","R","?","E","T","M","M","R","E","?","R","BOSS"],"items_purchased_type":[],"build_version":"2020-12-22","purchased_purges":0,"victory":false,"max_hp_per_floor":[80,80,80,80,80,80,80,80,80,80,80,80,80,80,80,80,80],"card_choices":[{"not_picked":["Armaments","Burning Pact"],"picked":"Heavy Blade","floor":0},{"not_picked":["Second Wind","Evolve"],"picked":"Clothesline","floor":1},{"not_picked":["Shrug It Off","Thunderclap"],"picked":"Flex","floor":2},{"not_picked":["True Grit","Headbutt"],"picked":"Shrug It Off","floor":3},{"not_picked":["Intimidate","Perfected Strike"],"picked":"Power Through","floor":4},{"not_picked":["Cleave","Burning Pact"],"picked":"Flex","floor":8},{"not_picked":["Combust","Anger"],"picked":"Clothesline","floor":10},{"not_picked":["Anger","Feel No Pain"],"picked":"True Grit","floor":11},{"not_picked":["Havoc","Shrug It Off"],"picked":"Flex","floor":13}],"player_experience":262302,"relics_obtained":[{"floor":8,"key":"Ancient Tea Set"},{"floor":9,"key":"Lantern"},{"floor":13,"key":"Shuriken"}],"event_choices":[{"cards_removed":["Defend_R"],"damage_healed":0,"gold_gain":0,"player_choice":"Card Removal","damage_taken":0,"max_hp_gain":0,"max_hp_loss":0,"event_name":"The Cleric","floor":5,"gold_loss":50},{"damage_healed":0,"gold_gain":0,"player_choice":"Take Damage","damage_taken":20,"relics_obtained":["Golden Idol"],"max_hp_gain":0,"max_hp_loss":0,"event_name":"Golden Idol","floor":7,"gold_loss":0},{"damage_healed":0,"gold_gain":69,"player_choice":"Gained Gold","damage_taken":0,"max_hp_gain":0,"max_hp_loss":0,"event_name":"Golden Wing","floor":14,"gold_loss":0}],"is_beta":false,"boss_relics":[],"items_purged_floors":[],"is_endless":false,"potions_floor_spawned":[1,4,10],"killed_by":"The Guardian","ascension_level":4}}