{"host":"lsq35p0sdkx2xifo","time":1614435828,"event":{"mods":["AchievementEnabler","BaseMod","Highlight Path","Minty Spire (QoL Compilation)","StSLib","The Senshi"],"gold_per_floor":[112,23,36,56,56,56,83,83,83,83,101,114,142,158,158,235,235,250,170,170,170,170],"floor_reached":21,"language":"ENG","playtime":1344,"items_purged":[],"score":331,"play_id":"a3606581-d6f8-4d8f-a9bc-10e445da66d2","local_time":"20210227062348","is_ascension_mode":true,"campfire_choices":[{"floor":6,"key":"REST"},{"floor":8,"key":"REST"},{"floor":15,"key":"REST"}],"circlet_count":0,"master_deck":["AscendersBane","Strike_G+1","Strike_G+1","Strike_G+1","Strike_G+1","Strike_G+1","Defend_G+1","Defend_G+1","Defend_G+1","Defend_G+1","Survivor","Neutralize+1","Blur","Blade Dance","Caltrops+1","Dash","Cloak And Dagger","Dodge and Roll","Deflect","PiercingWail","After Image","Prepared","Noxious Fumes","Deflect","Prepared","Envenom","Backflip","Sucker Punch","Sucker Punch","Well Laid Plans+1"],"relics":["Ring of the Snake","theSenshi:SpiralHeartMoonRodRelic","Prayer Wheel","Odd Mushroom","SlaversCollar"],"acts_visited":["Exordium","TheCity"],"potions_floor_usage":[7,13,16,16],"damage_taken":[{"damage":0,"enemies":"Cultist","floor":1,"turns":4},{"damage":0,"enemies":"Small Slimes","floor":3,"turns":4},{"damage":5,"enemies":"2 Louse","floor":4,"turns":3},{"damage":33,"enemies":"3 Sentries","floor":7,"turns":14},{"damage":1,"enemies":"Looter","floor":11,"turns":4},{"damage":0,"enemies":"2 Fungi Beasts","floor":12,"turns":4},{"damage":13,"enemies":"The Mushroom Lair","floor":13,"turns":6},{"damage":0,"enemies":"Exordium Wildlife","floor":14,"turns":4},{"damage":11,"enemies":"Slime Boss","floor":16,"turns":12},{"damage":19,"enemies":"Spheric Guardian","floor":18,"turns":7},{"damage":22,"enemies":"2 Thieves","floor":19,"turns":4},{"damage":37,"enemies":"Centurion and Healer","floor":21,"turns":5}],"seed_played":"5384663646812846496","potions_obtained":[{"floor":1,"key":"Strength Potion"},{"floor":4,"key":"SkillPotion"},{"floor":12,"key":"DistilledChaos"},{"floor":14,"key":"SteroidPotion"}],"is_trial":false,"path_per_floor":["M","$","M","M","?","R","E","R","T","?","M","M","?","M","R","B",null,"M","M","?","M"],"character_chosen":"THE_SILENT","items_purchased":["Caltrops"],"campfire_rested":3,"item_purchase_floors":[2],"current_hp_per_floor":[59,59,59,54,34,53,20,39,39,39,40,44,37,41,60,57,64,47,25,25,0,0],"gold":170,"neow_bonus":"TRANSFORM_CARD","is_daily":false,"chose_seed":false,"campfire_upgraded":0,"win_rate":0.0,"timestamp":1614435828,"path_taken":["M","$","M","M","?","R","E","R","T","?","M","M","?","M","R","BOSS","M","M","?","M"],"items_purchased_type":["Card"],"build_version":"2020-12-22","purchased_purges":0,"victory":false,"max_hp_per_floor":[66,66,66,66,66,66,66,66,66,66,66,66,66,66,66,66,66,66,66,66,66,66],"card_choices":[{"not_picked":["Endless Agony","Deflect"],"picked":"Blade Dance","floor":1},{"not_picked":["Bane","Underhanded Strike"],"picked":"Dash","floor":3},{"not_picked":["Endless Agony","Well Laid Plans"],"picked":"Cloak And Dagger","floor":4},{"not_picked":["Flying Knee","Deadly Poison"],"picked":"Dodge and Roll","floor":7},{"not_picked":["Deadly Poison","Endless Agony"],"picked":"Deflect","floor":11},{"not_picked":["Distraction","Expertise"],"picked":"PiercingWail","floor":11},{"not_picked":["Slice","Dodge and Roll"],"picked":"After Image","floor":12},{"not_picked":["Reflex","Riddle With Holes"],"picked":"Prepared","floor":12},{"not_picked":["Predator","Dagger Throw"],"picked":"Noxious Fumes","floor":13},{"not_picked":["Poisoned Stab","Quick Slash"],"picked":"Deflect","floor":14},{"not_picked":["Poisoned Stab","Catalyst"],"picked":"Prepared","floor":14},{"not_picked":["Doppelganger","Adrenaline"],"picked":"Envenom","floor":16},{"not_picked":["Dagger Spray","Night Terror"],"picked":"Backflip","floor":18},{"not_picked":["Dagger Throw","Deadly Poison"],"picked":"Sucker Punch","floor":18},{"not_picked":["Dagger Spray","Cloak And Dagger"],"picked":"Sucker Punch","floor":19},{"not_picked":["Backflip","Poisoned Stab"],"picked":"Well Laid Plans+1","floor":19}],"player_experience":1445918,"relics_obtained":[{"floor":7,"key":"theSenshi:SpiralHeartMoonRodRelic"},{"floor":9,"key":"Prayer Wheel"},{"floor":13,"key":"Odd Mushroom"}],"event_choices":[{"damage_healed":0,"gold_gain":0,"player_choice":"Entered Light","damage_taken":20,"max_hp_gain":0,"max_hp_loss":0,"event_name":"Shining Light","floor":5,"gold_loss":0,"cards_upgraded":["Strike_G","Caltrops"]},{"damage_healed":0,"gold_gain":0,"player_choice":"Grow","damage_taken":0,"max_hp_gain":0,"max_hp_loss":0,"event_name":"Living Wall","floor":10,"gold_loss":0,"cards_upgraded":["Neutralize"]},{"damage_healed":0,"gold_gain":0,"player_choice":"Fought Mushrooms","damage_taken":0,"max_hp_gain":0,"max_hp_loss":0,"event_name":"Mushrooms","floor":13,"gold_loss":0},{"damage_healed":0,"gold_gain":0,"player_choice":"Simplicity","damage_taken":0,"max_hp_gain":0,"max_hp_loss":0,"event_name":"Back to Basics","floor":20,"gold_loss":0,"cards_upgraded":["Strike_G","Strike_G","Strike_G","Strike_G","Defend_G","Defend_G","Defend_G","Defend_G"]}],"is_beta":false,"boss_relics":[{"not_picked":["Pandora\u0027s Box","HoveringKite"],"picked":"SlaversCollar"}],"items_purged_floors":[],"is_endless":false,"potions_floor_spawned":[1,4,12,14],"killed_by":"Centurion and Healer","ascension_level":17}}