{"host":"6p0attdrtjqaih7v","time":1614407198,"event":{"mods":["2.2 Compatiblity","AchievementEnabler","BaseMod","Better Skull","Better Third Choice","Better Vampires","Card Filter","Colored Powertips","Hermit","Highlight Path","Hubris","Key Reminder","Minty Spire (QoL Compilation)","Permanent Neow","Quick Restart","Random Character Button","Relic Filter","Relic Stats","Reliquary","Replay The Spire","Robot Space Explorer","StSLib","The Construct","The Gatherer","The Hayseed","The Runesmith","The Witch"],"gold_per_floor":[114,114,128,178,197,197,213,213,286,303,328,57,77,90,90,167,167,185,196,12,41,41,41,75,75,123,152,169,200,200,290,302,389,401,401],"floor_reached":34,"language":"ENG","playtime":1163,"items_purged":["Strike_B"],"score":895,"play_id":"03df5952-3a4d-4a87-a70a-77854352bd95","local_time":"20210227012638","is_ascension_mode":true,"campfire_choices":[{"floor":6.0,"key":"RECALL"},{"floor":8.0,"key":"REST"},{"floor":15.0,"key":"REST"},{"floor":23.0,"key":"REST"},{"floor":25.0,"key":"REST"},{"floor":30.0,"key":"REST"},{"floor":32.0,"key":"REST"}],"circlet_count":0,"master_deck":["AscendersBane","Zap","Dualcast","Barrage","Leap","Leap","Streamline","Sweeping Beam","Undo","Doom and Gloom","Sweeping Beam","Echo Form","Glacier","FIFO Queue","Melter","Turbo","Conserve Battery","Go for the Eyes","Coolheaded","Capacitor","Apotheosis","Defragment","Turbo","Steam+1","Glacier","Go for the Eyes","Seek"],"relics":["Fusion Hammer","keyreminder:keyreminder","Mercury Hourglass","Strawberry","Membership Card","Pandora\u0027s Box","Raider\u0027s Mask","Red Mask","Lizard Tail","Toy Ornithopter","Akabeko","Gremlin Horn","MawBank"],"acts_visited":["Exordium","TheCity"],"potions_floor_usage":[],"damage_taken":[{"damage":7.0,"enemies":"2 Louse","floor":1.0,"turns":2.0},{"damage":0.0,"enemies":"Cultist","floor":3.0,"turns":3.0},{"damage":7.0,"enemies":"Small Slimes","floor":5.0,"turns":4.0},{"damage":8.0,"enemies":"Red Slaver","floor":7.0,"turns":3.0},{"damage":8.0,"enemies":"Exordium Wildlife","floor":10.0,"turns":4.0},{"damage":51.0,"enemies":"Gremlin Nob","floor":11.0,"turns":5.0},{"damage":0.0,"enemies":"2 Fungi Beasts","floor":13.0,"turns":3.0},{"damage":0.0,"enemies":"Looter","floor":14.0,"turns":3.0},{"damage":11.0,"enemies":"Slime Boss","floor":16.0,"turns":7.0},{"damage":21.0,"enemies":"2 Thieves","floor":18.0,"turns":4.0},{"damage":0.0,"enemies":"3 Byrds","floor":19.0,"turns":3.0},{"damage":27.0,"enemies":"Masked Bandits","floor":21.0,"turns":4.0},{"damage":39.0,"enemies":"Gremlin Leader","floor":24.0,"turns":5.0},{"damage":25.0,"enemies":"Replay:Snechameleon","floor":27.0,"turns":7.0},{"damage":3.0,"enemies":"Centurion and Healer","floor":28.0,"turns":7.0},{"damage":0.0,"enemies":"Book of Stabbing","floor":29.0,"turns":6.0},{"damage":7.0,"enemies":"Champ","floor":33.0,"turns":10.0}],"seed_played":"171535477284947561","potions_obtained":[{"floor":1.0,"key":"AttackPotion"},{"floor":3.0,"key":"FearPotion"},{"floor":11.0,"key":"FearPotion"},{"floor":14.0,"key":"FearPotion"},{"floor":16.0,"key":"Fire Potion"},{"floor":18.0,"key":"PowerPotion"},{"floor":24.0,"key":"Fire Potion"},{"floor":29.0,"key":"Explosive Potion"}],"is_trial":false,"path_per_floor":["M","?","M","?","M","R","M","R","T","M","E","$","M","M","R","B",null,"M","M","$","?","?","R","E","R","T","E","M","E","R","?","R","B",null],"character_chosen":"DEFECT","items_purchased":["Membership Card","Undo","Doom and Gloom","Apotheosis","Raider\u0027s Mask"],"campfire_rested":6,"item_purchase_floors":[12,12,12,20,20],"current_hp_per_floor":[57,66,66,58,51,51,43,67,67,59,15,15,15,15,41,30,73,52,52,52,25,97,97,58,87,87,62,59,59,88,88,97,90,90,90],"gold":401,"neow_bonus":"BOSS_RELIC","is_daily":false,"chose_seed":false,"campfire_upgraded":0,"win_rate":0.0,"timestamp":1614407198,"path_taken":["M","?","M","?","M","R","M","R","T","M","E","$","?","M","R","BOSS","M","M","$","?","?","R","E","R","T","E","?","E","R","?","R","BOSS"],"items_purchased_type":["Relic","Card","Card","Card","Relic"],"build_version":"2020-12-22","purchased_purges":1,"victory":false,"max_hp_per_floor":[71,80,80,80,80,80,80,80,80,80,87,87,87,87,87,87,87,87,87,87,87,97,97,97,97,97,97,97,97,97,97,97,97,97,97],"relic_stats":{"Lizard Tail":0,"Gremlin Horn":[0,0],"counters":[17,80],"Pandora\u0027s Box":["All For One","Glacier","FIFO Queue","Melter","Turbo","Conserve Battery","Go for the Eyes"],"MawBank":36,"obtain_stats":[{"Gremlin Horn":29,"Raider\u0027s Mask":20,"MawBank":31,"Akabeko":27,"Mercury Hourglass":9,"keyreminder:keyreminder":6,"Lizard Tail":24,"Strawberry":11,"Pandora\u0027s Box":17,"Fusion Hammer":0,"Red Mask":21,"Membership Card":12,"Cracked Core":0,"Toy Ornithopter":26},{"Gremlin Horn":16,"Raider\u0027s Mask":11,"MawBank":16,"Akabeko":14,"Mercury Hourglass":4,"keyreminder:keyreminder":3,"Lizard Tail":13,"Strawberry":6,"Pandora\u0027s Box":9,"Fusion Hammer":0,"Red Mask":12,"Membership Card":6,"Cracked Core":0,"Toy Ornithopter":13},{"Gremlin Horn":70,"Raider\u0027s Mask":41,"MawBank":70,"Akabeko":57,"Mercury Hourglass":12,"keyreminder:keyreminder":9,"Lizard Tail":50,"Strawberry":21,"Pandora\u0027s Box":34,"Fusion Hammer":0,"Red Mask":45,"Membership Card":21,"Cracked Core":0,"Toy Ornithopter":50}],"Toy Ornithopter":0,"Mercury Hourglass":[264]},"card_choices":[{"not_picked":["ReplayTheSpireMod:Calculation Training","Turbo"],"picked":"Barrage","floor":1.0},{"not_picked":["Reprogram","Go for the Eyes","Turbo"],"picked":"SKIP","floor":3.0},{"not_picked":["Turbo","Conserve Battery"],"picked":"Leap","floor":5.0},{"not_picked":["Steam Power","Beam Cell"],"picked":"Leap","floor":7.0},{"not_picked":["Self Repair","Darkness"],"picked":"Streamline","floor":10.0},{"not_picked":["Skim","Barrage"],"picked":"Sweeping Beam","floor":11.0},{"not_picked":["Conserve Battery","Fission","Leap"],"picked":"SKIP","floor":13.0},{"not_picked":["Auto Shields","Beam Cell"],"picked":"Sweeping Beam","floor":14.0},{"not_picked":["Machine Learning","Electrodynamics"],"picked":"Echo Form","floor":16.0},{"not_picked":["Beam Cell","Stack"],"picked":"Coolheaded","floor":18.0},{"not_picked":["Rip and Tear","Stack"],"picked":"Capacitor","floor":19.0},{"not_picked":["Hello World","FIFO Queue"],"picked":"Defragment","floor":21.0},{"not_picked":["Compile Driver","Beam Cell"],"picked":"Turbo","floor":24.0},{"not_picked":["Static Discharge","Recycle"],"picked":"Steam+1","floor":27.0},{"not_picked":["Stack","Scrape"],"picked":"Glacier","floor":28.0},{"not_picked":["ReplayTheSpireMod:System Scan+1","Cold Snap","Turbo"],"picked":"SKIP","floor":29.0},{"not_picked":["Scrape","Darkness"],"picked":"Go for the Eyes","floor":31.0},{"not_picked":["Core Surge","Rainbow"],"picked":"Seek","floor":33.0}],"player_experience":1245799,"relics_obtained":[{"floor":9.0,"key":"Mercury Hourglass"},{"floor":11.0,"key":"Strawberry"},{"floor":21.0,"key":"Red Mask"},{"floor":24.0,"key":"Lizard Tail"},{"floor":26.0,"key":"Toy Ornithopter"},{"floor":27.0,"key":"Akabeko"},{"floor":29.0,"key":"Gremlin Horn"},{"floor":31.0,"key":"MawBank"}],"event_choices":[{"damage_healed":0.0,"max_hp_gain":0.0,"max_hp_loss":0.0,"gold_gain":50.0,"event_name":"FaceTrader","player_choice":"Touch","floor":4.0,"gold_loss":0.0,"damage_taken":8.0},{"damage_healed":0.0,"max_hp_gain":0.0,"max_hp_loss":0.0,"gold_gain":0.0,"event_name":"Masked Bandits","player_choice":"Fought Bandits","floor":21.0,"gold_loss":0.0,"damage_taken":0.0},{"cards_removed":["All For One"],"damage_healed":62.0,"max_hp_gain":10.0,"max_hp_loss":0.0,"gold_gain":0.0,"event_name":"Bonfire Elementals","player_choice":"Offered Rare","floor":22.0,"gold_loss":0.0,"damage_taken":0.0}],"is_beta":false,"boss_relics":[{"not_picked":["SacredBark","Abe\u0027s Treasure"],"picked":"Pandora\u0027s Box"}],"items_purged_floors":[12],"is_endless":false,"potions_floor_spawned":[1,3,11,14,16,18,19,24,29],"ascension_level":20}}