{"host":"9c9syrivwe4sfpe0","time":1614432396,"event":{"mods":["AchievementEnabler","BaseMod","Colored Powertips","DeckTracker","GifTheSpireLib","Highlight Path","Minty Spire (QoL Compilation)","Quick Restart","Random Character Button","StSLib","SuperFastMode"],"gold_per_floor":[110,6,22,36,36,36,36,36,63,92,104,165,165,176,176,278,278,295,295,295,313,9,9,21,21,21,120,131,145,175,197,197,197,197],"floor_reached":33,"language":"ENG","playtime":785,"items_purged":[],"score":453,"play_id":"7fdc5147-1c82-43ec-bd0e-efd682cbd8a5","local_time":"20210228002636","is_ascension_mode":true,"campfire_choices":[{"data":"Zap","floor":6,"key":"SMITH"},{"floor":13,"key":"REST"},{"floor":15,"key":"REST"},{"floor":23,"key":"REST"},{"floor":32,"key":"RECALL"}],"circlet_count":0,"master_deck":["Strike_B+1","Strike_B+1","Strike_B+1","Strike_B+1","Defend_B+1","Defend_B+1","Defend_B+1","Defend_B+1","Zap+1","Dualcast+1","Streamline","Ball Lightning","Regret","Electrodynamics","Redo","Rip and Tear","Echo Form","Defragment","Auto Shields+1","White Noise+1","Ghostly","Ghostly","Ghostly","Ghostly","Ghostly","Doom and Gloom+1","Sunder+1"],"relics":["Cracked Core","NeowsBlessing","Singing Bowl","Smiling Mask","Pen Nib","HornCleat","Ginger","Fusion Hammer","Enchiridion","Runic Capacitor","Vajra","War Paint","CeramicFish"],"acts_visited":["Exordium","TheCity"],"potions_floor_usage":[12,12,33],"damage_taken":[{"damage":0,"enemies":"Jaw Worm","floor":1,"turns":1},{"damage":0,"enemies":"Cultist","floor":3,"turns":1},{"damage":0,"enemies":"Small Slimes","floor":4,"turns":1},{"damage":39,"enemies":"Lagavulin","floor":10,"turns":5},{"damage":2,"enemies":"Looter","floor":11,"turns":2},{"damage":17,"enemies":"Lagavulin Event","floor":12,"turns":4},{"damage":2,"enemies":"2 Fungi Beasts","floor":14,"turns":2},{"damage":2,"enemies":"Slime Boss","floor":16,"turns":6},{"damage":3,"enemies":"Spheric Guardian","floor":18,"turns":3},{"damage":8,"enemies":"Chosen","floor":21,"turns":4},{"damage":0,"enemies":"Snecko","floor":24,"turns":3},{"damage":0,"enemies":"Snake Plant","floor":28,"turns":4},{"damage":3,"enemies":"Centurion and Healer","floor":29,"turns":5},{"damage":6,"enemies":"Gremlin Leader","floor":30,"turns":5},{"damage":2,"enemies":"3 Cultists","floor":31,"turns":3},{"damage":63,"enemies":"Automaton","floor":33,"turns":6}],"seed_played":"1246585475184101843","potions_obtained":[{"floor":3,"key":"Dexterity Potion"},{"floor":11,"key":"LiquidMemories"},{"floor":18,"key":"Dexterity Potion"},{"floor":28,"key":"FocusPotion"},{"floor":31,"key":"Dexterity Potion"}],"is_trial":false,"path_per_floor":["M","?","M","M","?","R","?","$","T","E","M","?","R","M","R","B",null,"M","?","?","M","$","R","M","?","T","?","M","M","E","M","R","B"],"character_chosen":"DEFECT","items_purchased":["Runic Capacitor","Vajra"],"campfire_rested":3,"item_purchase_floors":[22,22],"current_hp_per_floor":[68,68,68,70,70,70,70,70,70,31,29,12,35,35,58,56,73,70,54,54,46,46,69,69,39,39,39,41,38,34,32,32,0,0],"gold":197,"neow_bonus":"THREE_ENEMY_KILL","is_daily":false,"chose_seed":false,"campfire_upgraded":1,"win_rate":0.0,"timestamp":1614432396,"path_taken":["M","?","?","M","?","R","?","$","T","E","M","?","R","M","R","BOSS","M","?","?","?","$","R","M","?","T","?","M","M","E","M","R","BOSS"],"items_purchased_type":["Relic","Relic"],"build_version":"2020-12-22","purchased_purges":0,"victory":false,"max_hp_per_floor":[75,75,75,77,77,77,77,77,77,77,77,77,77,79,79,79,79,79,79,79,79,79,79,79,39,39,39,41,41,43,43,43,43,43],"card_choices":[{"not_picked":["Beam Cell","Rebound"],"picked":"Streamline","floor":1},{"not_picked":["Self Repair","Stack"],"picked":"Ball Lightning","floor":3},{"not_picked":["Steam","Go for the Eyes","Turbo"],"picked":"Singing Bowl","floor":4},{"not_picked":["Sweeping Beam","Rebound"],"picked":"Electrodynamics","floor":10},{"not_picked":["Compile Driver","Hologram"],"picked":"Redo","floor":11},{"not_picked":["Reprogram","Recycle"],"picked":"Rip and Tear","floor":12},{"not_picked":["Double Energy","Static Discharge","Tempest"],"picked":"Singing Bowl","floor":14},{"not_picked":["Hyperbeam","Machine Learning"],"picked":"Echo Form","floor":16},{"not_picked":["Darkness","Steam"],"picked":"Defragment","floor":18},{"not_picked":["Scrape","Skim"],"picked":"Auto Shields","floor":21},{"not_picked":["Loop","Ball Lightning"],"picked":"White Noise","floor":24},{"not_picked":["Reinforced Body","Redo","Blizzard+1"],"picked":"Singing Bowl","floor":28},{"not_picked":["Hologram","Skim"],"picked":"Doom and Gloom+1","floor":29},{"not_picked":["Self Repair","Stack+1","Sweeping Beam"],"picked":"Singing Bowl","floor":30},{"not_picked":["Stack","Compile Driver"],"picked":"Sunder+1","floor":31}],"player_experience":875888,"relics_obtained":[{"floor":9,"key":"Pen Nib"},{"floor":10,"key":"HornCleat"},{"floor":12,"key":"Ginger"},{"floor":19,"key":"Enchiridion"},{"floor":26,"key":"War Paint"},{"floor":30,"key":"CeramicFish"}],"event_choices":[{"damage_healed":0,"gold_gain":0,"player_choice":"Paid Gold","damage_taken":0,"relics_obtained":["Singing Bowl"],"max_hp_gain":0,"max_hp_loss":0,"event_name":"WeMeetAgain","floor":2,"gold_loss":104},{"damage_healed":0,"gold_gain":0,"player_choice":"Box","damage_taken":0,"relics_obtained":["Smiling Mask"],"max_hp_gain":0,"max_hp_loss":0,"event_name":"Big Fish","floor":5,"gold_loss":0,"cards_obtained":["Regret"]},{"damage_healed":0,"gold_gain":0,"player_choice":"Grow","damage_taken":0,"max_hp_gain":0,"max_hp_loss":0,"event_name":"Living Wall","floor":7,"gold_loss":0,"cards_upgraded":["Dualcast"]},{"damage_healed":0,"gold_gain":0,"player_choice":"Searched \u00271\u0027 times","damage_taken":0,"max_hp_gain":0,"max_hp_loss":0,"event_name":"Dead Adventurer","floor":12,"gold_loss":0},{"damage_healed":0,"gold_gain":0,"player_choice":"Obtained Book","damage_taken":16,"max_hp_gain":0,"max_hp_loss":0,"event_name":"Cursed Tome","floor":19,"gold_loss":0},{"damage_healed":0,"gold_gain":0,"player_choice":"Simplicity","damage_taken":0,"max_hp_gain":0,"max_hp_loss":0,"event_name":"Back to Basics","floor":20,"gold_loss":0,"cards_upgraded":["Strike_B","Strike_B","Strike_B","Strike_B","Defend_B","Defend_B","Defend_B","Defend_B"]},{"damage_healed":0,"gold_gain":0,"player_choice":"Became a Ghost","damage_taken":0,"max_hp_gain":0,"max_hp_loss":40,"event_name":"Ghosts","floor":25,"gold_loss":0,"cards_obtained":["Ghostly","Ghostly","Ghostly","Ghostly","Ghostly"]},{"damage_healed":0,"gold_gain":99,"player_choice":"Stole From Cult","damage_taken":0,"max_hp_gain":0,"max_hp_loss":0,"event_name":"Nest","floor":27,"gold_loss":0}],"is_beta":false,"boss_relics":[{"not_picked":["FrozenCore","Busted Crown"],"picked":"Fusion Hammer"}],"items_purged_floors":[],"is_endless":false,"potions_floor_spawned":[3,11,18,28,31],"killed_by":"Automaton","ascension_level":7}}