{"host":"h3awr6eovmieyhyn","time":1614395851,"event":{"mods":["Act Like it!","Aspiration","BaseMod","BetterRewards","Downfall","Gensokyo","Hallownest","Hubris","Infinite Spire","Marisa????????","Minty Spire (QoL Compilation)","Replay The Spire","Robot Space Explorer","StSLib","Td1madao Mod","The Bug Knight","The Cursed","The Disciple","The Hierophant","The Jungle","The Servant 0.9.4","[IsaacMod]????"],"gold_per_floor":[99,99,114,132,132,132,159,187,187,187,216,104,104,65,77,174,174,174,174,185,196,216,234,286,286,317,146,160,160,160,12,23,126,126,176,186,292,292,292,20,20,20,20,20],"floor_reached":43,"language":"ENG","playtime":2167,"items_purged":[],"score":400,"play_id":"a74b3d24-b484-432f-9a2f-748873bc87b3","local_time":"20210227031731","daily_mods":["SealedDeck","Diverse","Colorless Cards","Heirloom","Flight","DeadlyEvents","Lethality"],"is_ascension_mode":false,"campfire_choices":[{"floor":1.0,"key":"DIG"},{"data":"hexamod:Firestarter","floor":9.0,"key":"SMITH"},{"data":"bronze:BuggyMess","floor":13.0,"key":"SMITH"},{"data":"ManaRampage","floor":18.0,"key":"SMITH"},{"data":"bronze:Flail","floor":25.0,"key":"SMITH"},{"data":"sneckomod:UnknownClassMARISA_DERIVATIONS","floor":30,"key":"SMITH"},{"floor":42,"key":"REST"}],"circlet_count":0,"master_deck":["hierophant:Community","sneckomod:UnknownClassRED","HollowMod:CoiledNail","hexamod:Firestarter+1","Black Spear","Starlight","sneckomod:UnknownClassMARISA_DERIVATIONS+1","LockedOrichalcum","ReapSow","Writhe","Consecrate","bronze:CutThrough","HollowMod:SoulStrike","champ:StanceDance","bronze:BuggyMess+1","Sword Boomerang","EmptyFist+1","Endless Agony","ManaRampage+1","sneckomod:Unknown1Cost+1","Tantrum+1","TheCursedMod:StingEye+1","Oblique Hack","bronze:Flail+1","sneckomod:UnknownStrike","sneckomod:UnknownClassMARISA_DERIVATIONS+1","sneckomod:UnknownUncommonAttack","Guardian:PrismaticBeam","ResonantCall","LessonLearned","MilkyWay+1","bronze:Safeguard+1","Havoc","Distraction","expansioncontent:AwakenDeath","ReplayTheSpireMod:Book of Names","hierophant:Sermon","sneckomod:UnknownClassROBOT_ORANGE_COLOR","expansioncontent:DashGenerateEvil","Crippling Poison"],"relics":["Apod","replay:Trail_Library","HushsDoor","Lizard Tail","BloodDonationMachine","hubris:Spice","Happy Flower","hubris:Icosahedron","Strawberry","Ring of Chaos","Bird Faced Urn","Gremlin Food","SlaversCollar"],"acts_visited":["Hallownest:Greenpath","TheCity","TheBeyond"],"potions_floor_usage":[33,33,33],"damage_taken":[{"damage":4.0,"enemies":"Hallownest:monsterHuskGuard","floor":3.0,"turns":3.0},{"damage":0.0,"enemies":"Hallownest:monsterHuskWarrior","floor":4.0,"turns":1.0},{"damage":34.0,"enemies":"Hallownest:eliteMossKnight","floor":8.0,"turns":5.0},{"damage":9.0,"enemies":"Hallownest:eliteVengeflyKing","floor":11.0,"turns":4.0},{"damage":21.0,"enemies":"downfall:FleeingMerchant","floor":12.0,"turns":4.0},{"damage":24.0,"enemies":"downfall:FleeingMerchant","floor":14.0,"turns":4.0},{"damage":14.0,"enemies":"2_ Uuma","floor":15.0,"turns":2.0},{"damage":27.0,"enemies":"SI_SHIV_ARCHETYPE","floor":16.0,"turns":4.0},{"damage":0.0,"enemies":"Spheric Guardian","floor":20.0,"turns":1.0},{"damage":12.0,"enemies":"Chosen","floor":21.0,"turns":3.0},{"damage":0.0,"enemies":"Sentry and Sphere","floor":22.0,"turns":2.0},{"damage":24.0,"enemies":"Centurion and Healer","floor":23.0,"turns":3.0},{"damage":71.0,"enemies":"Nightmare","floor":26.0,"turns":4.0},{"damage":27.0,"enemies":"downfall:FleeingMerchant","floor":27.0,"turns":4.0},{"damage":0,"enemies":"Snake Plant","floor":28,"turns":2},{"damage":6,"enemies":"Chosen and Byrds","floor":32,"turns":3},{"damage":14,"enemies":"WA_ARCHETYPE_CALM","floor":33,"turns":3},{"damage":39,"enemies":"3 Darklings","floor":36,"turns":3},{"damage":81,"enemies":"Nemesis","floor":43,"turns":2}],"seed_played":"-1401722925257713181","potions_obtained":[{"floor":3.0,"key":"LiquidMemories"},{"floor":11.0,"key":"Dexterity Potion"},{"floor":15.0,"key":"champ:CounterPotion"},{"floor":16.0,"key":"Swift Potion"},{"floor":21.0,"key":"Dexterity Potion"},{"floor":26.0,"key":"PowerPotion"},{"floor":33,"key":"FearPotion"}],"is_trial":true,"path_per_floor":["R","?","M","M","?","WH","T","E","R","?","E","$","R","$","M","B",null,"R","WH","M","M","M","M","T","R","NM","$","M","?","R","$","M","B",null,"R","M","?","?","AVR","$","T","R","E"],"character_chosen":"TD1MADAO_CLASS","items_purchased":["bronze:BuggyMess","EmptyFist","Bird Faced Urn","sneckomod:UnknownClassMARISA_DERIVATIONS+1","sneckomod:UnknownUncommonAttack","AttackPotion","ColorlessPotion","Gremlin Food","hierophant:Sermon","sneckomod:UnknownClassROBOT_ORANGE_COLOR","expansioncontent:DashGenerateEvil"],"campfire_rested":1,"item_purchase_floors":[12,14,27,27,27,27,27,31,40,40,40],"current_hp_per_floor":[78,87,83,83,83,91,99,65,65,65,101,80,80,56,42,15,110,110,121,121,109,109,85,85,85,14,45,49,49,49,49,45,33,105,105,66,40,40,40,40,40,69,0,0],"gold":20,"neow_bonus":"TEN_PERCENT_HP_BONUS","is_daily":false,"chose_seed":false,"campfire_upgraded":5,"win_rate":0.0,"timestamp":1614395851,"path_taken":["R","?","M","M","?","WH","T","E","R","?","?","$","R","?","M","BOSS","R","WH","?","M","?","M","T","R","NM","$","M","?","R","$","M","BOSS","R","M","?","?","AVR","$","T","R","?"],"items_purchased_type":["Card","Card","Relic","Card","Card","Potion","Potion","Relic","Card","Card","Card"],"build_version":"2020-12-22","purchased_purges":0,"victory":false,"max_hp_per_floor":[78,87,87,87,87,95,103,103,103,103,110,110,110,110,110,110,110,110,121,121,121,121,121,113,113,105,105,105,105,105,105,105,105,105,105,105,105,105,105,105,97,97,97,97],"card_choices":[{"not_picked":["sneckomod:UnknownUncommonAttack","Guardian:PrimingBeam"],"picked":"Consecrate","floor":3.0},{"not_picked":["HollowMod:SiblingsSouls","Guardian:ShieldCharger"],"picked":"bronze:CutThrough","floor":4.0},{"not_picked":["Replay:AtTheReady","Slimebound:LeechingTouch"],"picked":"HollowMod:SoulStrike","floor":8.0},{"not_picked":["Slimebound:Grow","Slimebound:Equalize"],"picked":"champ:StanceDance","floor":11.0},{"not_picked":["ReapSow","Midas Touch"],"picked":"Guardian:Gem_Cyan","floor":12.0},{"not_picked":["hubris:SpiceAddiction","RobotSpaceExplorer:StarDust"],"picked":"Sword Boomerang","floor":14.0},{"not_picked":["Replay:BasicMightCard","hierophant:DisplayOfPower"],"picked":"Endless Agony","floor":15.0},{"not_picked":["Solidify","Fission"],"picked":"ManaRampage","floor":16.0},{"not_picked":["TheCursedMod:SurpriseAttack+1","Guardian:Harden"],"picked":"sneckomod:Unknown1Cost+1","floor":20.0},{"not_picked":["HollowMod:DoubleDash","TheCursedMod:PrepareRite+1"],"picked":"Tantrum","floor":21.0},{"not_picked":["Conclude","Protect"],"picked":"TheCursedMod:StingEye+1","floor":22.0},{"not_picked":["HollowMod:LuriensSpire","Guardian:Reroute"],"picked":"Oblique Hack","floor":23.0},{"not_picked":["hierophant:Doubloon+1","hierophant:Glossolalia+1"],"picked":"sneckomod:UnknownStrike","floor":26.0},{"not_picked":["Time Bomb+1","Guardian:Reroute"],"picked":"Guardian:PrismaticBeam","floor":28},{"not_picked":["ChargingUp","Static Discharge"],"picked":"ResonantCall","floor":32},{"not_picked":["Tools of the Trade","RobotSpaceExplorer:ChargingLaser"],"picked":"LessonLearned","floor":33},{"not_picked":["hierophant:Embezzle+1","bronze:BugBarrage+1"],"picked":"MilkyWay+1","floor":36},{"not_picked":["hubris:SpiceAddiction","hierophant:Shelter+1"],"picked":"bronze:Safeguard+1","floor":37},{"not_picked":["LockedScales","TheCursedMod:SpitefulPlan"],"picked":"Havoc","floor":37},{"not_picked":["bronze:BugBarrage","hubris:SpiceAddiction"],"picked":"Distraction","floor":37},{"not_picked":["expansioncontent:Chronoboost","expansioncontent:PolyBeam"],"picked":"expansioncontent:AwakenDeath","floor":38}],"player_experience":154112,"relics_obtained":[{"floor":1.0,"key":"hubris:Spice"},{"floor":7.0,"key":"hubris:Spice"},{"floor":8.0,"key":"Happy Flower"},{"floor":11.0,"key":"Strawberry"},{"floor":24.0,"key":"hubris:Spice"},{"floor":26.0,"key":"hubris:Spice"},{"floor":41,"key":"hubris:Spice"}],"event_choices":[],"is_beta":false,"boss_relics":[{"not_picked":["hubris:Spice","Abe\u0027s Treasure"],"picked":"Ring of Chaos"},{"not_picked":[]},{"not_picked":["Kintsugi","hubris:Spice"],"picked":"SlaversCollar"},{"not_picked":[]}],"items_purged_floors":[],"is_endless":true,"potions_floor_spawned":[3,11,15,16,21,26,33],"killed_by":"Nemesis","ascension_level":0}}