{"host":"lktusdb9orijgc6z","time":1614417780,"event":{"mods":["BaseMod","Bestiary","Colored Map","Colored Powertips","Minty Spire (QoL Compilation)","Permanent Neow","Quick Restart","Relic Stats","StSLib","everything is the same but u backflip on backflip","slay the spire mod where everything is the same but ironclad has a cowboy hat"],"gold_per_floor":[112,72,22,34,52,52,82,82,82,93,123,123,140,140,140,214,214,233,253,253,39,50,50,83,83,83,83,83],"floor_reached":27,"language":"ENG","playtime":1057,"items_purged":["Clumsy"],"score":482,"play_id":"1e75c401-3a94-402a-9c9a-39c071f61343","local_time":"20210227102300","is_ascension_mode":true,"campfire_choices":[{"data":"Bouncing Flask","floor":6.0,"key":"SMITH"},{"data":"Blade Dance","floor":8.0,"key":"SMITH"},{"data":"Blade Dance","floor":12,"key":"SMITH"},{"data":"Calculated Gamble","floor":15,"key":"SMITH"},{"data":"Blade Dance","floor":23,"key":"SMITH"},{"floor":25,"key":"REST"}],"circlet_count":0,"master_deck":["AscendersBane","Strike_G","Strike_G","Strike_G","Strike_G","Strike_G","Defend_G","Defend_G","Defend_G","Defend_G","Defend_G","Survivor","Neutralize","Bouncing Flask+1","Blade Dance+1","Poisoned Stab","Blade Dance+1","Sucker Punch","Calculated Gamble+1","Blade Dance+1","Dodge and Roll","Neutralize","After Image","Reflex","Leg Sweep+1","PiercingWail","Dodge and Roll+1"],"relics":["Ring of the Snake","Potion Belt","Centennial Puzzle","Ninja Scroll","Mummified Hand","SacredBark","Bag of Preparation","CaptainsWheel"],"acts_visited":["Exordium","TheCity"],"potions_floor_usage":[11,11,16,16,16,22,24,24,24],"damage_taken":[{"damage":9.0,"enemies":"Small Slimes","floor":1.0,"turns":7.0},{"damage":1.0,"enemies":"Cultist","floor":4.0,"turns":4.0},{"damage":0.0,"enemies":"2 Louse","floor":5.0,"turns":2.0},{"damage":17.0,"enemies":"3 Sentries","floor":7.0,"turns":7.0},{"damage":1.0,"enemies":"Lots of Slimes","floor":10.0,"turns":3.0},{"damage":8,"enemies":"Gremlin Nob","floor":11,"turns":3},{"damage":1,"enemies":"3 Louse","floor":13,"turns":3},{"damage":38,"enemies":"The Guardian","floor":16,"turns":8},{"damage":22,"enemies":"Shell Parasite","floor":18,"turns":4},{"damage":12,"enemies":"Spheric Guardian","floor":19,"turns":4},{"damage":0,"enemies":"Snecko","floor":22,"turns":4},{"damage":4,"enemies":"Gremlin Leader","floor":24,"turns":7},{"damage":38,"enemies":"3 Cultists","floor":27,"turns":6}],"seed_played":"-5160796201105179886","potions_obtained":[{"floor":1.0,"key":"Strength Potion"},{"floor":2.0,"key":"Energy Potion"},{"floor":2.0,"key":"FearPotion"},{"floor":2.0,"key":"Ancient Potion"},{"floor":5.0,"key":"GamblersBrew"},{"floor":10.0,"key":"FairyPotion"},{"floor":11,"key":"Strength Potion"},{"floor":13,"key":"AttackPotion"},{"floor":18,"key":"FearPotion"},{"floor":22,"key":"Block Potion"}],"is_trial":false,"path_per_floor":["M","?","$","M","M","R","E","R","T","M","E","R","M","?","R","B",null,"M","M","?","$","M","R","E","R","T","M"],"character_chosen":"THE_SILENT","items_purchased":["Blade Dance","DistilledChaos","AttackPotion"],"campfire_rested":1,"item_purchase_floors":[3,21,21],"current_hp_per_floor":[50,50,50,49,49,49,32,32,32,31,23,23,22,22,22,4,51,29,17,17,17,17,17,13,32,32,0,0],"gold":83,"neow_bonus":"RANDOM_COMMON_RELIC","is_daily":false,"chose_seed":false,"campfire_upgraded":5,"win_rate":0.0,"timestamp":1614417780,"path_taken":["M","?","$","M","M","R","E","R","T","?","E","R","M","?","R","BOSS","M","?","?","$","M","R","E","R","T","M"],"items_purchased_type":["Card","Potion","Potion"],"build_version":"2020-12-22","purchased_purges":1,"victory":false,"max_hp_per_floor":[66,66,66,66,66,66,66,66,66,66,66,66,66,66,66,66,66,66,66,66,66,66,66,66,66,66,66,66],"relic_stats":{"Centennial Puzzle":[24],"counters":[13,62],"Mummified Hand":[7],"Bag of Preparation":[0],"obtain_stats":[{"Potion Belt":0,"Centennial Puzzle":7,"CaptainsWheel":26,"Ninja Scroll":9,"Mummified Hand":11,"SacredBark":17,"Bag of Preparation":24,"Ring of the Snake":0},{"Potion Belt":0,"Centennial Puzzle":4,"CaptainsWheel":12,"Ninja Scroll":4,"Mummified Hand":6,"SacredBark":8,"Bag of Preparation":12,"Ring of the Snake":0},{"Potion Belt":0,"Centennial Puzzle":20,"CaptainsWheel":56,"Ninja Scroll":20,"Mummified Hand":26,"SacredBark":37,"Bag of Preparation":56,"Ring of the Snake":0}],"Ring of the Snake":[26]},"card_choices":[{"not_picked":["Cloak And Dagger","Quick Slash"],"picked":"Bouncing Flask","floor":1.0},{"not_picked":["PiercingWail","Sucker Punch"],"picked":"Poisoned Stab","floor":4.0},{"not_picked":["Endless Agony","Distraction"],"picked":"Blade Dance","floor":5.0},{"not_picked":["Underhanded Strike","Concentrate"],"picked":"Sucker Punch","floor":7.0},{"not_picked":["Deadly Poison","Outmaneuver"],"picked":"Calculated Gamble","floor":10.0},{"not_picked":["Acrobatics","Dash"],"picked":"Blade Dance","floor":11},{"not_picked":["Flechettes","Calculated Gamble"],"picked":"Dodge and Roll","floor":13},{"not_picked":["Malaise","Tools of the Trade"],"picked":"After Image","floor":16},{"not_picked":["Deadly Poison","Predator+1"],"picked":"Reflex","floor":18},{"not_picked":["Blur","Riddle With Holes"],"picked":"Leg Sweep+1","floor":19},{"not_picked":["Bane","Cloak And Dagger"],"picked":"PiercingWail","floor":22},{"not_picked":["Underhanded Strike+1","Finisher"],"picked":"Dodge and Roll+1","floor":24}],"player_experience":841125,"relics_obtained":[{"floor":7.0,"key":"Centennial Puzzle"},{"floor":9.0,"key":"Ninja Scroll"},{"floor":11,"key":"Mummified Hand"},{"floor":24,"key":"Bag of Preparation"},{"floor":26,"key":"CaptainsWheel"}],"event_choices":[{"damage_healed":0.0,"max_hp_gain":0.0,"max_hp_loss":0.0,"gold_gain":0.0,"event_name":"The Woman in Blue","player_choice":"Bought 3 Potions","floor":2.0,"gold_loss":0.0,"damage_taken":0.0},{"damage_healed":0,"gold_gain":0,"player_choice":"2 cards matched","damage_taken":0,"max_hp_gain":0,"max_hp_loss":0,"event_name":"Match and Keep!","floor":14,"gold_loss":0,"cards_obtained":["Neutralize","Clumsy"]},{"damage_healed":0,"gold_gain":0,"player_choice":"Ignored","damage_taken":0,"max_hp_gain":0,"max_hp_loss":0,"event_name":"Beggar","floor":20,"gold_loss":0}],"is_beta":false,"boss_relics":[{"not_picked":["Velvet Choker","HoveringKite"],"picked":"SacredBark"}],"items_purged_floors":[21],"is_endless":false,"potions_floor_spawned":[1,5,10,11,13,18,22],"killed_by":"3 Cultists","ascension_level":20}}