{"host":"id23shmscryl4psl","time":1614435075,"event":{"mods":["BaseMod","Better Altar","Better Match","Better Note","Better Sensory Stone","Better Skull","Better Third Choice","Colored Map","Colored Powertips","Dark Map","Downfall","FTL Soundtrack","Minty Spire (QoL Compilation)","Rare Cards Sparkle","Relic Stats","Robot Space Explorer","StSLib"],"gold_per_floor":[99,99,99,99,25,83,107,123,143,173,173,192,192,243,263,359,359,359,375,385,385,398,398,423,447,447,464,474,474,502,514,527,630,630,330,340,363,382,65,99,99,113,123,44,44,116,19,19,34,34,34,62,14,14,14,14,14,14],"floor_reached":56,"language":"ENG","playtime":3151,"items_purged":[],"score":797,"play_id":"cc9d8fe1-9244-439e-8171-4afd0c82b5d7","local_time":"20210227071115","is_ascension_mode":false,"campfire_choices":[{"floor":1,"key":"RECALL"},{"data":"Slimebound:LevelUp","floor":11,"key":"SMITH"},{"data":"Slimebound:LeadByExample","floor":13,"key":"SMITH"},{"data":"Slimebound:Overexert","floor":18,"key":"SMITH"},{"data":"Slimebound:OneTwoCombo","floor":35,"key":"SMITH"},{"data":"Slimebound:SlimeBarrage","floor":54,"key":"SMITH"}],"circlet_count":0,"master_deck":["Slimebound:Strike_Slimebound+1","Slimebound:Strike_Slimebound","Slimebound:Strike_Slimebound","Slimebound:Tackle+1","Slimebound:Defend_Slimebound+1","Slimebound:Defend_Slimebound","Slimebound:Defend_Slimebound","Slimebound:Defend_Slimebound+1","Slimebound:Split+1","Slimebound:CorrosiveSpit","Slimebound:SplitLeeching","Slimebound:SplitAcid","Slimebound:LevelUp+1","Slimebound:RollThrough","Slimebound:SplitLeeching","Slimebound:SplitBruiser","Slimebound:LeadByExample+1","Slimebound:SplitMire","Slimebound:SlimeSpikes","Slimebound:Overexert+1","Slimebound:SplitMire","Slimebound:SlimeTap+1","Slimebound:RejuvenatingLick","Slimebound:Schlurp","Slimebound:SlimeBarrage+1","Slimebound:DivideAndConquer","Slimebound:Repurpose","Slimebound:Replication+1","Slimebound:OneTwoCombo+1","Slimebound:LeechEnergy+1","Slimebound:RainOfGoop+1","Slimebound:SlimeBrawl+1","Slimebound:Schlurp+1","Slimebound:SplitAcid+1","Slimebound:MegaLick+1","expansioncontent:InvincibleStrength","Slimebound:Prepare","Slimebound:PressTheAttack+1","Slimebound:ProtectTheBoss"],"relics":["Slimebound:AbsorbEndCombatUpgraded","downfall:HeartsMalice","Tiny Chest","Bag of Preparation","Bag of Marbles","Black Star","PreservedInsect","Regal Pillow","Mummified Hand","Orichalcum","downfall:HeartBlessingRed","downfall:HeartBlessingGreen","downfall:HeartBlessingBlue","Oddly Smooth Stone","Potion Belt","OrangePellets","Centennial Puzzle","Bottled Flame","Darkstone Periapt","Blood Vial","MealTicket","Pear","Bottled Lightning","Kunai"],"acts_visited":["Exordium","TheCity","TheBeyond","TheEnding"],"potions_floor_usage":[10,10,10,19,30,30,30,39,39,52,52,56,56,56,56],"damage_taken":[{"damage":0,"enemies":"Jaw Worm","floor":2,"turns":1},{"damage":0,"enemies":"downfall:FleeingMerchant","floor":5,"turns":1},{"damage":0,"enemies":"Gremlin Nob","floor":6,"turns":1},{"damage":2,"enemies":"2 Louse","floor":8,"turns":3},{"damage":0,"enemies":"Cultist","floor":9,"turns":3},{"damage":11,"enemies":"Lagavulin","floor":10,"turns":5},{"damage":7,"enemies":"Blue Slaver","floor":12,"turns":3},{"damage":10,"enemies":"Lots of Slimes","floor":15,"turns":2},{"damage":26,"enemies":"DF_ARCHETYPE_STREAMLINE","floor":16,"turns":6},{"damage":5,"enemies":"Chosen","floor":19,"turns":4},{"damage":13,"enemies":"Spheric Guardian","floor":20,"turns":4},{"damage":9,"enemies":"Snake Plant","floor":22,"turns":3},{"damage":15,"enemies":"Snecko","floor":27,"turns":5},{"damage":5,"enemies":"Cultist and Chosen","floor":28,"turns":4},{"damage":0,"enemies":"Gremlin Leader","floor":30,"turns":3},{"damage":11,"enemies":"Sentry and Sphere","floor":31,"turns":4},{"damage":5,"enemies":"Centurion and Healer","floor":32,"turns":4},{"damage":40,"enemies":"IC_MUSHROOM_ARCHETYPE","floor":33,"turns":7},{"damage":10,"enemies":"3 Shapes","floor":36,"turns":4},{"damage":18,"enemies":"3 Darklings","floor":38,"turns":3},{"damage":7,"enemies":"downfall:FleeingMerchant","floor":39,"turns":4},{"damage":14,"enemies":"Nemesis","floor":40,"turns":5},{"damage":0,"enemies":"Spire Growth","floor":42,"turns":3},{"damage":9,"enemies":"4 Shapes","floor":43,"turns":5},{"damage":3,"enemies":"downfall:FleeingMerchant","floor":44,"turns":3},{"damage":0,"enemies":"Transient","floor":49,"turns":5},{"damage":56,"enemies":"WA_ARCHETYPE_DIVINITY","floor":50,"turns":9},{"damage":11,"enemies":"downfall:CharBossMerchant","floor":52,"turns":6},{"damage":46,"enemies":"downfall:NeowBoss","floor":55,"turns":15},{"damage":92,"enemies":"downfall:NeowBossFinal","floor":56,"turns":6}],"seed_played":"-591997887511005327","potions_obtained":[{"floor":6,"key":"ColorlessPotion"},{"floor":8,"key":"Energy Potion"},{"floor":9,"key":"EssenceOfSteel"},{"floor":16,"key":"EntropicBrew"},{"floor":33,"key":"sneckomod:MuddlingPotion"},{"floor":38,"key":"Fire Potion"},{"floor":40,"key":"LiquidBronze"},{"floor":43,"key":"Fire Potion"},{"floor":49,"key":"SkillPotion"},{"floor":52,"key":"SkillPotion"}],"is_trial":false,"path_per_floor":["R","M","?","?","$","?","T","M","M","E","R","M","R","T","M","B",null,"R","M","M","?","M","?","T","T","?","M","M","?","E","M","M","B",null,"R","M","T","M","$","E","T","M","M","$","?","T","$","?","M","B",null,"E","$","R","B","B"],"character_chosen":"SLIMEBOUND","items_purchased":["Slimebound:LevelUp","Potion Belt","OrangePellets","expansioncontent:InvincibleStrength","Blood Vial","MealTicket","Weak Potion","Slimebound:Prepare","Strength Potion"],"campfire_rested":0,"item_purchase_floors":[5,39,39,44,44,44,47,47,53],"current_hp_per_floor":[65,65,65,65,65,65,65,63,63,54,54,47,47,47,37,13,65,65,60,47,47,38,30,30,30,30,19,18,39,47,40,39,7,65,75,71,71,61,57,46,46,49,55,64,64,74,85,85,85,29,85,75,85,85,39,0,0,0],"gold":14,"neow_bonus":"THREE_ENEMY_KILL","is_daily":false,"chose_seed":false,"campfire_upgraded":5,"win_rate":0.0,"timestamp":1614435075,"path_taken":["R","M","?","?","?","?","T","M","M","E","R","M","R","?","M","BOSS","R","M","M","?","M","?","T","?","?","M","?","?","E","M","M","BOSS","R","M","?","M","?","E","T","?","M","$","?","?","$","?","M","BOSS","E","$","R","BOSS","BOSS"],"items_purchased_type":["Card","Relic","Relic","Card","Relic","Relic","Potion","Card","Potion"],"build_version":"2020-12-22","purchased_purges":0,"victory":false,"max_hp_per_floor":[65,65,65,65,65,65,65,65,65,65,65,65,65,65,65,65,65,65,65,65,65,65,65,65,65,65,65,65,65,65,65,65,65,65,75,75,75,75,75,75,75,75,75,75,75,85,85,85,85,85,85,85,85,85,85,85,85,85],"relic_stats":{"Darkstone Periapt":0,"Regal Pillow":0,"counters":[30,126],"PreservedInsect":267,"Bag of Preparation":[48],"Orichalcum":[84],"Blood Vial":2,"OrangePellets":[18],"Centennial Puzzle":[18],"Mummified Hand":[47],"Tiny Chest":3,"MealTicket":21,"Black Star":3,"Kunai":[6],"obtain_stats":[{"Darkstone Periapt":41,"Regal Pillow":25,"downfall:HeartBlessingGreen":35,"Bag of Preparation":10,"Blood Vial":44,"Centennial Puzzle":40,"Mummified Hand":30,"downfall:HeartBlessingBlue":35,"Tiny Chest":6,"MealTicket":44,"Kunai":52,"Potion Belt":39,"Pear":46,"downfall:HeartBlessingRed":35,"Oddly Smooth Stone":37,"downfall:HeartsMalice":0,"PreservedInsect":24,"Orichalcum":30,"OrangePellets":39,"Bottled Flame":40,"Slimebound:AbsorbEndCombat":0,"Bag of Marbles":14,"Black Star":17,"Bottled Lightning":52,"Slimebound:AbsorbEndCombatUpgraded":34},{"Darkstone Periapt":22,"Regal Pillow":12,"downfall:HeartBlessingGreen":18,"Bag of Preparation":6,"Blood Vial":25,"Centennial Puzzle":22,"Mummified Hand":15,"downfall:HeartBlessingBlue":18,"Tiny Chest":3,"MealTicket":25,"Kunai":28,"Potion Belt":21,"Pear":25,"downfall:HeartBlessingRed":18,"Oddly Smooth Stone":19,"downfall:HeartsMalice":0,"PreservedInsect":12,"Orichalcum":15,"OrangePellets":21,"Bottled Flame":22,"Slimebound:AbsorbEndCombat":0,"Bag of Marbles":7,"Black Star":9,"Bottled Lightning":28,"Slimebound:AbsorbEndCombatUpgraded":18},{"Darkstone Periapt":74,"Regal Pillow":32,"downfall:HeartBlessingGreen":58,"Bag of Preparation":11,"Blood Vial":85,"Centennial Puzzle":74,"Mummified Hand":43,"downfall:HeartBlessingBlue":58,"Tiny Chest":0,"MealTicket":85,"Kunai":105,"Potion Belt":69,"Pear":85,"downfall:HeartBlessingRed":58,"Oddly Smooth Stone":62,"downfall:HeartsMalice":0,"PreservedInsect":32,"Orichalcum":43,"OrangePellets":69,"Bottled Flame":74,"Slimebound:AbsorbEndCombat":0,"Bag of Marbles":13,"Black Star":21,"Bottled Lightning":105,"Slimebound:AbsorbEndCombatUpgraded":58}]},"card_choices":[{"not_picked":["Slimebound:AcidTongue","Slimebound:Equalize"],"picked":"Slimebound:SplitLeeching","floor":2},{"not_picked":["Slimebound:FlameTackle","Slimebound:MegaLick"],"picked":"Slimebound:SplitAcid","floor":5},{"not_picked":["Slimebound:GoopTackle","Slimebound:ComboTackle"],"picked":"Slimebound:RollThrough","floor":6},{"not_picked":["Slimebound:LeechingTouch","Slimebound:BestDefense"],"picked":"Slimebound:SplitLeeching","floor":8},{"not_picked":["Slimebound:Schlurp","Slimebound:DisruptingSlam"],"picked":"Slimebound:SplitBruiser","floor":9},{"not_picked":["Slimebound:Replication","Slimebound:SlimeTap"],"picked":"Slimebound:LeadByExample","floor":10},{"not_picked":["Slimebound:LeechLife","Slimebound:RollThrough"],"picked":"Slimebound:SplitMire","floor":12},{"not_picked":["Slimebound:Gluttony","Slimebound:LeechEnergy"],"picked":"Slimebound:SlimeSpikes","floor":15},{"not_picked":["Slimebound:FirmFortitude","Slimebound:Teamwork"],"picked":"Slimebound:Overexert","floor":16},{"not_picked":["Slimebound:GoopSpray","Slimebound:SamplingLick"],"picked":"Slimebound:SplitMire","floor":19},{"not_picked":["Slimebound:TongueLash","Slimebound:LeechingTouch"],"picked":"Slimebound:SlimeTap+1","floor":20},{"not_picked":["Slimebound:TongueLash+1","Slimebound:ItLooksTasty"],"picked":"Slimebound:RejuvenatingLick","floor":22},{"not_picked":["Slimebound:DouseInSlime","Slimebound:RollThrough+1"],"picked":"Slimebound:Schlurp","floor":27},{"not_picked":["Slimebound:SplitMire","Slimebound:LeadByExample"],"picked":"Slimebound:SlimeBarrage","floor":28},{"not_picked":["Slimebound:GrowthPunch","Slimebound:FinishingTackle"],"picked":"Slimebound:DivideAndConquer","floor":30},{"not_picked":["Slimebound:SplitBruiser","Slimebound:SplitAcid"],"picked":"Slimebound:Repurpose","floor":31},{"not_picked":["Slimebound:ComboTackle","Slimebound:SpikyOuterGoop"],"picked":"Slimebound:Replication+1","floor":32},{"not_picked":["Slimebound:DuplicatedForm","Slimebound:SelfFormingGoo"],"picked":"Slimebound:OneTwoCombo","floor":33},{"not_picked":["Slimebound:Prepare","Slimebound:DisruptingSlam+1"],"picked":"Slimebound:LeechEnergy+1","floor":36},{"not_picked":["Slimebound:GoopSpray","Slimebound:LeechEnergy+1"],"picked":"Slimebound:RainOfGoop+1","floor":38},{"not_picked":["Slimebound:SplitLeeching+1","Slimebound:ForwardTackle"],"picked":"Slimebound:SlimeBrawl+1","floor":39},{"not_picked":["Slimebound:HungryTackle","Slimebound:Dissolve+1"],"picked":"Slimebound:Schlurp+1","floor":40},{"not_picked":["Slimebound:PressTheAttack","Slimebound:FinishingTackle"],"picked":"Slimebound:HauntingLick+1","floor":42},{"not_picked":["Slimebound:Dissolve+1","Slimebound:Recollect"],"picked":"Slimebound:SplitAcid+1","floor":43},{"not_picked":["Slimebound:Recollect","Slimebound:Prepare"],"picked":"Slimebound:MegaLick+1","floor":44},{"not_picked":["Slimebound:SpikyOuterGoop","Slimebound:BestDefense+1"],"picked":"Slimebound:PressTheAttack+1","floor":49},{"not_picked":["Slimebound:ItLooksTasty+1","Slimebound:ForwardTackle+1"],"picked":"Slimebound:ProtectTheBoss","floor":52}],"player_experience":121375,"relics_obtained":[{"floor":6,"key":"Tiny Chest"},{"floor":10,"key":"Bag of Preparation"},{"floor":14,"key":"Bag of Marbles"},{"floor":24,"key":"PreservedInsect"},{"floor":25,"key":"Regal Pillow"},{"floor":30,"key":"Mummified Hand"},{"floor":30,"key":"Orichalcum"},{"floor":37,"key":"Oddly Smooth Stone"},{"floor":40,"key":"Centennial Puzzle"},{"floor":40,"key":"Bottled Flame"},{"floor":41,"key":"Darkstone Periapt"},{"floor":46,"key":"Pear"},{"floor":52,"key":"Bottled Lightning"},{"floor":52,"key":"Kunai"}],"event_choices":[{"cards_removed":["downfall:Malfunctioning"],"damage_healed":0,"gold_gain":0,"player_choice":"Card Removal","damage_taken":0,"max_hp_gain":0,"max_hp_loss":0,"event_name":"The Cleric","floor":4,"gold_loss":0},{"damage_healed":0,"gold_gain":0,"player_choice":"Ignored","damage_taken":0,"max_hp_gain":0,"max_hp_loss":0,"event_name":"betterNote:BetterNote","floor":21,"gold_loss":0,"cards_obtained":["Strike_G"]},{"damage_healed":21,"gold_gain":0,"player_choice":"Heal","damage_taken":0,"max_hp_gain":0,"max_hp_loss":0,"event_name":"The Library","floor":29,"gold_loss":0},{"cards_removed":["Slimebound:HauntingLick"],"damage_healed":0,"gold_gain":0,"player_choice":"Removed Skill","damage_taken":0,"max_hp_gain":0,"max_hp_loss":0,"event_name":"Falling","floor":45,"gold_loss":0}],"is_beta":false,"boss_relics":[{"not_picked":["Slimebound:TarBlob","Runic Dome"],"picked":"Black Star"},{"not_picked":["Tiny House","Astrolabe"],"picked":"Slimebound:AbsorbEndCombatUpgraded"}],"items_purged_floors":[],"is_endless":false,"potions_floor_spawned":[6,8,9,16,20,28,33,38,40,43,49,52],"killed_by":"downfall:NeowBossFinal","ascension_level":0}}