{"host":"hemqwg9ve6welna9","time":1614400939,"event":{"mods":["2.2 Compatiblity","AchievementEnabler","Act Like it!","Aya Shameimaru","BaseMod","Beaked The Cultist","Bestiary","Better Match","Better Note","Better Third Choice","BetterRewards","Bossed Relics","Conspire","Curses Come First","Dio Mod","Downfall","Gremlin Mod","GungeonMod","Hermit","Highlight Path","Hubris","Marisa????????","Melee Mod","Minty Spire (QoL Compilation)","Morshu Shopkeeper","Morshu Shopkeeper - ENHANCED","Permanent Neow","Potionbrewer","Quick Restart","Rare Cards Sparkle","Relic Stats","Reliquary","Robot Space Explorer","Ruina","SOS???????","Shop Mod","Small Relic Pack","StSLib","SuperFastMode","Td1madao Mod","The Animator","The Bug Knight","The Construct","The Cursed","The Disciple","The Forsaken","The Hierophant","The Jungle","The Marked","The Runesmith","The Senshi","The Servant 0.9.4","The Wild Card","TheBandit","TheVacant","Transform Curses","UnlockEverythingMod","everything is the same but u backflip on backflip"],"gold_per_floor":[117,117,117,131,161,161,195,195,195,208,233,233,256,283,283,383,383,401,401,421,421,112,112,150,165,165,175,175,175,191,205,205,304,304,331,171,216,235,253,253,287,287,310,337,337,361,376,410,410,418,418,418,489,497,497],"floor_reached":54,"language":"ENG","playtime":5113,"items_purged":[],"score":929,"play_id":"3e75c931-9221-4d10-a06d-4f269be799f4","local_time":"20210226224219","is_ascension_mode":false,"campfire_choices":[{"data":"animator:ChaikaBohdan","floor":6.0,"key":"SMITH"},{"data":"theWildCard:Odin","floor":15.0,"key":"SMITH"},{"data":"animator:Father","floor":23,"key":"SMITH"},{"data":"animator:Pride","floor":29,"key":"SMITH"},{"data":"animator:Sloth","floor":32,"key":"SMITH"},{"data":"animator:NarberalGamma","floor":40,"key":"SMITH"},{"floor":42,"key":"RECALL"},{"data":"animator:AcuraShin","floor":49,"key":"SMITH"},{"data":"animator:YunYun","floor":52,"key":"SMITH"}],"circlet_count":0,"master_deck":["animator:Strike_NoGameNoLife","animator:Defend_NoGameNoLife","animator:Strike","animator:Strike","animator:DolaSchwi","animator:DolaCouronne","animator:Gillette","animator:ChaikaBohdan","animator:SuzuneAmano","animator:Viivi","theWildCard:Odin","animator:Pride","animator:RoyMustang","animator:YunYun","animator:IzunaHatsuse","animator:NarberalGamma","animator:DolaRiku","animator:ChlammyZell+1","animator:FielNirvalen","animator:DolaRiku","animator:Jibril","animator:DolaStephanie","animator:Darkness","animator:Sloth","animator:AcuraShin+1","animator:Aqua","animator:YachiyoNanami","animator:NarberalGamma","animator:Envy+1","animator:Chris","animator:MaesHughes","Parasite","animator:YachiyoNanami","animator:Gillette"],"relics":["animator:TheEruzaStone","animator:AncientMedallion"],"acts_visited":["Exordium","TheCity","TheBeyond","TheEnding","EYB:TheUnnamedReign"],"potions_floor_usage":[16,41,44,46,50],"damage_taken":[{"damage":2.0,"enemies":"Jaw Worm","floor":1.0,"turns":4.0},{"damage":0.0,"enemies":"Cultist","floor":4.0,"turns":4.0},{"damage":8.0,"enemies":"Small Slimes","floor":5.0,"turns":3.0},{"damage":22.0,"enemies":"Lagavulin","floor":7.0,"turns":5.0},{"damage":0.0,"enemies":"2 Fungi Beasts","floor":10.0,"turns":2.0},{"damage":0.0,"enemies":"Gremlin Nob","floor":11.0,"turns":3.0},{"damage":0.0,"enemies":"Exordium Thugs","floor":13.0,"turns":3.0},{"damage":0.0,"enemies":"3 Louse","floor":14.0,"turns":2.0},{"damage":0,"enemies":"Hexaghost","floor":16,"turns":5},{"damage":4,"enemies":"3 Byrds","floor":18,"turns":4},{"damage":2,"enemies":"Shell Parasite","floor":20,"turns":3},{"damage":17,"enemies":"animator:HornedBat","floor":24,"turns":6},{"damage":2,"enemies":"Chosen and Byrds","floor":25,"turns":3},{"damage":0,"enemies":"Centurion and Healer","floor":27,"turns":2},{"damage":0,"enemies":"3 Cultists","floor":30,"turns":3},{"damage":0,"enemies":"Cultist and Chosen","floor":31,"turns":3},{"damage":4,"enemies":"Champ","floor":33,"turns":8},{"damage":0,"enemies":"Orb Walker","floor":35,"turns":2},{"damage":0,"enemies":"2 Orb Walkers","floor":37,"turns":3},{"damage":0,"enemies":"3 Darklings","floor":38,"turns":2},{"damage":0,"enemies":"Transient","floor":39,"turns":5},{"damage":0,"enemies":"Nemesis","floor":41,"turns":7},{"damage":0,"enemies":"Reptomancer","floor":44,"turns":4},{"damage":0,"enemies":"Writhing Mass","floor":46,"turns":3},{"damage":0,"enemies":"Jaw Worm Horde","floor":47,"turns":2},{"damage":0,"enemies":"conspire:MimicChest","floor":48,"turns":3},{"damage":8,"enemies":"Time Eater","floor":50,"turns":7},{"damage":57,"enemies":"animator:UNNAMED_HAT","floor":54,"turns":11}],"seed_played":"7397598161354913857","potions_obtained":[{"floor":5.0,"key":"ColorlessPotion"},{"floor":11.0,"key":"Dexterity Potion"},{"floor":14.0,"key":"AttackPotion"},{"floor":16,"key":"SpeedPotion"},{"floor":18,"key":"SteroidPotion"},{"floor":20,"key":"SteroidPotion"},{"floor":30,"key":"potionbrewer:InfectionPotion"},{"floor":41,"key":"PowerPotion"},{"floor":48,"key":"BlessingOfTheForge"}],"is_trial":false,"path_per_floor":["M","?","?","M","M","R","E","?","T","M","E","?","M","M","R","B",null,"M","?","M","?","$","R","E","M","T","M","?","R","M","M","R","B",null,"M","$","?","M","M","R","E","R","T","E","?","M","M","?","R","B",null,"R","??","M"],"character_chosen":"THE_ANIMATOR","items_purchased":["animator:Hoodie","hubris:TenFootPole","Membership Card","animator:Gillette","hubris:EmptyBottle","theSenshi:SailorFukuRelic","potionbrewer:Torch","animator:ChlammyZell","animator:FielNirvalen","animator:DolaRiku","animator:YachiyoNanami","reliquary:Firecrackers"],"campfire_rested":0,"item_purchase_floors":[0,0,0,0,22,22,22,22,22,22,36,36],"current_hp_per_floor":[41,41,41,44,36,36,14,14,14,17,20,30,33,36,36,39,110,102,102,101,101,101,101,42,41,41,39,39,39,43,46,46,42,46,49,49,52,55,59,59,54,54,54,57,57,52,55,58,58,50,58,58,98,43,43],"gold":497,"neow_bonus":"","is_daily":false,"chose_seed":false,"campfire_upgraded":8,"win_rate":0.0,"timestamp":1614400939,"path_taken":["M","?","?","M","?","R","E","?","T","M","E","?","M","M","R","BOSS","M","?","?","?","$","R","E","M","T","M","?","R","M","M","R","BOSS","M","?","?","M","M","R","E","R","T","E","?","M","M","?","R","BOSS","R","??","M"],"items_purchased_type":["Relic","Relic","Relic","Card","Relic","Relic","Relic","Card","Card","Card","Card","Relic"],"build_version":"2020-12-22","purchased_purges":0,"victory":false,"max_hp_per_floor":[74,74,74,77,77,77,77,77,77,80,83,93,96,99,99,102,110,102,102,103,103,103,103,51,52,44,39,39,39,43,46,46,46,46,49,49,52,55,59,59,54,54,54,57,57,52,55,58,58,58,58,58,98,98,98],"relic_stats":{"counters":[56,245],"obtain_stats":[{"Ice Cream":0,"hubris:Metronome":9,"animator:Hoodie":0,"animator:TheMissingPiece":0,"reliquary:Firecrackers":36,"Mango":12,"DemoMod:GlassGuonStoneRelic":7,"hubris:SlimyHat":44,"DemoMod:WhiteGuonStone":8,"hubris:EmptyBottle":22,"Ancient Tea Set":10,"theForsaken:Gavel":11,"Empty Cage":34,"relicPack:InfinityGauntlet":20,"potionbrewer:RamsHorn":13,"TheAbacus":0,"animator:PurgingStone":0,"animator:AncientMedallion":53,"Prayer Wheel":0,"hubris:DeckOfHolding":7,"Philosopher\u0027s Stone":33,"DemoMod:GnawedKey":8,"HollowMod:PaleOreRelic":10,"theSenshi:SailorFukuRelic":8,"InkBottle":4,"animator:Buoy":12,"DemoMod:Armor":7,"Pear":12,"NeowsBlessing":0,"DemoMod:OrangeGuonStone":9,"The Courier":5,"animator:TheEruzaStone":53,"Paper Crane":9,"Akabeko":29,"WarpedTongs":28,"potionbrewer:Torch":7,"relicPack:EdsArm":2,"Du-Vu Doll":37,"animator:HolyGrailRelic":34,"reliquary:RedPaperclip":17,"DemoMod:MeatBun":0,"hubris:Spice":0,"DemoMod:NanoMachines":7,"animator:LivingPicture":0,"hubris:TenFootPole":0,"Art of War":48,"Membership Card":0,"FossilizedHelix":41},{"Ice Cream":26,"hubris:Metronome":32,"animator:Hoodie":28,"animator:TheMissingPiece":0,"reliquary:Firecrackers":46,"Mango":13,"DemoMod:GlassGuonStoneRelic":4,"hubris:SlimyHat":51,"DemoMod:WhiteGuonStone":11,"hubris:EmptyBottle":39,"Ancient Tea Set":5,"theForsaken:Gavel":34,"Empty Cage":45,"relicPack:InfinityGauntlet":17,"potionbrewer:RamsHorn":13,"TheAbacus":7,"animator:PurgingStone":0,"animator:AncientMedallion":55,"Prayer Wheel":7,"hubris:DeckOfHolding":11,"Philosopher\u0027s Stone":24,"DemoMod:GnawedKey":4,"HollowMod:PaleOreRelic":12,"theSenshi:SailorFukuRelic":4,"InkBottle":3,"animator:Buoy":13,"DemoMod:Armor":32,"Pear":34,"NeowsBlessing":0,"DemoMod:OrangeGuonStone":4,"The Courier":3,"animator:TheEruzaStone":55,"Paper Crane":11,"Akabeko":22,"WarpedTongs":42,"potionbrewer:Torch":4,"relicPack:EdsArm":27,"Du-Vu Doll":47,"animator:HolyGrailRelic":24,"reliquary:RedPaperclip":15,"DemoMod:MeatBun":7,"hubris:Spice":28,"DemoMod:NanoMachines":32,"animator:LivingPicture":0,"hubris:TenFootPole":28,"Art of War":54,"Membership Card":28,"FossilizedHelix":50},{"Ice Cream":130,"hubris:Metronome":151,"animator:Hoodie":135,"animator:TheMissingPiece":0,"reliquary:Firecrackers":198,"Mango":50,"DemoMod:GlassGuonStoneRelic":18,"hubris:SlimyHat":219,"DemoMod:WhiteGuonStone":40,"hubris:EmptyBottle":172,"Ancient Tea Set":26,"theForsaken:Gavel":156,"Empty Cage":196,"relicPack:InfinityGauntlet":78,"potionbrewer:RamsHorn":50,"TheAbacus":29,"animator:PurgingStone":0,"animator:AncientMedallion":234,"Prayer Wheel":29,"hubris:DeckOfHolding":40,"Philosopher\u0027s Stone":117,"DemoMod:GnawedKey":18,"HollowMod:PaleOreRelic":47,"theSenshi:SailorFukuRelic":18,"InkBottle":3,"animator:Buoy":50,"DemoMod:Armor":151,"Pear":156,"NeowsBlessing":0,"DemoMod:OrangeGuonStone":18,"The Courier":3,"animator:TheEruzaStone":234,"Paper Crane":40,"Akabeko":108,"WarpedTongs":183,"potionbrewer:Torch":18,"relicPack:EdsArm":133,"Du-Vu Doll":201,"animator:HolyGrailRelic":123,"reliquary:RedPaperclip":65,"DemoMod:MeatBun":29,"hubris:Spice":135,"DemoMod:NanoMachines":151,"animator:LivingPicture":0,"hubris:TenFootPole":135,"Art of War":227,"Membership Card":135,"FossilizedHelix":215}]},"card_choices":[{"not_picked":["animator:Melzalgald","animator:ElricAlphonse"],"picked":"animator:ChaikaBohdan","floor":1.0},{"not_picked":["animator:Melzalgald","animator:Kazuma"],"picked":"animator:Guy","floor":4.0},{"not_picked":["animator:MamiTomoe","animator:Scar"],"picked":"animator:SuzuneAmano","floor":5.0},{"not_picked":["animator:Gillette","animator:Layla"],"picked":"animator:Viivi","floor":7.0},{"not_picked":["animator:Entoma","animator:Kazuma"],"picked":"animator:Pride","floor":10.0},{"not_picked":["animator:IrohaTamaki","animator:ElricAlphonse"],"picked":"animator:RoyMustang","floor":11.0},{"not_picked":["animator:Kazuma","animator:YuiTsuruno"],"picked":"animator:YunYun","floor":13.0},{"not_picked":["animator:ChlammyZell","animator:DolaSchwi"],"picked":"animator:IzunaHatsuse","floor":14.0},{"not_picked":["animator:Greed","animator:MadokaKaname"],"picked":"animator:Father","floor":16},{"not_picked":["animator:Entoma","animator:YunYun+1"],"picked":"hubris:SpiceAddiction","floor":18},{"not_picked":["hubris:SpiceAddiction","animator:SilverFang"],"picked":"animator:DolaRiku","floor":20},{"not_picked":["animator:SuzuneAmano","animator:MamiTomoe"],"picked":"animator:Jibril","floor":24},{"not_picked":["animator:ChlammyZell","animator:IzunaHatsuse"],"picked":"animator:DolaStephanie","floor":25},{"not_picked":["animator:MumenRider","animator:Geryuganshoop"],"picked":"hubris:SpiceAddiction","floor":27},{"not_picked":["animator:AcuraAkari","animator:MaesHughes+1"],"picked":"animator:Darkness","floor":30},{"not_picked":["animator:MumenRider","hubris:SpiceAddiction"],"picked":"animator:Sloth","floor":31},{"not_picked":["animator:Saitama","hubris:SpiceAddiction"],"picked":"animator:AcuraShin","floor":33},{"not_picked":["animator:Mitsurugi","animator:Verdia"],"picked":"animator:Aqua","floor":35},{"not_picked":["animator:WinryRockbell","animator:YuiTsuruno"],"picked":"animator:NarberalGamma+1","floor":37},{"not_picked":["animator:Darkness","animator:Genos+1"],"picked":"animator:Envy","floor":38},{"not_picked":["hubris:SpiceAddiction","hubris:SpiceAddiction"],"picked":"animator:Chris","floor":39},{"not_picked":["animator:YuiTsuruno+1","animator:Tatsumaki+1"],"picked":"hubris:SpiceAddiction","floor":41},{"not_picked":["animator:Pride","animator:Sloth"],"picked":"animator:MaesHughes","floor":44},{"not_picked":["hubris:SpiceAddiction","hubris:SpiceAddiction"],"picked":"hubris:SpiceAddiction","floor":46},{"not_picked":["animator:Viivi","animator:Verdia+1"],"picked":"animator:YachiyoNanami","floor":47},{"not_picked":["animator:IzunaHatsuse","hubris:SpiceAddiction"],"picked":"animator:Gillette","floor":48}],"player_experience":66128,"relics_obtained":[{"floor":7.0,"key":"DemoMod:NanoMachines"},{"floor":9.0,"key":"hubris:Metronome"},{"floor":11.0,"key":"theForsaken:Gavel"},{"floor":24,"key":"hubris:Spice"},{"floor":26,"key":"hubris:Spice"},{"floor":37,"key":"Du-Vu Doll"},{"floor":41,"key":"FossilizedHelix"},{"floor":44,"key":"hubris:SlimyHat"},{"floor":48,"key":"Art of War"},{"floor":53,"key":"animator:TheEruzaStone"},{"floor":53,"key":"animator:AncientMedallion"}],"event_choices":[{"cards_removed":["animator:Defend"],"damage_healed":0.0,"max_hp_gain":0.0,"max_hp_loss":0.0,"gold_gain":0.0,"event_name":"Bonfire Elementals","player_choice":"Offered Basic","floor":3.0,"gold_loss":0.0,"damage_taken":0.0},{"damage_healed":0.0,"max_hp_gain":0.0,"max_hp_loss":0.0,"gold_gain":0.0,"event_name":"WeMeetAgain","player_choice":"Gave Potion","floor":12.0,"gold_loss":0.0,"damage_taken":0.0,"relics_obtained":["Pear"]},{"damage_healed":0,"gold_gain":0,"cards_transformed":["animator:Guy"],"player_choice":"Transformed","damage_taken":0,"max_hp_gain":0,"max_hp_loss":0,"event_name":"Transmorgrifier","floor":19,"gold_loss":0,"cards_obtained":["animator:NarberalGamma"]},{"cards_removed":["animator:Strike"],"damage_healed":0,"gold_gain":0,"player_choice":"Purged","damage_taken":0,"max_hp_gain":0,"max_hp_loss":0,"event_name":"Purifier","floor":21,"gold_loss":0},{"damage_healed":0,"gold_gain":0,"player_choice":"Rummage","damage_taken":0,"relics_obtained":["WarpedTongs"],"max_hp_gain":0,"max_hp_loss":0,"event_name":"Accursed Blacksmith","floor":28,"gold_loss":0,"cards_obtained":["Pain"]},{"damage_healed":0,"gold_gain":0,"player_choice":"Fight","damage_taken":0,"max_hp_gain":0,"max_hp_loss":0,"event_name":"Mysterious Sphere","floor":37,"gold_loss":0},{"cards_removed":["animator:Defend"],"damage_healed":0,"gold_gain":0,"player_choice":"Removed Skill","damage_taken":0,"max_hp_gain":0,"max_hp_loss":0,"event_name":"Falling","floor":45,"gold_loss":0}],"is_beta":false,"boss_relics":[{"not_picked":["relicPack:ShieldShield","hubris:Spice"],"picked":"hubris:Spice"},{"not_picked":["reliquary:RedCape","hubris:Spice"],"picked":"Empty Cage"}],"items_purged_floors":[],"is_endless":false,"potions_floor_spawned":[5,11,14,16,18,20,30,33,38,41,44,48],"killed_by":"animator:UNNAMED_HAT","ascension_level":0}}