{"host":"41y5nvu9zb9a7i4y","time":1614398460,"event":{"mods":["AchievementEnabler","Act Like it!","BaseMod","Better Altar","Better Third Choice","Downfall","Library of Ruina","Minty Spire (QoL Compilation)","Ruina","Spicy Shops","Spire Arcade","StSLib","SuperFastMode","The Animator"],"gold_per_floor":[119,134,152,172,182,209,17,44,44,44,77,97,116,133,133,230,230,246,246,246,246,262,262,296,296,296,330,330,330,365,365,365,460,460,460,460],"floor_reached":35,"language":"ENG","playtime":9005,"items_purged":[],"score":399,"play_id":"fc47d9e2-24f0-4ee5-8456-03284a113fa8","local_time":"20210226210100","is_ascension_mode":true,"campfire_choices":[{"data":"CrackOfDawn","floor":10,"key":"SMITH"},{"data":"DesperateStruggle","floor":15,"key":"SMITH"},{"data":"DarkCloud","floor":23,"key":"SMITH"},{"data":"SweepTheBackstreets","floor":28,"key":"SMITH"},{"data":"FrontalAssault","floor":32,"key":"SMITH"}],"circlet_count":0,"master_deck":["Dodge","LightDefense","LightAttack","LightAttack","LightAttack","LightDefense","LightDefense","LightDefense","ChargeAndCover","FocusedStrikes","AsThePrescriptOrders","SweepTheBackstreets+1","Struggle","CrackOfDawn+1","TendonChords","Faith","DesperateStruggle+1","SnakesPrey","Track","DarkCloud+1","Pain","Faith+1","FrontalAssault+1","BackAttack","HighKick+1","PreemptiveStrike+1","SavageMode"],"relics":["PageOfLibrarian","PageOfHappyTeddyBear","PageOfBloodbath","PageOfLumberjack","Anchor","Black Star","PageOfPunishingBird","Frozen Egg 2","PageOfTheKnightOfDespair","ruina:Prescript","PageOfTheQueenOfHatred","Toy Ornithopter","PageOfGreed","PageOfWrath","Nunchaku","Sozu"],"acts_visited":["Exordium","ruina:Briah","TheBeyond"],"potions_floor_usage":[24,33],"damage_taken":[{"damage":1,"enemies":"Small Slimes","floor":1,"turns":4},{"damage":0,"enemies":"Jaw Worm","floor":2,"turns":6},{"damage":0,"enemies":"2 Louse","floor":3,"turns":3},{"damage":7,"enemies":"Large Slime","floor":4,"turns":6},{"damage":0,"enemies":"Looter","floor":5,"turns":4},{"damage":10,"enemies":"3 Sentries","floor":6,"turns":11},{"damage":12,"enemies":"Lagavulin","floor":8,"turns":7},{"damage":13,"enemies":"Gremlin Nob","floor":11,"turns":3},{"damage":0,"enemies":"2 Fungi Beasts","floor":12,"turns":4},{"damage":2,"enemies":"Gremlin Gang","floor":13,"turns":5},{"damage":0,"enemies":"Red Slaver","floor":14,"turns":4},{"damage":9,"enemies":"Hexaghost","floor":16,"turns":9},{"damage":16,"enemies":"ruina:BadWolf","floor":18,"turns":5},{"damage":42,"enemies":"ruina:3_Bats","floor":22,"turns":9},{"damage":11,"enemies":"ruina:ServantOfWrath","floor":24,"turns":6},{"damage":38,"enemies":"ruina:RoadHome","floor":27,"turns":3},{"damage":36,"enemies":"ruina:Mountain","floor":30,"turns":8},{"damage":68,"enemies":"ruina:Ozma","floor":33,"turns":15},{"damage":123,"enemies":"Orb Walker","floor":35,"turns":7}],"seed_played":"8879809129070425219","potions_obtained":[{"floor":1,"key":"FairyPotion"},{"floor":6,"key":"DistilledChaos"},{"floor":8,"key":"ColorlessPotion"},{"floor":24,"key":"Energy Potion"},{"floor":30,"key":"champ:CounterPotion"}],"is_trial":false,"path_per_floor":["M","M","M","M","M","E","$","E","T","R","E","M","M","M","R","B",null,"M","?","?","?","M","R","E","?","T","E","R","?","E","?","R","B",null,"M"],"character_chosen":"Librarian","items_purchased":["TendonChords","PageOfBloodbath"],"campfire_rested":0,"item_purchase_floors":[7,7],"current_hp_per_floor":[65,65,65,64,69,62,62,56,56,56,48,58,67,68,68,62,80,67,63,63,75,48,48,55,55,55,27,27,17,39,39,39,14,95,0,0],"gold":460,"neow_bonus":"TEN_PERCENT_HP_BONUS","is_daily":false,"chose_seed":false,"campfire_upgraded":5,"win_rate":0.0,"timestamp":1614398460,"path_taken":["M","M","M","M","M","E","$","E","T","R","E","M","M","M","R","BOSS","M","?","?","?","M","R","E","?","T","E","R","?","E","?","R","BOSS","M"],"items_purchased_type":["Card","Relic"],"build_version":"2020-12-22","purchased_purges":0,"victory":false,"max_hp_per_floor":[74,67,90,69,74,69,69,74,74,74,76,68,68,77,76,80,80,69,71,71,83,90,90,107,107,107,97,107,107,85,85,90,95,95,95,95],"card_choices":[{"not_picked":["Reload","BindingArms","Parry2","FlashingStrike","Leap_lor","GuardingStance","StartinOutLightly","SinglePointStab"],"picked":"AsThePrescriptOrders","floor":1},{"not_picked":["DriedUp","ClassAndRespect","WildCard","EnergyStrike","HighKick","DesperateStruggle","EnergyCycle","GutHarvesting"],"picked":"Brawl","floor":2},{"not_picked":["Juggling","UncannyStrike","HighKick","Unlock1","QuickAttack","EndlessBattle","StartinOutLightly","MultiHit"],"picked":"SweepTheBackstreets","floor":3},{"not_picked":["SuppressingShot","SteelKnuckles","Parry","SinglePointStab","EndlessBattle","EnergyShield","HeavyPeaks","Rewind","MultiBlock"],"picked":"SKIP","floor":4},{"not_picked":["Rewind","FleetEdge","Wallop_lor","BlazingStrike","FleetFootsteps","Outburst","DefenseOrder","Standoff"],"picked":"Struggle","floor":5},{"not_picked":["Diversion","Reload","Parry","InnerArdor","Quickness","Thrust","ShockRound","BayonetCombat"],"picked":"CrackOfDawn","floor":6},{"not_picked":["FierceCharge","StrikeDown","BoundaryOfDeath","GuardingStance","GoinFirst","BiAn","SpearedSweep","Parry"],"picked":"Faith","floor":8},{"not_picked":["Standoff","DestructiveImpact","WillOfThePrescript","SerpentSwordTechnique","ElectricShock","InhaleSmoke","IronWall","ExtractFuel","HiddenBlade"],"picked":"SKIP","floor":11},{"not_picked":["IngredientHunt","SuppressingShot","RulesOfTheBackstreets","UpbeatPerformance","MultiHit","Multislash","YourShield","TendonChords"],"picked":"DesperateStruggle","floor":12},{"not_picked":["LoosenUp","Quickness","Decapitation","UnavoidableGaze","Reload","Diversion","HandlingWork","Pound"],"picked":"SnakesPrey","floor":13},{"not_picked":["DesperateStruggle","BiAn","BlazingStrike","Preparation","Standoff","Parry","Multislash","Wallop_lor"],"picked":"Track","floor":14},{"not_picked":["Outburst","UnavoidableGaze+1","BackstreetsDash+1","ClassAndRespect","Fence","Laceration","TheRedNotes","FlyingSword+1"],"picked":"DarkCloud","floor":18},{"not_picked":["SmokingPipe","EnergyShield","Diversion","UnavoidableGaze","Standoff","HiddenBlade","MultiHit","NightInTheBackstreets"],"picked":"Faith+1","floor":22},{"not_picked":["FleetEdge","Pound+1","ViolentFlame+1","FierceCharge","WaitUp","ProselytesBlade","Retaliate","HighKick"],"picked":"FrontalAssault","floor":24},{"not_picked":["EndlessBattle","RhinoRam","MultiBlock","BlowItUp","StrikeDown+1","QuickSuppression","EnergyShield","BiteOff+1"],"picked":"BackAttack","floor":27},{"not_picked":["Parry2+1","Leap_lor+1","UnavoidableGaze","ClassAndRespect","SkyClearingCut+1","SummaryJudgment","TheRedNotes","InnerArdor+1"],"picked":"PreemptiveStrike+1","floor":30},{"not_picked":["GoinFirst","Observe"],"picked":"SavageMode","floor":33}],"player_experience":366759,"relics_obtained":[{"floor":6,"key":"PageOfHappyTeddyBear"},{"floor":8,"key":"PageOfLumberjack"},{"floor":11,"key":"Anchor"},{"floor":24,"key":"Frozen Egg 2"},{"floor":24,"key":"PageOfTheKnightOfDespair"},{"floor":26,"key":"PageOfTheQueenOfHatred"},{"floor":27,"key":"Toy Ornithopter"},{"floor":27,"key":"PageOfGreed"},{"floor":30,"key":"PageOfWrath"},{"floor":30,"key":"Nunchaku"}],"event_choices":[],"is_beta":false,"boss_relics":[{"not_picked":["Calling Bell","PageOfBlackSwan"],"picked":"Black Star"},{"not_picked":["bronze:MakeshiftBattery","Fusion Hammer"],"picked":"Sozu"}],"items_purged_floors":[],"is_endless":false,"potions_floor_spawned":[1,6,8,11,16,24,30],"killed_by":"Orb Walker","ascension_level":1}}