{"host":"kh6fvhxn285ncg0o","time":1614404999,"event":{"mods":["Act Like it!","BaseMod","Colored Map","Friendly Minions","Keyboard Shortcuts","Minty Spire (QoL Compilation)","Quick Restart","Relic Stats","StSLib","SuperFastMode","UnlockEverythingMod"],"gold_per_floor":[109,109,122,138,138,138,157,221,221,221,235,235,160,198,198,309,372,385,226,276,276,295,295,325,325,325,338,366,15,15,45,57,146,158,181,211,237,261,283,295,333,345,408,440,482,519,531,577,589,601,613,625,637,51,79,79],"floor_reached":57,"language":"KOR","playtime":1793,"items_purged":["Strike_R","Strike_R","Strike_R"],"score":3171,"play_id":"0105f12e-f7b6-44b3-a8fb-3742f240e4f3","local_time":"20210227144959","is_ascension_mode":true,"campfire_choices":[{"floor":6.0,"key":"REST"},{"data":"Clash","floor":12.0,"key":"SMITH"},{"data":"Uppercut","floor":15.0,"key":"SMITH"},{"data":"Body Slam","floor":23.0,"key":"SMITH"},{"data":"Feel No Pain","floor":25.0,"key":"SMITH"},{"data":"Rage","floor":32.0,"key":"SMITH"},{"data":"Second Wind","floor":40.0,"key":"SMITH"},{"data":"Juggernaut","floor":42.0,"key":"SMITH"},{"floor":49.0,"key":"RECALL"},{"data":"Power Through","floor":53.0,"key":"SMITH"}],"circlet_count":0,"master_deck":["AscendersBane","Strike_R","Strike_R","Defend_R+1","Defend_R","Defend_R","Defend_R","Bash+1","Sever Soul","Seeing Red+1","Clash+1","Feel No Pain+1","Dark Embrace","Second Wind+1","Uppercut+1","Juggernaut+1","Shockwave","Body Slam+1","Shrug It Off","Rage+1","Exhume","Dual Wield","Warcry+1","True Grit+1","Power Through+1","Master of Strategy"],"relics":["Runic Pyramid","Letter Opener","Ornamental Fan","Bloody Idol","Blood Vial","Tiny House","Oddly Smooth Stone","Gremlin Horn","TheAbacus","MawBank","Mark of Pain","Toy Ornithopter","Centennial Puzzle","Ancient Tea Set","Ice Cream","CaptainsWheel","Art of War","OrangePellets","Eternal Feather"],"acts_visited":["Exordium","TheCity","TheBeyond","TheEnding"],"potions_floor_usage":[55],"damage_taken":[{"damage":14.0,"enemies":"2 Louse","floor":1.0,"turns":3.0},{"damage":9.0,"enemies":"Small Slimes","floor":3.0,"turns":4.0},{"damage":2.0,"enemies":"Jaw Worm","floor":4.0,"turns":3.0},{"damage":7.0,"enemies":"Exordium Wildlife","floor":7.0,"turns":3.0},{"damage":21.0,"enemies":"3 Sentries","floor":8.0,"turns":8.0},{"damage":1.0,"enemies":"3 Louse","floor":11.0,"turns":4.0},{"damage":16.0,"enemies":"Gremlin Nob","floor":14.0,"turns":4.0},{"damage":8.0,"enemies":"Hexaghost","floor":16.0,"turns":8.0},{"damage":31.0,"enemies":"2 Thieves","floor":18.0,"turns":4.0},{"damage":4.0,"enemies":"3 Byrds","floor":22.0,"turns":7.0},{"damage":0.0,"enemies":"Gremlin Leader","floor":24.0,"turns":4.0},{"damage":0.0,"enemies":"Snake Plant","floor":27.0,"turns":3.0},{"damage":45.0,"enemies":"Book of Stabbing","floor":28.0,"turns":6.0},{"damage":0.0,"enemies":"Gremlin Leader","floor":31.0,"turns":5.0},{"damage":21.0,"enemies":"Champ","floor":33.0,"turns":7.0},{"damage":27.0,"enemies":"3 Darklings","floor":35.0,"turns":3.0},{"damage":0.0,"enemies":"3 Shapes","floor":36.0,"turns":4.0},{"damage":0.0,"enemies":"Maw","floor":37.0,"turns":6.0},{"damage":16.0,"enemies":"4 Shapes","floor":38.0,"turns":3.0},{"damage":4.0,"enemies":"Writhing Mass","floor":39.0,"turns":4.0},{"damage":0.0,"enemies":"Giant Head","floor":41.0,"turns":4.0},{"damage":6.0,"enemies":"3 Darklings","floor":44.0,"turns":4.0},{"damage":9.0,"enemies":"Nemesis","floor":45.0,"turns":5.0},{"damage":0.0,"enemies":"Mind Bloom Boss Battle","floor":46.0,"turns":5.0},{"damage":7.0,"enemies":"Giant Head","floor":48.0,"turns":4.0},{"damage":24.0,"enemies":"Donu and Deca","floor":50.0,"turns":5.0},{"damage":0.0,"enemies":"Time Eater","floor":51.0,"turns":5.0},{"damage":29,"enemies":"Shield and Spear","floor":55,"turns":5},{"damage":13,"enemies":"The Heart","floor":56,"turns":7}],"seed_played":"-154514823518597702","potions_obtained":[{"floor":1.0,"key":"FearPotion"},{"floor":4.0,"key":"BloodPotion"},{"floor":7.0,"key":"FearPotion"},{"floor":14.0,"key":"ColorlessPotion"},{"floor":16.0,"key":"LiquidBronze"},{"floor":17.0,"key":"Regen Potion"},{"floor":22.0,"key":"HeartOfIron"},{"floor":31.0,"key":"AttackPotion"},{"floor":33.0,"key":"FearPotion"},{"floor":38.0,"key":"Block Potion"},{"floor":39.0,"key":"ColorlessPotion"},{"floor":44.0,"key":"HeartOfIron"},{"floor":48.0,"key":"AttackPotion"}],"is_trial":false,"path_per_floor":["M","?","M","M","?","R","M","?","T","?","M","R","$","E","R","B",null,"M","$","?","?","M","R","E","R","T","M","E","$","?","E","R","B",null,"M","M","M","M","M","R","E","R","T","M","E","?","?","E","R","B","B",null,"R","$","E","B",null],"character_chosen":"IRONCLAD","items_purchased":["Body Slam","TheAbacus","AttackPotion","Master of Strategy","Art of War","OrangePellets","LiquidMemories"],"campfire_rested":1,"item_purchase_floors":[19,29,29,54,54,54,54],"current_hp_per_floor":[54,54,45,43,20,42,35,14,14,14,13,13,13,10,10,4,57,40,40,40,40,43,43,50,50,50,57,19,19,19,26,31,22,62,47,59,71,62,70,73,73,73,73,72,69,73,69,67,69,45,52,66,69,69,48,37],"gold":79,"neow_bonus":"BOSS_RELIC","is_daily":false,"chose_seed":false,"campfire_upgraded":8,"win_rate":0.0,"timestamp":1614404999,"path_taken":["M","?","M","M","?","R","M","?","T","?","M","R","$","E","R","BOSS","M","$","?","?","M","R","E","R","T","M","E","?","?","E","R","BOSS","M","M","M","M","M","R","E","R","T","M","E","?","?","E","R","BOSS","BOSS","R","$","E","BOSS"],"items_purchased_type":["Card","Relic","Potion","Card","Relic","Relic","Potion"],"build_version":"2020-12-22","purchased_purges":3,"victory":true,"max_hp_per_floor":[75,75,75,75,75,75,75,75,75,68,68,68,68,68,68,68,73,73,73,73,73,73,73,73,73,73,73,73,73,73,73,73,73,73,73,73,73,73,73,73,73,73,73,73,73,73,69,69,69,69,69,69,69,69,69,69],"relic_stats":{"Gremlin Horn":[16,16],"counters":[29,137],"Eternal Feather":0,"Letter Opener":[291],"MawBank":276,"Blood Vial":28,"OrangePellets":[4],"Centennial Puzzle":[18],"TheAbacus":[234],"Ornamental Fan":[100],"Bloody Idol":135,"Art of War":[3],"obtain_stats":[{"Ice Cream":46,"Tiny House":17,"Gremlin Horn":28,"Golden Idol":10,"Oddly Smooth Stone":24,"Eternal Feather":55,"Letter Opener":8,"MawBank":31,"Ancient Tea Set":45,"Burning Blood":0,"Blood Vial":14,"OrangePellets":54,"Centennial Puzzle":43,"CaptainsWheel":48,"TheAbacus":29,"Ornamental Fan":9,"Bloody Idol":21,"Mark of Pain":34,"Art of War":54,"Toy Ornithopter":41,"Runic Pyramid":0},{"Ice Cream":24,"Tiny House":8,"Gremlin Horn":13,"Golden Idol":5,"Oddly Smooth Stone":11,"Eternal Feather":28,"Letter Opener":5,"MawBank":14,"Ancient Tea Set":23,"Burning Blood":0,"Blood Vial":7,"OrangePellets":27,"Centennial Puzzle":21,"CaptainsWheel":25,"TheAbacus":13,"Ornamental Fan":5,"Bloody Idol":9,"Mark of Pain":15,"Art of War":27,"Toy Ornithopter":21,"Runic Pyramid":0},{"Ice Cream":111,"Tiny House":37,"Gremlin Horn":61,"Golden Idol":21,"Oddly Smooth Stone":52,"Eternal Feather":130,"Letter Opener":21,"MawBank":66,"Ancient Tea Set":106,"Burning Blood":0,"Blood Vial":29,"OrangePellets":125,"Centennial Puzzle":97,"CaptainsWheel":115,"TheAbacus":61,"Ornamental Fan":21,"Bloody Idol":41,"Mark of Pain":73,"Art of War":125,"Toy Ornithopter":97,"Runic Pyramid":0}],"Toy Ornithopter":3},"card_choices":[{"not_picked":["Evolve","Pommel Strike"],"picked":"Sever Soul","floor":1.0},{"not_picked":["Headbutt","True Grit"],"picked":"Seeing Red","floor":3.0},{"not_picked":["Whirlwind","Inflame"],"picked":"Clash","floor":4.0},{"not_picked":["Pommel Strike","Havoc"],"picked":"Feel No Pain","floor":7.0},{"not_picked":["Wild Strike","Flex"],"picked":"Dark Embrace","floor":8.0},{"not_picked":["Shrug It Off","Clash"],"picked":"Second Wind","floor":11.0},{"not_picked":["Combust","Shockwave"],"picked":"Uppercut","floor":14.0},{"not_picked":["Fiend Fire","Offering"],"picked":"Juggernaut","floor":16.0},{"not_picked":["Clash","Uppercut"],"picked":"Shockwave","floor":17.0},{"not_picked":["Rupture","Blood for Blood","Thunderclap"],"picked":"SKIP","floor":18.0},{"not_picked":["True Grit","Clothesline"],"picked":"Shrug It Off","floor":22.0},{"not_picked":["Perfected Strike","Shrug It Off","Cleave"],"picked":"SKIP","floor":24.0},{"not_picked":["Armaments","Shockwave","Pommel Strike"],"picked":"SKIP","floor":27.0},{"not_picked":["Pummel","Warcry","Flame Barrier"],"picked":"SKIP","floor":28.0},{"not_picked":["Wild Strike","Spot Weakness","Rupture"],"picked":"SKIP","floor":31.0},{"not_picked":["Brutality","Corruption"],"picked":"Exhume","floor":33.0},{"not_picked":["Fire Breathing","Iron Wave"],"picked":"Dual Wield","floor":35.0},{"not_picked":["Sentinel","Wild Strike"],"picked":"Warcry+1","floor":36.0},{"not_picked":["Body Slam","Clash+1","Corruption"],"picked":"SKIP","floor":37.0},{"not_picked":["Wild Strike","Perfected Strike+1","Body Slam"],"picked":"SKIP","floor":38.0},{"not_picked":["Havoc","Wild Strike+1","Spot Weakness"],"picked":"SKIP","floor":39.0},{"not_picked":["Havoc","Wild Strike+1","Spot Weakness"],"picked":"SKIP","floor":39.0},{"not_picked":["Headbutt","Havoc","Inflame+1"],"picked":"SKIP","floor":41.0},{"not_picked":["Blood for Blood","Iron Wave"],"picked":"True Grit+1","floor":44.0},{"not_picked":["Dual Wield+1","Wild Strike","Shrug It Off+1"],"picked":"SKIP","floor":45.0},{"not_picked":["Havoc","Reckless Charge"],"picked":"Power Through","floor":46.0},{"not_picked":["Flame Barrier+1","Heavy Blade","Demon Form"],"picked":"SKIP","floor":48.0},{"not_picked":["Warcry","Whirlwind","Shrug It Off"],"picked":"SKIP","floor":55}],"player_experience":1565081,"relics_obtained":[{"floor":8.0,"key":"Letter Opener"},{"floor":9.0,"key":"Ornamental Fan"},{"floor":14.0,"key":"Blood Vial"},{"floor":24.0,"key":"Oddly Smooth Stone"},{"floor":28.0,"key":"Gremlin Horn"},{"floor":31.0,"key":"MawBank"},{"floor":41.0,"key":"Toy Ornithopter"},{"floor":43.0,"key":"Centennial Puzzle"},{"floor":45.0,"key":"Ancient Tea Set"},{"floor":46.0,"key":"Ice Cream"},{"floor":48.0,"key":"CaptainsWheel"},{"floor":55,"key":"Eternal Feather"}],"event_choices":[{"damage_healed":0.0,"max_hp_gain":0.0,"max_hp_loss":0.0,"gold_gain":0.0,"event_name":"Scrap Ooze","player_choice":"Fled","floor":2.0,"gold_loss":0.0,"damage_taken":0.0},{"damage_healed":0.0,"max_hp_gain":0.0,"max_hp_loss":0.0,"gold_gain":0.0,"event_name":"Shining Light","player_choice":"Entered Light","floor":5.0,"gold_loss":0.0,"damage_taken":23.0,"cards_upgraded":["Seeing Red","Bash"]},{"damage_healed":0.0,"max_hp_gain":0.0,"max_hp_loss":0.0,"gold_gain":0.0,"event_name":"Dead Adventurer","player_choice":"Searched \u00272\u0027 times","floor":8.0,"gold_loss":0.0,"damage_taken":0.0},{"damage_healed":0.0,"max_hp_gain":0.0,"max_hp_loss":7.0,"gold_gain":0.0,"event_name":"Golden Idol","player_choice":"Lose Max HP","floor":10.0,"gold_loss":0.0,"damage_taken":0.0,"relics_obtained":["Golden Idol"]},{"damage_healed":0.0,"max_hp_gain":0.0,"max_hp_loss":0.0,"gold_gain":50.0,"event_name":"Nest","player_choice":"Stole From Cult","floor":20.0,"gold_loss":0.0,"damage_taken":0.0},{"damage_healed":0.0,"max_hp_gain":0.0,"max_hp_loss":0.0,"gold_gain":0.0,"event_name":"Forgotten Altar","player_choice":"Gave Idol","floor":21.0,"relics_lost":["Golden Idol"],"gold_loss":0.0,"damage_taken":0.0,"relics_obtained":["Bloody Idol"]},{"damage_healed":0.0,"max_hp_gain":0.0,"max_hp_loss":0.0,"gold_gain":0.0,"event_name":"The Library","player_choice":"Read","floor":30.0,"gold_loss":0.0,"damage_taken":0.0,"cards_obtained":["Rage"]},{"damage_healed":0.0,"max_hp_gain":0.0,"max_hp_loss":0.0,"gold_gain":0.0,"event_name":"MindBloom","player_choice":"Fight","floor":46.0,"gold_loss":0.0,"damage_taken":0.0},{"damage_healed":0.0,"max_hp_gain":0.0,"max_hp_loss":4.0,"gold_gain":0.0,"event_name":"Winding Halls","player_choice":"Max HP","floor":47.0,"gold_loss":0.0,"damage_taken":0.0}],"is_beta":false,"boss_relics":[{"not_picked":["Philosopher\u0027s Stone","Ectoplasm"],"picked":"Tiny House"},{"not_picked":["Cursed Key","Velvet Choker"],"picked":"Mark of Pain"}],"items_purged_floors":[13,19,29],"is_endless":false,"potions_floor_spawned":[1,4,7,14,16,22,31,33,37,38,39,44,48],"ascension_level":20}}