{"host":"yv7ijgyl7mqt7c0r","time":1614388934,"event":{"mods":["100% Spire Juice","2.2 Compatiblity","Act Like it!","Aspiration","BaseMod","Bestiary","Better Note","Better Skull","CapriCore","Conspire","DeckTracker","Elementarium","Energized Spire","Friendly Minions","Gensokyo","GifTheSpireLib","Hallownest","Hubris","KinomotoSakuraMod(????)","Mari Mod (Legacy)","Mari\u0027s V1 Patch","Marisa????????","Menagerie","Minty Spire (QoL Compilation)","Prisma Mod","Random Character Button","Reimu??????","Remilia??????","StSLib","Stuff the Spire","The Administrix","The Alterego","The Bug Knight","The Jungle","The Senshi","The Servant 0.9.4","TheVelvet","Wandering Minibosses","Yakumo Yukari mod","Yohane!","Yuyuko"],"gold_per_floor":[117,136,151,9,21,46,46,72,72,88,88,88,88,113,113,218,218,237,251,251,636,129,161,161,18,18,18,30,75,87,99,111,220,232,254,266,307,319,348,390,402,446,540,552,598,610,634,107,119,131],"floor_reached":51,"language":"ENG","playtime":6322,"items_purged":[],"score":1059,"play_id":"1b29f99a-bc07-4b6a-ab37-7b11075c56ad","local_time":"20210226192214","is_ascension_mode":false,"campfire_choices":[{"data":"RedMoon","floor":11,"key":"SMITH"},{"data":"MastersStateliness","floor":15,"key":"SMITH"},{"floor":24,"key":"REST"},{"floor":28,"key":"REST"},{"data":"QueenOfMidnight","floor":30,"key":"SMITH"},{"data":"MastersStateliness","floor":32,"key":"SMITH"},{"data":"Gensokyo:PrivateSquare","floor":41,"key":"SMITH"},{"data":"Gensokyo:LochNessMonster","floor":49,"key":"SMITH"}],"circlet_count":0,"master_deck":["Strike_RM","Strike_RM","Strike_RM","Defend_RM","Defend_RM","Defend_RM","Defend_RM","RedMoon+1","ScarletShoot","Stigmanizer","UnstableMagic","SuperhumanBloodyKnife","UnderTheZenith+1","MastersStateliness+1","NightDance","DiffusionOfMisfortune","MastersStateliness+1","QueenOfMidnight+1","BlasphemousPunishment","FitfulNightmare+1","EndlessAdversity+1","TwelveNightmare","Gensokyo:SlitMouthedWoman","BombardNight","MastersStateliness+1","ScarletDevil","BloodyHallows","ScarletMeister","BloodyMagicSquare+1","FavorOfDestiny+1","Gensokyo:PrivateSquare+1","Pride","BombardNight+1","ScarletDream+1","LeisurelyOfLord+1","Gensokyo:MorningStar+1","VampireSweep","ScarletImprint+1","Gensokyo:LochNessMonster+1","Gensokyo:Taser","Gensokyo:RPG"],"relics":["ScarletHat","Regal Pillow","Mastiff:ReiMu","Mercury Hourglass","Gensokyo:OccultBall","Dream Catcher","Kunai","Gensokyo:CelestialsFlawlessClothing","Gensokyo:Companionship","Pantograph","energizedSpire:MagnifyingGlass","StuffTheSpire:BottledEssence","FairyMaid","Juzu Bracelet","Mummified Hand","Bronze Scales","MawBank","Boot","hubris:Towel","energizedSpire:NeverEndingSparkler","Art of War","PreservedInsect","StuffTheSpire:Wildfire","theSenshi:SailorFukuRelic","Vajra","conspire:Dentures","Gensokyo:EmptyGrave","aspiration:KaomsHeart"],"acts_visited":["Gensokyo:Gensokyo","Gensokyo:Gensokyoer","Gensokyo:Gensokyoest"],"potions_floor_usage":[16],"damage_taken":[{"damage":0,"enemies":"Gensokyo:Python","floor":1,"turns":4},{"damage":0,"enemies":"Gensokyo:Gryphon","floor":2,"turns":6},{"damage":0,"enemies":"Gensokyo:2_Kodama","floor":3,"turns":4},{"damage":3,"enemies":"Gensokyo:Kitsune","floor":5,"turns":5},{"damage":12,"enemies":"Gensokyo:Aya","floor":6,"turns":7},{"damage":1,"enemies":"Gensokyo:Mamizou","floor":8,"turns":8},{"damage":0,"enemies":"Gensokyo:Gryphon_and_Rabbit","floor":10,"turns":4},{"damage":0,"enemies":"Gensokyo:Aya","floor":14,"turns":4},{"damage":7,"enemies":"Gensokyo:Yukari","floor":16,"turns":13},{"damage":9,"enemies":"Gensokyo:AngelMirror","floor":18,"turns":5},{"damage":5,"enemies":"Gensokyo:CosmicMonolith","floor":19,"turns":3},{"damage":69,"enemies":"Gensokyo:Wraith","floor":21,"turns":7},{"damage":21,"enemies":"Gensokyo:Reisen","floor":23,"turns":6},{"damage":39,"enemies":"Gensokyo:Koishi","floor":29,"turns":2},{"damage":104,"enemies":"Gensokyo:Kaguya","floor":33,"turns":8},{"damage":48,"enemies":"Gensokyo:AncientGuardian","floor":35,"turns":4},{"damage":64,"enemies":"conspire:MimicChest","floor":37,"turns":5},{"damage":57,"enemies":"Gensokyo:3_Bats","floor":39,"turns":5},{"damage":66,"enemies":"Gensokyo:Marisa","floor":40,"turns":2},{"damage":66,"enemies":"Gensokyo:Doremy","floor":42,"turns":3},{"damage":7,"enemies":"Gensokyo:Doremy","floor":44,"turns":6},{"damage":57,"enemies":"Gensokyo:SeedOfUnknown","floor":45,"turns":3},{"damage":45,"enemies":"Gensokyo:Sharpion","floor":47,"turns":3},{"damage":132,"enemies":"Gensokyo:Scarlet_Devils","floor":50,"turns":3}],"seed_played":"2565833722049478190","potions_obtained":[{"floor":2,"key":"Energy Potion"},{"floor":5,"key":"FearPotion"},{"floor":8,"key":"SkillPotion"},{"floor":10,"key":"PanachePotion"},{"floor":14,"key":"Dexterity Potion"},{"floor":18,"key":"FearPotion"},{"floor":37,"key":"AttackPotion"}],"is_trial":false,"path_per_floor":["M","M","M","COS","M","E","?","E","T","M","R","?","?","E","R","B",null,"M","M","?","M","COS","E","R","$","T","?","R","E","R","?","R","B",null,"M","?","?","?","M","E","R","E","T","?","M","?","M","COS","R","B",null],"character_chosen":"REMILIA","items_purchased":["Juzu Bracelet"],"campfire_rested":2,"item_purchase_floors":[25],"current_hp_per_floor":[75,75,75,75,72,62,62,64,64,64,64,46,46,49,49,71,75,67,69,75,48,48,43,75,75,75,44,75,74,74,74,74,75,75,74,63,75,75,75,75,75,75,75,75,75,69,69,169,169,169],"gold":143,"neow_bonus":"RANDOM_COMMON_RELIC","is_daily":false,"chose_seed":false,"campfire_upgraded":6,"win_rate":0.0,"timestamp":1614388934,"path_taken":["M","M","M","COS","M","E","?","E","T","M","R","?","?","E","R","BOSS","M","M","?","?","COS","E","R","?","T","?","R","E","R","?","R","BOSS","M","?","?","?","M","E","R","E","T","?","M","?","M","COS","R","BOSS"],"items_purchased_type":["Relic"],"build_version":"2020-12-22","purchased_purges":0,"victory":true,"max_hp_per_floor":[75,75,75,75,75,75,75,75,75,75,75,75,75,75,75,75,75,75,75,75,75,75,75,75,75,75,75,75,75,75,75,75,75,75,75,75,75,75,75,75,75,75,75,75,75,69,69,169,169,169],"card_choices":[{"not_picked":["BlasphemousPunishment","StarOfDavid"],"picked":"Stigmanizer","floor":1},{"not_picked":["Septette","FavorOfDestiny"],"picked":"UnstableMagic","floor":2},{"not_picked":["HellCatastrophe","Septette"],"picked":"SuperhumanBloodyKnife","floor":3},{"not_picked":["BloodyMagicSquare+1","SuperhumanBloodyKnife+1"],"picked":"UnderTheZenith+1","floor":5},{"not_picked":["UnstableMagic","ReincarnationDial"],"picked":"MastersStateliness","floor":5},{"not_picked":["CharismaGuard","MiserableFate"],"picked":"BatForm","floor":6},{"not_picked":["BloodHunter","ScarletDevil"],"picked":"NightDance","floor":8},{"not_picked":["VampireClaw","UnderTheZenith"],"picked":"DiffusionOfMisfortune","floor":10},{"not_picked":["ChaoticDestiny","BloodHunter"],"picked":"MastersStateliness","floor":14},{"not_picked":["BloodRain","BloodyHallows"],"picked":"QueenOfMidnight","floor":16},{"not_picked":["DevilSight","NightDance"],"picked":"BlasphemousPunishment","floor":18},{"not_picked":["LeisurelyOfLord","CharismaGuard"],"picked":"FitfulNightmare+1","floor":18},{"not_picked":["DevilSight+1","DiffusionOfMisfortune"],"picked":"EndlessAdversity+1","floor":19},{"not_picked":["VampirishNight","CharismaGuard"],"picked":"TwelveNightmare","floor":21},{"not_picked":["RedRainbow+1","BombardNight+1"],"picked":"BloodyMagicSquare+1","floor":23},{"not_picked":["MastersStateliness","RedRainbow"],"picked":"BombardNight","floor":23},{"not_picked":["ScarletImprint","RedRainbow"],"picked":"MastersStateliness+1","floor":24},{"not_picked":["Stigmanizer","UnderTheZenith"],"picked":"ScarletDevil","floor":28},{"not_picked":["ChaoticDestiny","StarOfDavid+1"],"picked":"BloodyHallows","floor":29},{"not_picked":["TransientEternity","CurseOfVladTepes"],"picked":"ScarletMeister","floor":33},{"not_picked":["BombardNight","UltimateOffering"],"picked":"BloodyMagicSquare+1","floor":35},{"not_picked":["BloodHunter","NightDance+1"],"picked":"FavorOfDestiny+1","floor":37},{"not_picked":["DiffusionOfMisfortune","FitfulNightmare+1"],"picked":"BombardNight+1","floor":39},{"not_picked":["BombardNight+1","BloodyTrap"],"picked":"ScarletDream+1","floor":40},{"not_picked":["DiffusionOfMisfortune+1","FavorOfDestiny+1"],"picked":"LeisurelyOfLord+1","floor":42},{"not_picked":["Gensokyo:UnlikelyAid+1","Gensokyo:UnhurriedMind+1"],"picked":"Gensokyo:MorningStar+1","floor":44},{"not_picked":["RedRainbow+1","UnstableMagic"],"picked":"VampireSweep","floor":45},{"not_picked":["MastersStateliness","DiffusionOfMisfortune"],"picked":"ScarletImprint+1","floor":47}],"player_experience":630834,"relics_obtained":[{"floor":6,"key":"Mercury Hourglass"},{"floor":8,"key":"Dream Catcher"},{"floor":9,"key":"Kunai"},{"floor":14,"key":"Pantograph"},{"floor":16,"key":"Gensokyo:OccultBall"},{"floor":23,"key":"FairyMaid"},{"floor":26,"key":"Mummified Hand"},{"floor":29,"key":"Boot"},{"floor":33,"key":"Gensokyo:OccultBall"},{"floor":37,"key":"StuffTheSpire:Wildfire"},{"floor":40,"key":"theSenshi:SailorFukuRelic"},{"floor":42,"key":"Vajra"},{"floor":43,"key":"conspire:Dentures"}],"event_choices":[{"damage_healed":0,"gold_gain":0,"player_choice":"RE RE ","damage_taken":35,"relics_obtained":["Bronze Scales","MawBank"],"max_hp_gain":0,"max_hp_loss":0,"event_name":"betterSkull:BetterSkull","floor":27,"gold_loss":0,"cards_upgraded":[]}],"is_beta":false,"boss_relics":[{"not_picked":["conspire:RoyalGoblet","Empty Cage"],"picked":"energizedSpire:MagnifyingGlass"},{"not_picked":["Runic Dome","Calling Bell"],"picked":"energizedSpire:NeverEndingSparkler"}],"items_purged_floors":[],"is_endless":false,"potions_floor_spawned":[2,5,8,10,14,18,29,37,39,47],"ascension_level":0}}