{"host":"xsuxkwaivmtd234a","time":1614444405,"event":{"mods":["BaseMod","Bestiary","Colored Map","Filter the Spire","Minty Spire (QoL Compilation)","Relic Stats","StSLib"],"gold_per_floor":[115,133,151,166,186,186,186,186,238,163,183,183,183],"floor_reached":12,"language":"ENG","playtime":512,"items_purged":["Injury"],"score":108,"play_id":"63a21e62-fed2-4f50-a430-539e1e0acecc","local_time":"20210227114645","is_ascension_mode":true,"campfire_choices":[{"floor":6,"key":"REST"},{"data":"Streamline","floor":8,"key":"SMITH"}],"circlet_count":0,"master_deck":["AscendersBane","Strike_B","Strike_B+1","Strike_B","Strike_B","Defend_B","Defend_B+1","Defend_B","Defend_B","Zap+1","Dualcast","Hyperbeam+1","Cold Snap","Streamline+1","Self Repair","Turbo"],"relics":["Cracked Core","War Paint"],"acts_visited":["Exordium"],"potions_floor_usage":[3,12],"damage_taken":[{"damage":0,"enemies":"Cultist","floor":1,"turns":2},{"damage":11,"enemies":"2 Louse","floor":2,"turns":3},{"damage":0,"enemies":"Small Slimes","floor":3,"turns":2},{"damage":26,"enemies":"Exordium Thugs","floor":4,"turns":5},{"damage":16,"enemies":"Gremlin Gang","floor":5,"turns":3},{"damage":0,"enemies":"2 Fungi Beasts","floor":11,"turns":2},{"damage":32,"enemies":"Gremlin Nob","floor":12,"turns":3}],"seed_played":"6507244601165309863","potions_obtained":[{"floor":2,"key":"Energy Potion"},{"floor":5,"key":"BlessingOfTheForge"}],"is_trial":false,"path_per_floor":["M","M","M","M","M","R","?","R","T","$","M","E"],"character_chosen":"DEFECT","items_purchased":[],"campfire_rested":1,"item_purchase_floors":[],"current_hp_per_floor":[68,57,57,31,22,44,29,29,29,29,29,0,0],"gold":183,"neow_bonus":"THREE_RARE_CARDS","is_daily":false,"chose_seed":false,"campfire_upgraded":1,"win_rate":0.0,"timestamp":1614444405,"path_taken":["M","M","?","?","M","R","?","R","T","$","M","E"],"items_purchased_type":[],"build_version":"2020-12-22","purchased_purges":1,"victory":false,"max_hp_per_floor":[75,75,75,75,75,75,75,75,75,75,75,75,75],"relic_stats":{"counters":[7,20],"War Paint":["Defend_B","Zap"],"obtain_stats":[{"War Paint":9,"Cracked Core":0},{"War Paint":5,"Cracked Core":0},{"War Paint":15,"Cracked Core":0}]},"card_choices":[{"not_picked":["All For One","Rainbow"],"picked":"Hyperbeam","floor":0},{"not_picked":["Auto Shields","Go for the Eyes","Conserve Battery"],"picked":"SKIP","floor":1},{"not_picked":["Compile Driver","Steam Power"],"picked":"Cold Snap","floor":2},{"not_picked":["White Noise","Cold Snap"],"picked":"Streamline","floor":3},{"not_picked":["Sunder","Melter"],"picked":"Self Repair","floor":4},{"not_picked":["Beam Cell","Steam","Steam Power"],"picked":"SKIP","floor":5},{"not_picked":["Blizzard","Melter"],"picked":"Turbo","floor":11}],"player_experience":1399539,"relics_obtained":[{"floor":9,"key":"War Paint"}],"event_choices":[{"damage_healed":0,"gold_gain":0,"player_choice":"Entered Light","damage_taken":15,"max_hp_gain":0,"max_hp_loss":0,"event_name":"Shining Light","floor":7,"gold_loss":0,"cards_upgraded":["Hyperbeam","Strike_B"]}],"is_beta":false,"boss_relics":[],"items_purged_floors":[10],"is_endless":false,"potions_floor_spawned":[2,5],"killed_by":"Gremlin Nob","ascension_level":10}}