{"host":"kh6fvhxn285ncg0o","time":1614407871,"event":{"mods":["Act Like it!","BaseMod","Colored Map","Friendly Minions","Keyboard Shortcuts","Minty Spire (QoL Compilation)","Quick Restart","Relic Stats","StSLib","SuperFastMode","UnlockEverythingMod"],"gold_per_floor":[122,122,145,70,93,130,205,205,256,265,296,266,281,305,305,410,410,431,431,454,15,15,15,15],"floor_reached":23,"language":"KOR","playtime":418,"items_purged":["Strike_R"],"score":398,"play_id":"1161d403-2ef7-47c5-affa-7dc1695c4e6c","local_time":"20210227153751","is_ascension_mode":true,"campfire_choices":[{"floor":10,"key":"REST"},{"floor":15,"key":"DIG"}],"circlet_count":0,"master_deck":["AscendersBane","Strike_R","Strike_R","Defend_R+1","Defend_R","Defend_R","Defend_R","Bash","Inflame+1","Shrug It Off","Sword Boomerang","Rage","Battle Trance","Fiend Fire","Feed","Apotheosis+1"],"relics":["Burning Blood","CeramicFish","Dream Catcher","Golden Idol","Red Skull","Shovel","Frozen Egg 2","Fusion Hammer","TheAbacus"],"acts_visited":["Exordium","TheCity"],"potions_floor_usage":[12,13,16,16],"damage_taken":[{"damage":8,"enemies":"Small Slimes","floor":1,"turns":4},{"damage":14,"enemies":"2 Louse","floor":3,"turns":2},{"damage":0,"enemies":"Cultist","floor":5,"turns":3},{"damage":32,"enemies":"Gremlin Nob","floor":6,"turns":4},{"damage":20,"enemies":"3 Sentries","floor":11,"turns":7},{"damage":4,"enemies":"Large Slime","floor":13,"turns":5},{"damage":5,"enemies":"Blue Slaver","floor":14,"turns":3},{"damage":6,"enemies":"Slime Boss","floor":16,"turns":6},{"damage":13,"enemies":"Chosen","floor":18,"turns":4},{"damage":6,"enemies":"3 Byrds","floor":20,"turns":6},{"damage":51,"enemies":"Slavers","floor":23,"turns":4}],"seed_played":"95181287542109548","potions_obtained":[{"floor":1,"key":"BloodPotion"},{"floor":11,"key":"Fire Potion"},{"floor":12,"key":"Fire Potion"},{"floor":13,"key":"SneckoOil"},{"floor":14,"key":"DuplicationPotion"}],"is_trial":false,"path_per_floor":["M","?","M","?","M","E","?","?","T","R","E","?","M","M","R","B",null,"M","?","M","$","?","E"],"character_chosen":"IRONCLAD","items_purchased":["Apotheosis","TheAbacus"],"campfire_rested":1,"item_purchase_floors":[21,21],"current_hp_per_floor":[66,43,35,35,41,15,4,4,4,24,10,23,25,26,26,26,58,51,51,51,51,51,0,0],"gold":15,"neow_bonus":"RANDOM_COMMON_RELIC","is_daily":false,"chose_seed":false,"campfire_upgraded":0,"win_rate":0.0,"timestamp":1614407871,"path_taken":["M","?","M","?","M","E","?","?","T","R","E","?","?","M","R","BOSS","M","?","M","$","?","E"],"items_purchased_type":["Card","Relic"],"build_version":"2020-12-22","purchased_purges":1,"victory":false,"max_hp_per_floor":[75,75,75,75,75,75,75,68,68,68,68,68,68,68,68,68,68,68,68,68,68,68,68,68],"relic_stats":{"Dream Catcher":1,"Shovel":1,"TheAbacus":[6],"counters":[11,48],"Golden Idol":40,"CeramicFish":72,"obtain_stats":[{"Dream Catcher":6,"Shovel":11,"TheAbacus":21,"Golden Idol":8,"CeramicFish":0,"Fusion Hammer":17,"Frozen Egg 2":15,"Burning Blood":0,"Red Skull":9},{"Dream Catcher":4,"Shovel":5,"TheAbacus":10,"Golden Idol":4,"CeramicFish":0,"Fusion Hammer":8,"Frozen Egg 2":7,"Burning Blood":0,"Red Skull":4},{"Dream Catcher":13,"Shovel":20,"TheAbacus":44,"Golden Idol":13,"CeramicFish":0,"Fusion Hammer":34,"Frozen Egg 2":28,"Burning Blood":0,"Red Skull":13}],"Burning Blood":60},"card_choices":[{"not_picked":["Dual Wield","Warcry"],"picked":"Inflame","floor":1},{"not_picked":["Pommel Strike","Armaments"],"picked":"Shrug It Off","floor":3},{"not_picked":["Metallicize","Warcry"],"picked":"Sword Boomerang","floor":5},{"not_picked":["Armaments","True Grit"],"picked":"Rage","floor":6},{"not_picked":["Second Wind","Seeing Red"],"picked":"Battle Trance","floor":10},{"not_picked":["Body Slam","Sentinel","Double Tap"],"picked":"SKIP","floor":11},{"not_picked":["Rampage","Cleave","Flame Barrier"],"picked":"SKIP","floor":13},{"not_picked":["Body Slam","Anger","Cleave"],"picked":"SKIP","floor":14},{"not_picked":["Feed","Double Tap"],"picked":"Fiend Fire","floor":16},{"not_picked":["Heavy Blade","Pommel Strike"],"picked":"Feed","floor":20}],"player_experience":1571783,"relics_obtained":[{"floor":6,"key":"Dream Catcher"},{"floor":9,"key":"Red Skull"},{"floor":11,"key":"Shovel"},{"floor":15,"key":"Frozen Egg 2"}],"event_choices":[{"damage_healed":0,"gold_gain":0,"player_choice":"Entered Light","damage_taken":23,"max_hp_gain":0,"max_hp_loss":0,"event_name":"Shining Light","floor":2,"gold_loss":0,"cards_upgraded":["Defend_R","Inflame"]},{"cards_removed":["Strike_R"],"damage_healed":0,"gold_gain":0,"player_choice":"Card Removal","damage_taken":0,"max_hp_gain":0,"max_hp_loss":0,"event_name":"The Cleric","floor":4,"gold_loss":75},{"damage_healed":0,"gold_gain":75,"player_choice":"Gather Gold","damage_taken":11,"max_hp_gain":0,"max_hp_loss":0,"event_name":"World of Goop","floor":7,"gold_loss":0},{"damage_healed":0,"gold_gain":0,"player_choice":"Lose Max HP","damage_taken":0,"relics_obtained":["Golden Idol"],"max_hp_gain":0,"max_hp_loss":7,"event_name":"Golden Idol","floor":8,"gold_loss":0},{"damage_healed":0,"gold_gain":0,"player_choice":"Bought 2 Potions","damage_taken":0,"max_hp_gain":0,"max_hp_loss":0,"event_name":"The Woman in Blue","floor":12,"gold_loss":0},{"cards_removed":["Strike_R"],"damage_healed":0,"gold_gain":0,"player_choice":"Elegance","damage_taken":0,"max_hp_gain":0,"max_hp_loss":0,"event_name":"Back to Basics","floor":19,"gold_loss":0},{"damage_healed":0,"gold_gain":0,"player_choice":"Forge","damage_taken":0,"max_hp_gain":0,"max_hp_loss":0,"event_name":"Accursed Blacksmith","floor":22,"gold_loss":0,"cards_upgraded":["Apotheosis"]}],"is_beta":false,"boss_relics":[{"not_picked":["SacredBark","Tiny House"],"picked":"Fusion Hammer"}],"items_purged_floors":[21],"is_endless":false,"potions_floor_spawned":[1,11,13,14],"killed_by":"Slavers","ascension_level":20}}