{"host":"rmsq46plbpwfbxcc","time":1614390163,"event":{"mods":["AchievementEnabler","BaseMod","Colored Map","Colored Powertips","DeckTracker","KOR Keyword Fix","Minty Spire (QoL Compilation)","Permanent Neow","Quick Restart","SuperFastMode"],"gold_per_floor":[117,117,23,23,43,43,18,18,18,18,18,31,31,61,61,136,136,156,173,88,13,13,13,39,39,113,145,145,145,175,190,190,263,263,273,273,325,342,178,210,228,261,286,298,298,77,96,108,108,108,108,108,31,66,66,66],"floor_reached":55,"language":"KOR","playtime":1592,"items_purged":["Catalyst"],"score":1427,"play_id":"8cba8184-0f1c-4753-90a5-439fad16e1a6","local_time":"20210227104243","is_ascension_mode":true,"campfire_choices":[{"data":"Blade Dance","floor":6.0,"key":"SMITH"},{"data":"Cloak And Dagger","floor":8.0,"key":"SMITH"},{"data":"Phantasmal Killer","floor":10,"key":"SMITH"},{"data":"Trip","floor":13,"key":"SMITH"},{"data":"Cloak And Dagger","floor":15,"key":"SMITH"},{"data":"After Image","floor":23,"key":"SMITH"},{"data":"Neutralize","floor":25,"key":"SMITH"},{"data":"Finisher","floor":29,"key":"SMITH"},{"data":"Blur","floor":32,"key":"SMITH"},{"data":"Burst","floor":45,"key":"SMITH"},{"floor":49,"key":"RECALL"},{"data":"Tactician","floor":52,"key":"SMITH"}],"circlet_count":0,"master_deck":["AscendersBane","Survivor","Neutralize+1","Cloak And Dagger+1","Blade Dance+1","Corpse Explosion","Escape Plan","Footwork+1","Phantasmal Killer+1","Blur+1","Backstab","Choke+1","Trip+1","Cloak And Dagger+1","Backflip","PiercingWail","After Image+1","Finisher+1","Noxious Fumes+1","Burst+1","Acrobatics+1","Well Laid Plans+1","Tactician+1","Expertise","Blade Dance"],"relics":["Pandora\u0027s Box","Pantograph","Tingsha","WristBlade","Frozen Egg 2","Bottled Tornado","Meat on the Bone","The Specimen","Bronze Scales","Philosopher\u0027s Stone","Gambling Chip","Lee\u0027s Waffle","Bird Faced Urn","The Courier","Strawberry","Kunai","Tough Bandages"],"acts_visited":["Exordium","TheCity","TheBeyond","TheEnding"],"potions_floor_usage":[19,24,37,37,47,48,54],"damage_taken":[{"damage":0.0,"enemies":"Cultist","floor":1.0,"turns":3.0},{"damage":0.0,"enemies":"Small Slimes","floor":5.0,"turns":3.0},{"damage":7,"enemies":"Jaw Worm","floor":12,"turns":2},{"damage":15,"enemies":"Lagavulin","floor":14,"turns":4},{"damage":24,"enemies":"Slime Boss","floor":16,"turns":8},{"damage":14,"enemies":"2 Thieves","floor":18,"turns":3},{"damage":0,"enemies":"Spheric Guardian","floor":19,"turns":2},{"damage":0,"enemies":"Book of Stabbing","floor":24,"turns":2},{"damage":1,"enemies":"Gremlin Leader","floor":27,"turns":5},{"damage":26,"enemies":"Book of Stabbing","floor":30,"turns":5},{"damage":5,"enemies":"Shelled Parasite and Fungi","floor":31,"turns":4},{"damage":1,"enemies":"Automaton","floor":33,"turns":5},{"damage":9,"enemies":"3 Shapes","floor":35,"turns":4},{"damage":7,"enemies":"2 Orb Walkers","floor":37,"turns":3},{"damage":27,"enemies":"3 Darklings","floor":38,"turns":3},{"damage":7,"enemies":"Reptomancer","floor":40,"turns":5},{"damage":7,"enemies":"Sphere and 2 Shapes","floor":41,"turns":4},{"damage":0,"enemies":"Nemesis","floor":42,"turns":3},{"damage":0,"enemies":"Transient","floor":44,"turns":5},{"damage":12,"enemies":"Writhing Mass","floor":47,"turns":3},{"damage":9,"enemies":"4 Shapes","floor":48,"turns":2},{"damage":36,"enemies":"Time Eater","floor":50,"turns":9},{"damage":16,"enemies":"Shield and Spear","floor":54,"turns":8},{"damage":87,"enemies":"The Heart","floor":55,"turns":3}],"seed_played":"-8072634915537201668","potions_obtained":[{"floor":16,"key":"FearPotion"},{"floor":18,"key":"AttackPotion"},{"floor":19,"key":"Fruit Juice"},{"floor":31,"key":"SpeedPotion"},{"floor":33,"key":"LiquidMemories"},{"floor":38,"key":"Energy Potion"},{"floor":42,"key":"Block Potion"},{"floor":47,"key":"DistilledChaos"},{"floor":48,"key":"Block Potion"}],"is_trial":false,"path_per_floor":["M","?","$","?","M","R","$","R","T","R","?","M","R","E","R","B",null,"M","M","?","$","$","R","E","R","T","E","?","R","E","M","R","B",null,"M","?","?","M","$","E","M","E","T","M","R","$","M","M","R","B",null,"R","$","E","B"],"character_chosen":"THE_SILENT","items_purchased":["Trip","Cloak And Dagger","Lee\u0027s Waffle","Kunai","Expertise","Blade Dance"],"campfire_rested":0,"item_purchase_floors":[3,7,39,46,53,53],"current_hp_per_floor":[59,59,59,39,39,39,39,39,39,39,34,27,27,12,12,13,53,39,44,44,44,44,44,44,44,44,43,43,43,29,36,36,60,68,59,59,52,37,78,71,71,78,85,85,85,85,73,70,70,52,77,77,77,69,0,0],"gold":66,"neow_bonus":"BOSS_RELIC","is_daily":false,"chose_seed":false,"campfire_upgraded":11,"win_rate":0.0,"timestamp":1614390163,"path_taken":["M","?","?","?","M","R","$","R","T","R","?","M","R","E","R","BOSS","M","M","?","?","$","R","E","R","T","E","?","R","E","M","R","BOSS","M","?","?","M","?","E","M","E","T","M","R","$","M","M","R","BOSS","R","$","E","BOSS"],"items_purchased_type":["Card","Card","Relic","Relic","Card","Card"],"build_version":"2020-12-22","purchased_purges":1,"victory":false,"max_hp_per_floor":[66,66,66,66,66,66,66,66,66,66,66,66,66,66,66,66,66,66,71,71,71,71,71,71,71,71,71,71,71,71,71,71,71,71,71,71,71,71,78,78,78,78,85,85,85,85,85,85,85,85,85,85,85,85,85,85],"card_choices":[{"not_picked":["Bane","Deadly Poison"],"picked":"Choke","floor":1.0},{"not_picked":["Backstab","All Out Attack","Eviscerate"],"picked":"SKIP","floor":5.0},{"not_picked":["Caltrops","Dodge and Roll"],"picked":"Backflip","floor":12},{"not_picked":["Blade Dance","Dagger Throw"],"picked":"PiercingWail","floor":14},{"not_picked":["Night Terror","Glass Knife"],"picked":"After Image","floor":16},{"not_picked":["Cloak And Dagger","Quick Slash+1","PiercingWail"],"picked":"SKIP","floor":18},{"not_picked":["Catalyst","Dagger Spray","Bane+1"],"picked":"SKIP","floor":19},{"not_picked":["Backstab","Deflect","Grand Finale"],"picked":"SKIP","floor":24},{"not_picked":["Skewer","Sucker Punch"],"picked":"Finisher","floor":27},{"not_picked":["Heel Hook","Distraction","Sucker Punch"],"picked":"SKIP","floor":30},{"not_picked":["Bane","Sucker Punch","Dagger Spray"],"picked":"SKIP","floor":31},{"not_picked":["Die Die Die","Storm of Steel"],"picked":"Burst","floor":33},{"not_picked":["Underhanded Strike","Deflect","Reflex"],"picked":"SKIP","floor":35},{"not_picked":["Poisoned Stab+1","Skewer"],"picked":"Acrobatics+1","floor":37},{"not_picked":["Poisoned Stab","Underhanded Strike"],"picked":"Well Laid Plans+1","floor":38},{"not_picked":["Setup","Dash+1","Dagger Throw"],"picked":"SKIP","floor":40},{"not_picked":["Flechettes","Die Die Die","Crippling Poison"],"picked":"SKIP","floor":41},{"not_picked":["Flying Knee","Choke"],"picked":"Tactician","floor":42},{"not_picked":["Dodge and Roll","Underhanded Strike","Predator"],"picked":"SKIP","floor":44},{"not_picked":["Tactician","Blade Dance","Outmaneuver"],"picked":"SKIP","floor":47},{"not_picked":["Dagger Spray","Glass Knife","Sucker Punch"],"picked":"SKIP","floor":48},{"not_picked":["Sucker Punch+1","All Out Attack","Outmaneuver"],"picked":"SKIP","floor":54}],"player_experience":669950,"relics_obtained":[{"floor":14,"key":"Tingsha"},{"floor":24,"key":"Bottled Tornado"},{"floor":26,"key":"Meat on the Bone"},{"floor":27,"key":"The Specimen"},{"floor":30,"key":"Bronze Scales"},{"floor":37,"key":"Gambling Chip"},{"floor":40,"key":"Bird Faced Urn"},{"floor":42,"key":"The Courier"},{"floor":43,"key":"Strawberry"},{"floor":54,"key":"Tough Bandages"}],"event_choices":[{"cards_removed":["Prepared"],"damage_healed":0.0,"max_hp_gain":0.0,"max_hp_loss":0.0,"gold_gain":0.0,"event_name":"Purifier","player_choice":"Purged","floor":2.0,"gold_loss":0.0,"damage_taken":0.0},{"damage_healed":0.0,"max_hp_gain":0.0,"max_hp_loss":0.0,"gold_gain":0.0,"event_name":"Shining Light","player_choice":"Entered Light","floor":4.0,"gold_loss":0.0,"damage_taken":20.0,"cards_upgraded":["Choke","Footwork"]},{"damage_healed":0,"gold_gain":0,"player_choice":"Success","damage_taken":5,"relics_obtained":["Pantograph"],"max_hp_gain":0,"max_hp_loss":0,"event_name":"Scrap Ooze","floor":11,"gold_loss":0},{"damage_healed":0,"gold_gain":0,"player_choice":"Obtained Relic","damage_taken":0,"relics_obtained":["Frozen Egg 2"],"max_hp_gain":0,"max_hp_loss":0,"event_name":"Addict","floor":20,"gold_loss":85},{"damage_healed":0,"gold_gain":0,"player_choice":"Read","damage_taken":0,"max_hp_gain":0,"max_hp_loss":0,"event_name":"The Library","floor":28,"gold_loss":0,"cards_obtained":["Noxious Fumes"]},{"damage_healed":0,"gold_gain":0,"player_choice":"Ignored","damage_taken":0,"max_hp_gain":0,"max_hp_loss":0,"event_name":"Tomb of Lord Red Mask","floor":36,"gold_loss":0},{"damage_healed":0,"gold_gain":0,"player_choice":"Fight","damage_taken":0,"max_hp_gain":0,"max_hp_loss":0,"event_name":"Mysterious Sphere","floor":37,"gold_loss":0}],"is_beta":false,"boss_relics":[{"not_picked":["Snecko Eye","Fusion Hammer"],"picked":"WristBlade"},{"not_picked":["Empty Cage","Tiny House"],"picked":"Philosopher\u0027s Stone"}],"items_purged_floors":[21],"is_endless":false,"potions_floor_spawned":[16,18,19,31,33,38,42,44,47,48],"killed_by":"The Heart","ascension_level":16}}