{"host":"dn6kke80v5f7isus","time":1614454180,"event":{"mods":["AchievementEnabler","Act Like it!","Bard","BaseMod","Colored Powertips","Custom Start","Defuse TimeMaze Blight","Energized Spire","Gremlin Skip","Highlight Path","Hubris","Infinite Spire","Marisa????????","Marked Mod","Minty Spire (QoL Compilation)","Quick Restart","Rare Cards Sparkle","Reliquary","Replay The Spire","StSLib","The Administrix","The Servant 0.9.4","Uncapped","Unceasing Turn Reminder"],"gold_per_floor":[110,110,110,110,127,158,8365,8381,8381,8409,8409,8409,7861,7861,7861,7958,7958,7973,7984,7655,7674,7153,7153,7153],"floor_reached":23,"language":"ENG","playtime":569,"items_purged":[],"score":283,"play_id":"a9feb29a-656b-4b63-a709-a69e6e8b0d86","local_time":"20210227142940","is_ascension_mode":true,"campfire_choices":[{"data":"Hologram","floor":11.0,"key":"SMITH"},{"data":"Combust","floor":15.0,"key":"SMITH"}],"circlet_count":0,"master_deck":["Strike_R+1","Defend_R+1","Bash+1","Dark Embrace+1","Self Repair+1","Brutality","ReplayTheSpireMod:System Scan","Hologram+1","Combust+1","Limit Break","Fire Breathing","Fire Breathing","WeaponsOverheat"],"relics":["NeowsBlessing","Iron Core","Garlic","hubris:EmptyBottle","infinitespire:EmpoweringShard","infinitespire:PuzzleCube","Simple Rune","Meat on the Bone","Singing Bowl","infinitespire:Satchel","ReplayTheSpireMod:Lightbulb","reliquary:FingerTrap","Red Skull","BargainBundle","Red Skull"],"acts_visited":["Exordium","TheCity"],"potions_floor_usage":[21,21],"damage_taken":[{"damage":0.0,"enemies":"Jaw Worm","floor":1.0,"turns":1.0},{"damage":0.0,"enemies":"2 Louse","floor":5.0,"turns":1.0},{"damage":0.0,"enemies":"3 Sentries","floor":6.0,"turns":2.0},{"damage":2.0,"enemies":"Small Slimes","floor":8.0,"turns":3.0},{"damage":39.0,"enemies":"Lagavulin","floor":10.0,"turns":5.0},{"damage":31.0,"enemies":"The Guardian","floor":16.0,"turns":7.0},{"damage":17.0,"enemies":"Shell Parasite","floor":18.0,"turns":4.0},{"damage":14.0,"enemies":"2 Thieves","floor":19.0,"turns":3.0},{"damage":30,"enemies":"Centurion and Healer","floor":21,"turns":5},{"damage":0,"enemies":"Slavers","floor":23,"turns":1}],"seed_played":"-9140987325884558570","potions_obtained":[{"floor":5.0,"key":"SpeedPotion"},{"floor":6.0,"key":"Venom Potion"},{"floor":8.0,"key":"Regen Potion"},{"floor":14.0,"key":"Energy Potion"},{"floor":18.0,"key":"Strength Potion"},{"floor":19.0,"key":"Weak Potion"}],"is_trial":false,"path_per_floor":["M","?","?","?","M","E","$","M","T","E","R","T","$","?","R","B",null,"M","M","$","M","?","E"],"character_chosen":"IRONCLAD","items_purchased":["hubris:EmptyBottle","infinitespire:EmpoweringShard","infinitespire:PuzzleCube","Brutality","ReplayTheSpireMod:System Scan","infinitespire:Satchel","ReplayTheSpireMod:Lightbulb","reliquary:FingerTrap","Combust","Red Skull","BargainBundle","reliquary:SculptingSteel","Fire Breathing"],"campfire_rested":0,"item_purchase_floors":[7,7,7,7,7,13,13,13,13,20,20,20,20],"current_hp_per_floor":[80,80,80,80,80,80,180,178,178,152,152,152,152,152,152,131,180,165,153,153,133,135,135,135],"gold":7153,"neow_bonus":"THREE_ENEMY_KILL","is_daily":false,"chose_seed":false,"campfire_upgraded":2,"win_rate":0.0,"timestamp":1614454180,"path_taken":["M","?","?","?","M","E","$","M","T","E","R","?","$","?","R","BOSS","M","M","$","?","?","E"],"items_purchased_type":["Relic","Relic","Relic","Card","Card","Relic","Relic","Relic","Card","Relic","Relic","Relic","Card"],"build_version":"2020-12-22","purchased_purges":0,"victory":false,"max_hp_per_floor":[80,80,80,80,80,80,180,180,180,180,180,180,180,180,180,180,180,182,184,184,184,186,186,186],"card_choices":[{"not_picked":["Flame Barrier","ReplayTheSpireMod:Strike From Hell"],"picked":"Dark Embrace","floor":1.0},{"not_picked":["hubris:ReadiedAction","Twin Strike"],"picked":"Beam Cell","floor":5.0},{"not_picked":["Clash","Run Through","Sword Boomerang"],"picked":"SKIP","floor":6.0},{"not_picked":["Barricade","Anger"],"picked":"Hologram","floor":8.0},{"not_picked":["Heavy Blade","Shrug It Off","Pummel"],"picked":"SKIP","floor":10.0},{"not_picked":["Immolate","Bludgeon"],"picked":"Limit Break","floor":16.0},{"not_picked":["Warcry","Flex","Heavy Blade"],"picked":"Singing Bowl","floor":18.0},{"not_picked":["Clothesline","Body Slam","Dropkick"],"picked":"Singing Bowl","floor":19.0},{"not_picked":["Blood for Blood","Clothesline"],"picked":"WeaponsOverheat","floor":21},{"not_picked":["infinitespire:Punishment","infinitespire:TheBestDefense","hubris:InfiniteBlow+18"],"picked":"Singing Bowl","floor":22}],"player_experience":330961,"relics_obtained":[{"floor":6.0,"key":"Garlic"},{"floor":9.0,"key":"Simple Rune"},{"floor":10.0,"key":"Meat on the Bone"},{"floor":12.0,"key":"Singing Bowl"}],"event_choices":[{"damage_healed":0.0,"max_hp_gain":0.0,"max_hp_loss":0.0,"gold_gain":0.0,"event_name":"Lab","player_choice":"Got Potions","floor":14.0,"gold_loss":0.0,"damage_taken":0.0}],"is_beta":false,"boss_relics":[{"not_picked":["Fusion Hammer","Kintsugi","Empty Cage"]}],"items_purged_floors":[],"is_endless":false,"potions_floor_spawned":[5,6,8,18,19],"killed_by":"Slavers","ascension_level":1}}