{"host":"19tvufa8xx4wr4o1","time":1614455680,"event":{"mods":["AchievementEnabler","BaseMod","Better Sensory Stone","Better Third Choice","Highlight Path","Minty Spire (QoL Compilation)","Relic Stats","StSLib"],"gold_per_floor":[116,130,143,143,160,160,160],"floor_reached":6,"language":"ENG","playtime":352,"items_purged":[],"score":74,"play_id":"f5aae454-34f9-4fcb-8bbf-f7b159cc5533","local_time":"20210227135440","is_ascension_mode":true,"campfire_choices":[],"circlet_count":0,"master_deck":["AscendersBane","Strike_G","Strike_G","Strike_G","Strike_G","Strike_G","Defend_G","Defend_G","Defend_G","Defend_G","Defend_G","Survivor","Neutralize","Blur","Sucker Punch","Venomology"],"relics":["SacredBark"],"acts_visited":["Exordium"],"potions_floor_usage":[6,6,6],"damage_taken":[{"damage":6,"enemies":"Jaw Worm","floor":1,"turns":7},{"damage":4,"enemies":"2 Louse","floor":2,"turns":4},{"damage":31,"enemies":"Cultist","floor":3,"turns":7},{"damage":5,"enemies":"2 Fungi Beasts","floor":5,"turns":5},{"damage":37,"enemies":"Lagavulin","floor":6,"turns":9}],"seed_played":"5089195515075211438","potions_obtained":[{"floor":1,"key":"GhostInAJar"},{"floor":3,"key":"Explosive Potion"}],"is_trial":false,"path_per_floor":["M","M","M","?","M","E"],"character_chosen":"THE_SILENT","items_purchased":[],"campfire_rested":0,"item_purchase_floors":[],"current_hp_per_floor":[53,49,18,40,35,0,0],"gold":160,"neow_bonus":"BOSS_RELIC","is_daily":false,"chose_seed":false,"campfire_upgraded":0,"win_rate":0.0,"timestamp":1614455680,"path_taken":["M","M","M","?","M","E"],"items_purchased_type":[],"build_version":"2020-12-22","purchased_purges":0,"victory":false,"max_hp_per_floor":[66,66,66,66,66,66,66],"relic_stats":{"counters":[5,32],"obtain_stats":[{"SacredBark":0,"Ring of the Snake":0},{"SacredBark":0,"Ring of the Snake":0},{"SacredBark":0,"Ring of the Snake":0}]},"card_choices":[{"not_picked":["Flechettes","Dodge and Roll"],"picked":"Blur","floor":1},{"not_picked":["Deflect","Reflex","Outmaneuver"],"picked":"SKIP","floor":2},{"not_picked":["Underhanded Strike","Bane"],"picked":"Sucker Punch","floor":3},{"not_picked":["Flying Knee","Calculated Gamble"],"picked":"Venomology","floor":5}],"player_experience":654337,"relics_obtained":[],"event_choices":[{"damage_healed":22,"gold_gain":0,"player_choice":"Banana","damage_taken":0,"max_hp_gain":0,"max_hp_loss":0,"event_name":"Big Fish","floor":4,"gold_loss":0}],"is_beta":false,"boss_relics":[],"items_purged_floors":[],"is_endless":false,"potions_floor_spawned":[1,3],"killed_by":"Lagavulin","ascension_level":19}}