{"host":"gzz35fplm60aw28t","time":1614455663,"event":{"mods":["AchievementEnabler","BaseMod","ChefMod","Colored Powertips","Dark Map","DeckTracker","Minty Spire (QoL Compilation)","StSLib","SuperFastMode"],"gold_per_floor":[119,138,155,155,6,6,35,35,105,105,105,122,202,235,235,337,337,356,108,108,123,139,139,173,190,190,190,11,29,62,79,79,178,178,189,200,220,238,250,250,250,260,260,270,270,87,117,117,117,117,117,117,42,77,77,77],"floor_reached":55,"language":"ENG","playtime":3556,"items_purged":["chefmod:Strike","chefmod:Defend","Bite","chefmod:HotSoup"],"score":760,"play_id":"0b232f2a-26ae-4cf4-a02e-92a912b41c53","local_time":"20210227205423","is_ascension_mode":true,"campfire_choices":[{"data":"chefmod:TodaysSpecial","floor":6,"key":"SMITH"},{"data":"chefmod:FrozenTuna","floor":8,"key":"SMITH"},{"data":"chefmod:Fillet","floor":10,"key":"SMITH"},{"data":"chefmod:Granita","floor":15,"key":"SMITH"},{"data":"chefmod:Fillet","floor":23,"key":"SMITH"},{"data":"chefmod:FreezeSolid","floor":32,"key":"SMITH"},{"data":"chefmod:RaidPantry","floor":40,"key":"SMITH"},{"floor":45,"key":"RECALL"},{"data":"chefmod:ZaruSoba","floor":49,"key":"SMITH"},{"data":"chefmod:RisingDough","floor":52,"key":"SMITH"}],"circlet_count":0,"master_deck":["chefmod:QuickThaw+1","chefmod:Defend","chefmod:Defend","chefmod:Defend+1","chefmod:TodaysSpecial+1","chefmod:Fillet+1","chefmod:BaoBuns","chefmod:FreezeSolid","chefmod:Leftovers","chefmod:FrozenTuna+1","chefmod:Granita+1","chefmod:RisingDough+1","chefmod:Defrost","chefmod:FreezeSolid+1","chefmod:Fillet+1","Bite","Bite","Bite","chefmod:FarmersMarket+1","chefmod:AlooGobi+1","chefmod:ZaruSoba+1","Flash of Steel","chefmod:Julienne","chefmod:RaidPantry+1","chefmod:FreezeSolid+1","Parasite","chefmod:Omelette+1"],"relics":["chefmod:TrustyPot","Akabeko","White Beast Statue","Mercury Hourglass","Centennial Puzzle","Philosopher\u0027s Stone","Membership Card","Shuriken","Singing Bowl","Gremlin Horn","TungstenRod","SlaversCollar","Pear","Bronze Scales","Bird Faced Urn"],"acts_visited":["Exordium","TheCity","TheBeyond","TheEnding"],"potions_floor_usage":[24,47,47,55],"damage_taken":[{"damage":2,"enemies":"Cultist","floor":1,"turns":5},{"damage":0,"enemies":"2 Louse","floor":2,"turns":2},{"damage":0,"enemies":"Jaw Worm","floor":3,"turns":3},{"damage":14,"enemies":"3 Sentries","floor":7,"turns":9},{"damage":0,"enemies":"2 Fungi Beasts","floor":12,"turns":2},{"damage":0,"enemies":"Gremlin Nob","floor":14,"turns":3},{"damage":7,"enemies":"Slime Boss","floor":16,"turns":7},{"damage":3,"enemies":"Shell Parasite","floor":18,"turns":3},{"damage":19,"enemies":"3 Byrds","floor":21,"turns":3},{"damage":0,"enemies":"Snake Plant","floor":22,"turns":2},{"damage":32,"enemies":"Gremlin Leader","floor":24,"turns":7},{"damage":0,"enemies":"Centurion and Healer","floor":25,"turns":3},{"damage":0,"enemies":"Snecko","floor":29,"turns":2},{"damage":9,"enemies":"Book of Stabbing","floor":30,"turns":4},{"damage":19,"enemies":"Shelled Parasite and Fungi","floor":31,"turns":3},{"damage":24,"enemies":"Champ","floor":33,"turns":8},{"damage":0,"enemies":"3 Darklings","floor":35,"turns":3},{"damage":9,"enemies":"Orb Walker","floor":36,"turns":3},{"damage":18,"enemies":"Sphere and 2 Shapes","floor":37,"turns":4},{"damage":13,"enemies":"Transient","floor":38,"turns":5},{"damage":0,"enemies":"Writhing Mass","floor":39,"turns":4},{"damage":0,"enemies":"Sphere and 2 Shapes","floor":42,"turns":3},{"damage":3,"enemies":"Transient","floor":44,"turns":5},{"damage":36,"enemies":"Giant Head","floor":47,"turns":7},{"damage":35,"enemies":"Donu and Deca","floor":50,"turns":8},{"damage":57,"enemies":"Shield and Spear","floor":54,"turns":5},{"damage":92,"enemies":"The Heart","floor":55,"turns":9}],"seed_played":"-4982263462570905022","potions_obtained":[{"floor":1,"key":"Swift Potion"},{"floor":7,"key":"Swift Potion"},{"floor":14,"key":"chefmod:PotionOfPlenty"},{"floor":24,"key":"Swift Potion"},{"floor":31,"key":"FairyPotion"},{"floor":47,"key":"BlessingOfTheForge"},{"floor":54,"key":"DuplicationPotion"}],"is_trial":false,"path_per_floor":["M","M","M","?","$","R","E","R","T","R","?","M","T","E","R","B",null,"M","$","?","M","M","R","E","M","T","?","$","M","E","M","R","B",null,"M","M","M","M","M","R","?","M","T","M","R","$","E","?","R","B",null,"R","$","E","B"],"character_chosen":"THE_CHEF","items_purchased":["chefmod:FreezeSolid","chefmod:Leftovers","Membership Card","chefmod:FreezeSolid","chefmod:Fillet","Gremlin Horn","Pear"],"campfire_rested":0,"item_purchase_floors":[5,5,19,19,19,28,46],"current_hp_per_floor":[81,81,81,64,64,64,50,50,50,50,50,50,50,50,50,43,83,80,80,58,41,49,49,25,31,31,31,31,39,40,29,29,21,62,64,61,47,46,54,54,54,58,58,67,67,77,50,50,50,27,84,84,84,37,0,0],"gold":77,"neow_bonus":"TEN_PERCENT_HP_BONUS","is_daily":false,"chose_seed":false,"campfire_upgraded":9,"win_rate":0.0,"timestamp":1614455663,"path_taken":["M","M","?","?","$","R","E","R","T","R","?","M","?","E","R","BOSS","M","$","?","M","M","R","E","M","T","?","$","M","E","?","R","BOSS","M","M","M","M","M","R","?","M","T","?","R","?","E","?","R","BOSS","R","$","E","BOSS"],"items_purchased_type":["Card","Card","Relic","Card","Card","Relic","Relic"],"build_version":"2020-12-22","purchased_purges":4,"victory":false,"max_hp_per_floor":[83,83,83,83,83,83,83,83,83,83,83,83,83,83,83,83,83,83,83,58,58,58,58,58,58,58,58,58,60,62,62,62,62,62,64,66,66,68,70,70,70,70,70,72,72,82,84,84,84,84,84,84,84,86,86,86],"card_choices":[{"not_picked":["chefmod:Escargot","chefmod:ColdSteel"],"picked":"chefmod:Fillet","floor":1},{"not_picked":["chefmod:Defrost","chefmod:NewMenu"],"picked":"chefmod:HotSoup","floor":2},{"not_picked":["chefmod:Fillet","chefmod:DinoKale"],"picked":"chefmod:BaoBuns","floor":3},{"not_picked":["chefmod:SliceAndDice","chefmod:QuickChop"],"picked":"chefmod:FrozenTuna","floor":7},{"not_picked":["chefmod:NewMenu","chefmod:Gelato"],"picked":"chefmod:Granita","floor":12},{"not_picked":["chefmod:BaoBuns","chefmod:DinoKale","chefmod:Flambe"],"picked":"SKIP","floor":14},{"not_picked":["chefmod:CandyBowl","chefmod:FullCourseMeal"],"picked":"chefmod:RisingDough","floor":16},{"not_picked":["chefmod:DimSum","chefmod:MonsterBait+1"],"picked":"chefmod:Defrost","floor":18},{"not_picked":["chefmod:NewMenu","chefmod:Flambe","chefmod:Omelette"],"picked":"SKIP","floor":21},{"not_picked":["chefmod:SaveForLater","chefmod:GroceryDelivery"],"picked":"chefmod:FarmersMarket+1","floor":22},{"not_picked":["chefmod:HotSoup","chefmod:ColdSteel"],"picked":"chefmod:AlooGobi+1","floor":24},{"not_picked":["chefmod:Chop","chefmod:Gelato+1"],"picked":"chefmod:ZaruSoba","floor":25},{"not_picked":["chefmod:Sorbet","chefmod:NewMenu","chefmod:ZaruSoba"],"picked":"Singing Bowl","floor":29},{"not_picked":["chefmod:Gelato+1","chefmod:DinoKale+1","chefmod:Chop"],"picked":"Singing Bowl","floor":30},{"not_picked":["chefmod:Gelato","chefmod:DinoKale"],"picked":"chefmod:Julienne","floor":31},{"not_picked":["chefmod:PrepCook","chefmod:Mince"],"picked":"chefmod:RaidPantry","floor":33},{"not_picked":["chefmod:ColdSteel","chefmod:BaoBuns","chefmod:Gelato+1"],"picked":"Singing Bowl","floor":35},{"not_picked":["chefmod:Sorbet","chefmod:Flambe+1","chefmod:PotatoGratin"],"picked":"Singing Bowl","floor":36},{"not_picked":["chefmod:BaoBuns","chefmod:CleanHouse"],"picked":"chefmod:FreezeSolid+1","floor":37},{"not_picked":["chefmod:Flambe","chefmod:Sorbet+1","chefmod:MonsterBait+1"],"picked":"Singing Bowl","floor":38},{"not_picked":["chefmod:FullBurn","chefmod:IceCreamCone+1","chefmod:IcePick+1"],"picked":"Singing Bowl","floor":39},{"not_picked":["chefmod:Sorbet+1","chefmod:FireUp"],"picked":"chefmod:Omelette+1","floor":42},{"not_picked":["chefmod:CleanHouse","chefmod:DimSum+1","chefmod:Canape"],"picked":"Singing Bowl","floor":44},{"not_picked":["chefmod:Chop","chefmod:Julienne","chefmod:FullBurn+1"],"picked":"Singing Bowl","floor":47},{"not_picked":["chefmod:Sorbet+1","chefmod:SpaghettiCarbonara","chefmod:Cleavers"],"picked":"Singing Bowl","floor":54}],"player_experience":108959,"relics_obtained":[{"floor":7,"key":"Akabeko"},{"floor":9,"key":"White Beast Statue"},{"floor":13,"key":"Mercury Hourglass"},{"floor":14,"key":"Centennial Puzzle"},{"floor":24,"key":"Shuriken"},{"floor":26,"key":"Singing Bowl"},{"floor":30,"key":"TungstenRod"},{"floor":47,"key":"Bronze Scales"},{"floor":54,"key":"Bird Faced Urn"}],"event_choices":[{"damage_healed":0,"gold_gain":0,"player_choice":"Entered Light","damage_taken":17,"max_hp_gain":0,"max_hp_loss":0,"event_name":"Shining Light","floor":4,"gold_loss":0,"cards_upgraded":["chefmod:Strike","chefmod:Defend"]},{"damage_healed":0,"gold_gain":0,"player_choice":"Grow","damage_taken":0,"max_hp_gain":0,"max_hp_loss":0,"event_name":"Living Wall","floor":11,"gold_loss":0,"cards_upgraded":["chefmod:QuickThaw"]},{"damage_healed":0,"gold_gain":0,"player_choice":"Became a vampire","damage_taken":0,"max_hp_gain":0,"max_hp_loss":25,"event_name":"Vampires","floor":20,"gold_loss":0,"cards_obtained":["Bite","Bite","Bite","Bite","Bite"]},{"damage_healed":0,"gold_gain":0,"player_choice":"1 cards matched","damage_taken":0,"max_hp_gain":0,"max_hp_loss":0,"event_name":"Match and Keep!","floor":27,"gold_loss":0,"cards_obtained":["Flash of Steel"]},{"damage_healed":0,"gold_gain":0,"player_choice":"Ignored","damage_taken":0,"max_hp_gain":0,"max_hp_loss":0,"event_name":"Fountain of Cleansing","floor":41,"gold_loss":0},{"cards_removed":["Bite"],"damage_healed":0,"gold_gain":0,"player_choice":"Removed Attack","damage_taken":0,"max_hp_gain":0,"max_hp_loss":0,"event_name":"Falling","floor":48,"gold_loss":0}],"is_beta":false,"boss_relics":[{"not_picked":["Ectoplasm","Velvet Choker"],"picked":"Philosopher\u0027s Stone"},{"not_picked":["Sozu","Runic Dome"],"picked":"SlaversCollar"}],"items_purged_floors":[19,28,46,53],"is_endless":false,"potions_floor_spawned":[1,7,12,14,16,18,21,22,24,25,29,30,31,33,35,36,37,38,39,42,44,47,54],"killed_by":"The Heart","ascension_level":1}}