{"host":"ehbvw7oad5h6kf16","time":1614442701,"event":{"mods":["AchievementEnabler","BaseMod","DeckTracker","Downfall","Minty Spire (QoL Compilation)","StSLib"],"gold_per_floor":[99,115,390,32,17,34,34,67,95,95,3,13,25,53,73,168,168,168,182,282,282,282,307,361,386,401,322,353,370,370,390,406,510,510,510,523,537,537,554,554,554,554,566,601,601,381,381,411,428,428],"floor_reached":51,"language":"ENG","playtime":2494,"items_purged":["Regret"],"score":1005,"play_id":"a502e28b-69b5-43e1-91f5-d0c247e5f791","local_time":"20210228011821","is_ascension_mode":true,"campfire_choices":[{"data":"Mayhem","floor":1,"key":"SMITH"},{"data":"Slimebound:FormOfPuddle","floor":10,"key":"SMITH"},{"data":"Slimebound:CheckThePlaybook","floor":18,"key":"SMITH"},{"data":"Slimebound:MegaLick","floor":30,"key":"SMITH"},{"data":"Slimebound:CorrosiveSpit","floor":35,"key":"SMITH"},{"data":"Slimebound:MegaLick","floor":40,"key":"SMITH"},{"data":"expansioncontent:QuickStudy","floor":47,"key":"SMITH"}],"circlet_count":0,"master_deck":["Slimebound:Strike_Slimebound","Slimebound:Strike_Slimebound","Slimebound:Strike_Slimebound+1","Slimebound:Tackle","Slimebound:Defend_Slimebound","Slimebound:Defend_Slimebound","Slimebound:Defend_Slimebound","Slimebound:Defend_Slimebound+1","Slimebound:Split","Slimebound:CorrosiveSpit+1","Mayhem+1","Slimebound:MegaLick+1","expansioncontent:DashGenerateEvil+1","Slimebound:TongueLash+1","Slimebound:GoopSpray","Slimebound:FormOfPuddle+1","Slimebound:LivingWall","Slimebound:Schlurp","Slimebound:Schlurp+1","Slimebound:MinionMaster","Slimebound:SamplingLick","Slimebound:CheckThePlaybook+1","Slimebound:Schlurp","Slimebound:MegaLick+1","Slimebound:SplitBruiser","Slimebound:SplitLeeching+1","Slimebound:FirmFortitude","expansioncontent:StudyTheSpire+1","Mayhem+1","Slimebound:LivingWall+1","Slimebound:HauntingLick+1","Slimebound:LeechLife","Slimebound:MassRepurpose+1","Slimebound:ViciousTackle","Slimebound:SplitBruiser+1","Slimebound:MegaLick","Slimebound:Dissolve+1","expansioncontent:QuickStudy+1","Slimebound:MegaLick+1","Slimebound:Dissolve"],"relics":["Slimebound:AbsorbEndCombat","Membership Card","Bag of Marbles","Dead Branch","Lantern","HandDrill","Bottled Tornado","Slimebound:TarBlob","Eternal Feather","Nloth\u0027s Gift","Strawberry","Whetstone","Thread and Needle","Slimebound:AggressiveSlimeRelic","Calipers","DollysMirror","War Paint","bronze:MakeshiftBattery","Blue Candle","Art of War","Bottled Lightning","Incense Burner"],"acts_visited":["Exordium","TheCity","TheBeyond"],"potions_floor_usage":[14,16,19,23,27,33,48,50,50,50],"damage_taken":[{"damage":3,"enemies":"Cultist","floor":2,"turns":5},{"damage":4,"enemies":"downfall:FleeingMerchant","floor":4,"turns":4},{"damage":5,"enemies":"downfall:FleeingMerchant","floor":5,"turns":4},{"damage":0,"enemies":"Small Slimes","floor":6,"turns":3},{"damage":0,"enemies":"Lagavulin","floor":8,"turns":4},{"damage":5,"enemies":"The Mushroom Lair","floor":9,"turns":4},{"damage":15,"enemies":"downfall:FleeingMerchant","floor":11,"turns":4},{"damage":1,"enemies":"Jaw Worm","floor":12,"turns":3},{"damage":0,"enemies":"2 Fungi Beasts","floor":13,"turns":2},{"damage":0,"enemies":"Gremlin Nob","floor":14,"turns":2},{"damage":0,"enemies":"Exordium Wildlife","floor":15,"turns":3},{"damage":7,"enemies":"WA_ARCHETYPE_RETAIN","floor":16,"turns":4},{"damage":8,"enemies":"3 Byrds","floor":19,"turns":4},{"damage":25,"enemies":"Gremlin Leader","floor":23,"turns":4},{"damage":14,"enemies":"Book of Stabbing","floor":25,"turns":4},{"damage":0,"enemies":"Spheric Guardian","floor":26,"turns":3},{"damage":1,"enemies":"downfall:FleeingMerchant","floor":27,"turns":4},{"damage":7,"enemies":"Slavers","floor":28,"turns":4},{"damage":2,"enemies":"Centurion and Healer","floor":29,"turns":3},{"damage":0,"enemies":"Sentry and Sphere","floor":31,"turns":3},{"damage":0,"enemies":"3 Cultists","floor":32,"turns":2},{"damage":7,"enemies":"SI_MIRROR_ARCHETYPE","floor":33,"turns":5},{"damage":0,"enemies":"3 Darklings","floor":36,"turns":1},{"damage":0,"enemies":"Orb Walker","floor":37,"turns":3},{"damage":28,"enemies":"Jaw Worm Horde","floor":39,"turns":3},{"damage":12,"enemies":"Sphere and 2 Shapes","floor":43,"turns":3},{"damage":30,"enemies":"Reptomancer","floor":44,"turns":4},{"damage":7,"enemies":"Giant Head","floor":48,"turns":5},{"damage":0,"enemies":"Writhing Mass","floor":49,"turns":3},{"damage":43,"enemies":"DF_ARCHETYPE_ORBS","floor":50,"turns":5}],"seed_played":"5903076813023620332","potions_obtained":[{"floor":8,"key":"Dexterity Potion"},{"floor":9,"key":"PowerPotion"},{"floor":12,"key":"DuplicationPotion"},{"floor":15,"key":"SneckoOil"},{"floor":16,"key":"FearPotion"},{"floor":19,"key":"PowerPotion"},{"floor":26,"key":"SkillPotion"},{"floor":31,"key":"Regen Potion"},{"floor":36,"key":"BlessingOfTheForge"},{"floor":49,"key":"DistilledChaos"}],"is_trial":false,"path_per_floor":["R","M","?","$","$","M","T","E","?","R","$","M","M","E","M","B",null,"R","M","?","T","?","E","T","E","M","$","E","M","R","M","M","B",null,"R","M","M","?","M","R","T","?","M","E","?","$","R","E","M","B",null],"character_chosen":"SLIMEBOUND","items_purchased":["Membership Card","expansioncontent:DashGenerateEvil+1","Bag of Marbles","HandDrill","Slimebound:AggressiveSlimeRelic","expansioncontent:StudyTheSpire+1","Calipers","DollysMirror","DuplicationPotion","Bottled Lightning","expansioncontent:QuickStudy"],"campfire_rested":0,"item_purchase_floors":[4,4,4,11,27,27,27,27,27,46,46],"current_hp_per_floor":[59,59,59,57,58,59,59,59,57,57,46,51,57,57,59,59,59,59,56,56,56,56,59,59,53,61,66,63,66,66,66,66,62,66,66,66,66,66,42,63,63,63,57,50,50,50,66,61,66,32],"gold":428,"neow_bonus":"RANDOM_COLORLESS_2","is_daily":false,"chose_seed":false,"campfire_upgraded":7,"win_rate":0.0,"timestamp":1614442701,"path_taken":["R","M","?","?","$","M","T","E","?","R","?","M","M","E","M","BOSS","R","M","?","?","?","E","T","E","?","$","E","M","R","M","M","BOSS","R","M","M","?","?","R","T","?","M","E","?","$","R","E","M","BOSS"],"items_purchased_type":["Relic","Card","Relic","Relic","Relic","Card","Relic","Relic","Potion","Relic","Card"],"build_version":"2020-12-22","purchased_purges":1,"victory":true,"max_hp_per_floor":[59,59,59,59,59,59,59,59,59,59,59,59,59,59,59,59,59,59,59,59,59,59,66,66,66,66,66,66,66,66,66,66,66,66,66,66,66,66,66,66,66,66,66,66,66,66,66,66,66,66],"card_choices":[{"not_picked":["The Bomb","Magnetism"],"picked":"Mayhem","floor":0},{"not_picked":["Slimebound:GoopTackle","Slimebound:ItLooksTasty","Slimebound:HauntingLick"],"picked":"SKIP","floor":2},{"not_picked":["Slimebound:FinishingTackle","Slimebound:SlimeSpikes"],"picked":"Slimebound:MegaLick","floor":4},{"not_picked":["Slimebound:HauntingLick","Slimebound:LeechEnergy"],"picked":"Slimebound:TongueLash","floor":5},{"not_picked":["Slimebound:LivingWall","Slimebound:RollThrough"],"picked":"Slimebound:GoopSpray","floor":6},{"not_picked":["Slimebound:Teamwork","Slimebound:SplitLeeching"],"picked":"Slimebound:FormOfPuddle","floor":8},{"not_picked":["Slimebound:ServeAndProtect","Slimebound:PressTheAttack"],"picked":"Slimebound:LivingWall","floor":9},{"not_picked":["Slimebound:LivingWall","Slimebound:SlimeSpikes"],"picked":"Slimebound:Schlurp","floor":11},{"not_picked":["Slimebound:HauntingLick","Slimebound:DivideAndConquer"],"picked":"Slimebound:Schlurp","floor":12},{"not_picked":["Slimebound:ItLooksTasty","Slimebound:GoopTackle","Slimebound:SpikyOuterGoop"],"picked":"SKIP","floor":13},{"not_picked":["Slimebound:ServeAndProtect","Slimebound:ComboTackle"],"picked":"Slimebound:MinionMaster","floor":14},{"not_picked":["Slimebound:Chomp","Slimebound:ItLooksTasty"],"picked":"Slimebound:SamplingLick","floor":15},{"not_picked":["Slimebound:Teamwork","Slimebound:PrepareCrush"],"picked":"Slimebound:CheckThePlaybook","floor":16},{"not_picked":["Slimebound:GrowthPunch+1","Slimebound:GoopSpray"],"picked":"Slimebound:Schlurp","floor":19},{"not_picked":["Slimebound:RollThrough","Slimebound:ComboTackle"],"picked":"Slimebound:MegaLick","floor":23},{"not_picked":["Slimebound:RollThrough","Slimebound:LeechEnergy+1"],"picked":"Slimebound:SplitBruiser","floor":25},{"not_picked":["Slimebound:GoopSpray","Slimebound:LeadByExample"],"picked":"Slimebound:SplitLeeching+1","floor":26},{"not_picked":["Slimebound:SplitLeeching","Slimebound:Prepare"],"picked":"Slimebound:FirmFortitude","floor":27},{"not_picked":["Slimebound:GrowthPunch","Slimebound:ItLooksTasty","Slimebound:MinionMaster"],"picked":"SKIP","floor":28},{"not_picked":["Slimebound:ViciousTackle","Slimebound:PressTheAttack"],"picked":"Slimebound:LivingWall+1","floor":29},{"not_picked":["Slimebound:Schlurp","Slimebound:FinishingTackle","Slimebound:HungryTackle"],"picked":"SKIP","floor":31},{"not_picked":["Slimebound:ComboTackle","Slimebound:Prepare"],"picked":"Slimebound:HauntingLick+1","floor":32},{"not_picked":["Slimebound:PrepareCrush","Slimebound:WasteNot"],"picked":"Slimebound:LeechLife","floor":33},{"not_picked":["Slimebound:GoopSpray","Slimebound:ViciousTackle"],"picked":"Slimebound:MassRepurpose","floor":36},{"not_picked":["Slimebound:Repurpose+1","Slimebound:BestDefense"],"picked":"Slimebound:ViciousTackle","floor":37},{"not_picked":["Slimebound:GoopTackle+1","Slimebound:HauntingLick+1"],"picked":"Slimebound:SplitBruiser+1","floor":39},{"not_picked":["Slimebound:SplitAcid+1","Slimebound:SplitLeeching"],"picked":"Slimebound:MegaLick","floor":43},{"not_picked":["Slimebound:LivingWall+1","Slimebound:GoopTackle+1"],"picked":"Slimebound:Dissolve+1","floor":44},{"not_picked":["Slimebound:MinionMaster","Slimebound:HauntingLick+1"],"picked":"Slimebound:MegaLick+1","floor":48},{"not_picked":["Slimebound:Gluttony","Slimebound:SplitBruiser"],"picked":"Slimebound:Dissolve","floor":49}],"player_experience":206685,"relics_obtained":[{"floor":7,"key":"Dead Branch"},{"floor":8,"key":"Lantern"},{"floor":9,"key":"Odd Mushroom"},{"floor":14,"key":"Bottled Tornado"},{"floor":21,"key":"Eternal Feather"},{"floor":23,"key":"Strawberry"},{"floor":24,"key":"Whetstone"},{"floor":25,"key":"Thread and Needle"},{"floor":28,"key":"War Paint"},{"floor":41,"key":"Blue Candle"},{"floor":44,"key":"Art of War"},{"floor":48,"key":"Incense Burner"}],"event_choices":[{"damage_healed":0,"gold_gain":0,"player_choice":"Fought Mushrooms","damage_taken":0,"max_hp_gain":0,"max_hp_loss":0,"event_name":"Mushrooms","floor":9,"gold_loss":0}],"is_beta":false,"boss_relics":[{"not_picked":["Astrolabe","Coffee Dripper"],"picked":"Slimebound:TarBlob"},{"not_picked":["SacredBark","Empty Cage"],"picked":"bronze:MakeshiftBattery"}],"items_purged_floors":[4],"is_endless":false,"potions_floor_spawned":[8,9,12,13,15,16,19,26,31,32,36,43,49],"ascension_level":2}}