{"host":"xkmvu47k9fdstweo","time":1614410332,"event":{"mods":["BaseMod","Colored Map","Conspire","Downfall","Hubris","Minty Spire (QoL Compilation)","Quick Restart","Shop Mod","StSLib","Waifu the Spire"],"gold_per_floor":[115,70,88,108,121,146,116,142,195,195,41,57,126,151,151,253,253,269,194,35,47,64,64,64,97,174,174,187,204,204,214,214,315,315,330,350,93,93,93,93,120,120,120,120,133,148,23,36,36,36],"floor_reached":51,"language":"ENG","playtime":2468,"items_purged":["Strike_P","Defend_P","Defend_P"],"score":777,"play_id":"ce31de49-f42c-4d2f-ae36-cfee26f3b4ab","local_time":"20210227021852","is_ascension_mode":true,"campfire_choices":[{"floor":10.0,"key":"REST"},{"data":"ConjureBlade","floor":15.0,"key":"SMITH"},{"data":"Vault","floor":23.0,"key":"SMITH"},{"floor":27.0,"key":"REST"},{"data":"Collect","floor":30.0,"key":"SMITH"},{"data":"Adaptation","floor":32.0,"key":"SMITH"},{"data":"Conclude","floor":40.0,"key":"SMITH"},{"floor":42,"key":"REST"},{"data":"Vigilance","floor":44,"key":"SMITH"},{"floor":49,"key":"REST"}],"circlet_count":0,"master_deck":["Strike_P+1","Defend_P","Defend_P","Eruption+1","Vigilance+1","FlyingSleeves","CutThroughFate+1","Consecrate","Adaptation+1","CrushJoints","Crescendo+1","Evaluate+1","ConjureBlade+1","Collect+1","Halt","Vault+1","FollowUp+1","LessonLearned+1","Conclude+1","EmptyFist","BowlingBash","BattleHymn+1","ClearTheMind","FlurryOfBlows","Blasphemy+1","TalkToTheHand+1","Bandage Up","Pain","FlurryOfBlows+1","Evaluate+1","JustLucky+1"],"relics":["PureWater","Gambling Chip","hubris:BottledRain","Strawberry","Regal Pillow","Blue Candle","Dead Branch","hubris:Backtick","Chemical X","hubris:GlazedTorus","hubris:PeanutButter","Cursed Key","Frozen Eye","hubris:64BitClover"],"acts_visited":["Exordium","TheCity","TheBeyond"],"potions_floor_usage":[50],"damage_taken":[{"damage":0.0,"enemies":"Cultist","floor":1.0,"turns":2.0},{"damage":0.0,"enemies":"Small Slimes","floor":3.0,"turns":3.0},{"damage":0.0,"enemies":"Jaw Worm","floor":4.0,"turns":3.0},{"damage":11.0,"enemies":"Lots of Slimes","floor":5.0,"turns":2.0},{"damage":23.0,"enemies":"Lagavulin","floor":6.0,"turns":5.0},{"damage":0.0,"enemies":"Gremlin Nob","floor":8.0,"turns":3.0},{"damage":0.0,"enemies":"Looter","floor":12.0,"turns":2.0},{"damage":14.0,"enemies":"3 Sentries","floor":14.0,"turns":6.0},{"damage":18.0,"enemies":"Hexaghost","floor":16.0,"turns":4.0},{"damage":17.0,"enemies":"Spheric Guardian","floor":18.0,"turns":5.0},{"damage":6.0,"enemies":"3 Byrds","floor":21.0,"turns":4.0},{"damage":0.0,"enemies":"3 Cultists","floor":22.0,"turns":4.0},{"damage":18.0,"enemies":"Gremlin Leader","floor":25.0,"turns":4.0},{"damage":0.0,"enemies":"Shelled Parasite and Fungi","floor":28.0,"turns":3.0},{"damage":3.0,"enemies":"Chosen and Byrds","floor":29.0,"turns":8.0},{"damage":2.0,"enemies":"Sentry and Sphere","floor":31.0,"turns":4.0},{"damage":7.0,"enemies":"Champ","floor":33.0,"turns":6.0},{"damage":17.0,"enemies":"3 Darklings","floor":35.0,"turns":9.0},{"damage":0.0,"enemies":"Orb Walker","floor":36.0,"turns":3.0},{"damage":41,"enemies":"Reptomancer","floor":41,"turns":3},{"damage":28,"enemies":"4 Shapes","floor":45,"turns":3},{"damage":0,"enemies":"Spire Growth","floor":46,"turns":3},{"damage":0,"enemies":"Jaw Worm Horde","floor":48,"turns":5},{"damage":29,"enemies":"hubris:GrandSnecko","floor":50,"turns":11}],"seed_played":"-8481759876928571812","potions_obtained":[{"floor":1.0,"key":"SpeedPotion"},{"floor":4.0,"key":"ColorlessPotion"},{"floor":6.0,"key":"BlessingOfTheForge"},{"floor":12.0,"key":"Weak Potion"},{"floor":21.0,"key":"Dexterity Potion"},{"floor":25.0,"key":"Block Potion"},{"floor":41,"key":"DuplicationPotion"}],"is_trial":false,"path_per_floor":["M","$","M","M","M","E","?","E","T","R","$","M","T","E","R","B",null,"M","$","$","M","M","R","?","E","T","R","M","M","R","M","R","B",null,"M","M","$","?","?","R","E","R","T","R","M","M","$","M","R","B",null],"character_chosen":"WATCHER","items_purchased":["CutThroughFate","ConjureBlade","LessonLearned","Frozen Eye"],"campfire_rested":4,"item_purchase_floors":[2,11,20,37],"current_hp_per_floor":[65,65,65,65,54,31,31,38,38,72,72,72,72,58,58,40,72,55,55,55,49,49,49,49,31,31,67,67,64,64,62,62,55,72,55,55,55,55,55,55,14,50,50,50,26,30,30,34,70,41],"gold":36,"neow_bonus":"ONE_RARE_RELIC","is_daily":false,"chose_seed":false,"campfire_upgraded":6,"win_rate":0.0,"timestamp":1614410332,"path_taken":["M","$","?","M","M","E","?","E","T","R","$","M","?","E","R","BOSS","M","?","$","M","?","R","?","E","T","R","M","M","R","M","R","BOSS","M","M","$","?","?","R","E","R","T","R","M","M","?","M","R","BOSS"],"items_purchased_type":["Card","Card","Card","Relic"],"build_version":"2020-12-22","purchased_purges":3,"victory":true,"max_hp_per_floor":[65,65,65,65,65,65,65,72,72,72,72,72,72,72,72,72,72,72,72,72,72,72,72,72,72,72,72,72,72,72,72,72,72,72,72,72,72,72,72,72,72,72,72,72,72,72,72,72,72,72],"card_choices":[{"not_picked":["InnerPeace","Worship"],"picked":"FlyingSleeves","floor":1.0},{"not_picked":["InnerPeace","Prostrate"],"picked":"Consecrate","floor":3.0},{"not_picked":["ReachHeaven","CrushJoints"],"picked":"Adaptation","floor":4.0},{"not_picked":["SignatureMove","LikeWater"],"picked":"CrushJoints","floor":5.0},{"not_picked":["Vengeance","Sanctity"],"picked":"Crescendo","floor":6.0},{"not_picked":["Perseverance","Swivel"],"picked":"Evaluate","floor":8.0},{"not_picked":["SashWhip","Nirvana"],"picked":"Collect","floor":12.0},{"not_picked":["Crescendo","WindmillStrike"],"picked":"Halt","floor":14.0},{"not_picked":["DevaForm","DeusExMachina"],"picked":"Vault","floor":16.0},{"not_picked":["JustLucky","PathToVictory"],"picked":"FollowUp+1","floor":18.0},{"not_picked":["JustLucky+1","EmptyMind"],"picked":"Conclude","floor":21.0},{"not_picked":["Halt","JustLucky"],"picked":"EmptyFist","floor":22.0},{"not_picked":["BattleHymn","Ragnarok","Prostrate+1"],"picked":"SKIP","floor":25.0},{"not_picked":["Nirvana","Crescendo+1"],"picked":"ClearTheMind","floor":28.0},{"not_picked":["Worship","FlyingSleeves"],"picked":"FlurryOfBlows","floor":29.0},{"not_picked":["PathToVictory","Conclude","Swivel"],"picked":"SKIP","floor":31.0},{"not_picked":["MasterReality","LessonLearned"],"picked":"Blasphemy","floor":33.0},{"not_picked":["ClearTheMind+1","Fasting2"],"picked":"TalkToTheHand+1","floor":35.0},{"not_picked":["WreathOfFlame","Worship+1","Halt+1"],"picked":"SKIP","floor":36.0},{"not_picked":["The Bomb","Blind"],"picked":"Bandage Up","floor":38.0},{"not_picked":["EmptyFist","SashWhip+1","Evaluate"],"picked":"SKIP","floor":41},{"not_picked":["Indignation+1","ClearTheMind"],"picked":"FlurryOfBlows+1","floor":45},{"not_picked":["Weave+1","FlurryOfBlows+1"],"picked":"Evaluate+1","floor":46},{"not_picked":["Evaluate+1","Perseverance+1"],"picked":"JustLucky+1","floor":48}],"player_experience":352484,"relics_obtained":[{"floor":6.0,"key":"hubris:BottledRain"},{"floor":8.0,"key":"Strawberry"},{"floor":9.0,"key":"Regal Pillow"},{"floor":13.0,"key":"Blue Candle"},{"floor":14.0,"key":"Dead Branch"},{"floor":25.0,"key":"hubris:GlazedTorus"},{"floor":26.0,"key":"hubris:PeanutButter"},{"floor":41,"key":"hubris:64BitClover"}],"event_choices":[{"damage_healed":0.0,"max_hp_gain":0.0,"max_hp_loss":0.0,"gold_gain":0.0,"event_name":"World of Goop","player_choice":"Left Gold","floor":7.0,"gold_loss":30.0,"damage_taken":0.0},{"damage_healed":0.0,"max_hp_gain":0.0,"max_hp_loss":0.0,"gold_gain":0.0,"cards_transformed":["Strike_P","Strike_P"],"event_name":"Drug Dealer","player_choice":"Became Test Subject","floor":24.0,"gold_loss":0.0,"damage_taken":0.0,"cards_obtained":["BowlingBash","BattleHymn"]},{"damage_healed":0.0,"max_hp_gain":0.0,"max_hp_loss":0.0,"gold_gain":0.0,"event_name":"SensoryStone","player_choice":"Memory 1","floor":38.0,"gold_loss":0.0,"damage_taken":0.0}],"is_beta":false,"boss_relics":[{"not_picked":["Fusion Hammer","hubris:BlackHole"],"picked":"hubris:Backtick"},{"not_picked":["Empty Cage","Snecko Eye"],"picked":"Cursed Key"}],"items_purged_floors":[19,37,47],"is_endless":false,"potions_floor_spawned":[1,4,6,12,21,22,25,29,41,46,48],"ascension_level":1}}