{"host":"mt3nndg5ku536gxi","time":1614435384,"event":{"mods":["BaseMod","Colored Powertips","Minty Spire (QoL Compilation)","Permanent Neow","Quick Restart","Relic Stats","StSLib","UnlockEverythingMod"],"gold_per_floor":[111,111,125,50,67,67,80,115,115,141,154,154,173,191,191,265,265,283,208,219,219,39,39,69,87,87,105,105,105,105,116,116,188,188,200,200,246,259,259,259],"floor_reached":39,"language":"ZHS","playtime":1740,"items_purged":["Strike_B","Strike_B"],"score":903,"play_id":"14bb12bf-a843-4ebe-a368-f2e205aac300","local_time":"20210227221624","is_ascension_mode":true,"campfire_choices":[{"data":"Biased Cognition","floor":6.0,"key":"SMITH"},{"data":"Buffer","floor":12.0,"key":"SMITH"},{"data":"Recycle","floor":15.0,"key":"SMITH"},{"data":"Biased Cognition","floor":23.0,"key":"SMITH"},{"data":"Defragment","floor":29.0,"key":"SMITH"},{"data":"Defragment","floor":32.0,"key":"SMITH"}],"circlet_count":0,"master_deck":["AscendersBane","Zap","Dualcast","Biased Cognition+1","Ball Lightning","Cold Snap","Reinforced Body","Buffer+1","Recycle+1","Ball Lightning","Biased Cognition+1","Defragment+1","Storm","Defragment","White Noise","Defragment+1","Self Repair","Echo Form","Core Surge","Skim+1","White Noise+1","Recycle+1","Panacea","Coolheaded"],"relics":["Cracked Core","Lantern","Pantograph","Ice Cream","Runic Dome","Gambling Chip","Astrolabe","TungstenRod"],"acts_visited":["Exordium","TheCity","TheBeyond"],"potions_floor_usage":[],"damage_taken":[{"damage":10.0,"enemies":"Small Slimes","floor":1.0,"turns":3.0},{"damage":0.0,"enemies":"Cultist","floor":3.0,"turns":2.0},{"damage":0.0,"enemies":"2 Louse","floor":5.0,"turns":1.0},{"damage":5.0,"enemies":"Large Slime","floor":7.0,"turns":4.0},{"damage":10.0,"enemies":"Lagavulin","floor":8.0,"turns":6.0},{"damage":0.0,"enemies":"Gremlin Nob","floor":10.0,"turns":3.0},{"damage":0.0,"enemies":"Looter","floor":11.0,"turns":3.0},{"damage":0.0,"enemies":"3 Louse","floor":13.0,"turns":3.0},{"damage":4.0,"enemies":"Exordium Wildlife","floor":14.0,"turns":3.0},{"damage":0.0,"enemies":"Slime Boss","floor":16.0,"turns":8.0},{"damage":12.0,"enemies":"2 Thieves","floor":18.0,"turns":4.0},{"damage":15.0,"enemies":"3 Byrds","floor":20.0,"turns":4.0},{"damage":18.0,"enemies":"Book of Stabbing","floor":24.0,"turns":4.0},{"damage":0.0,"enemies":"Snake Plant","floor":25.0,"turns":2.0},{"damage":0.0,"enemies":"3 Cultists","floor":27.0,"turns":3.0},{"damage":0.0,"enemies":"Snecko","floor":31.0,"turns":4.0},{"damage":12.0,"enemies":"Automaton","floor":33.0,"turns":6.0},{"damage":0.0,"enemies":"3 Shapes","floor":35.0,"turns":4.0},{"damage":28.0,"enemies":"2 Orb Walkers","floor":37.0,"turns":3.0},{"damage":18.0,"enemies":"3 Darklings","floor":38.0,"turns":5.0},{"damage":16,"enemies":"Jaw Worm Horde","floor":39,"turns":2}],"seed_played":"-7712365073071431304","potions_obtained":[{"floor":1.0,"key":"Fire Potion"},{"floor":5.0,"key":"Strength Potion"},{"floor":10.0,"key":"Ancient Potion"},{"floor":16.0,"key":"DistilledChaos"},{"floor":27.0,"key":"Energy Potion"},{"floor":33.0,"key":"SkillPotion"},{"floor":38.0,"key":"Weak Potion"}],"is_trial":false,"path_per_floor":["M","?","M","$","M","R","M","E","T","E","M","R","M","M","R","B",null,"M","?","M","?","$","R","E","M","T","M","?","R","?","M","R","B",null,"M","?","?","M","M"],"character_chosen":"DEFECT","items_purchased":["White Noise"],"campfire_rested":0,"item_purchase_floors":[22],"current_hp_per_floor":[36,36,36,36,36,36,31,21,21,21,21,21,21,17,17,42,64,52,52,37,37,37,37,19,19,19,19,19,19,19,26,26,39,63,63,53,25,14,0,0],"gold":259,"neow_bonus":"THREE_RARE_CARDS","is_daily":false,"chose_seed":false,"campfire_upgraded":6,"win_rate":0.0,"timestamp":1614435384,"path_taken":["M","?","M","$","?","R","M","E","T","E","M","R","M","?","R","BOSS","M","?","M","?","$","R","E","M","T","M","?","R","?","M","R","BOSS","M","?","?","M","M"],"items_purchased_type":["Card"],"build_version":"2020-12-22","purchased_purges":2,"victory":false,"max_hp_per_floor":[71,71,71,71,71,71,71,71,71,71,71,71,71,71,71,71,71,71,71,71,71,71,71,71,71,71,71,71,71,71,71,71,71,71,71,71,71,71,71,71],"relic_stats":{"counters":[21,77],"Pantograph":50,"Gambling Chip":[19],"Astrolabe":["Skim","White Noise","Recycle"],"obtain_stats":[{"Ice Cream":10,"Runic Dome":17,"Lantern":8,"Pantograph":9,"Gambling Chip":24,"Astrolabe":34,"Cracked Core":0,"TungstenRod":37},{"Ice Cream":6,"Runic Dome":10,"Lantern":5,"Pantograph":5,"Gambling Chip":13,"Astrolabe":17,"Cracked Core":0,"TungstenRod":19},{"Ice Cream":19,"Runic Dome":36,"Lantern":16,"Pantograph":16,"Gambling Chip":48,"Astrolabe":63,"Cracked Core":0,"TungstenRod":70}],"TungstenRod":5},"card_choices":[{"not_picked":["Thunder Strike","Seek"],"picked":"Biased Cognition","floor":0.0},{"not_picked":["Melter","Gash"],"picked":"Ball Lightning","floor":1.0},{"not_picked":["Scrape","Doom and Gloom"],"picked":"Cold Snap","floor":3.0},{"not_picked":["Rip and Tear","Melter"],"picked":"Reinforced Body","floor":5.0},{"not_picked":["Conserve Battery","Capacitor","Storm"],"picked":"SKIP","floor":7.0},{"not_picked":["Auto Shields","Hello World"],"picked":"Buffer","floor":8.0},{"not_picked":["Scrape","Consume","Hologram"],"picked":"SKIP","floor":10.0},{"not_picked":["Scrape","Cold Snap"],"picked":"Recycle","floor":11.0},{"not_picked":["Auto Shields","Undo","Compile Driver"],"picked":"SKIP","floor":13.0},{"not_picked":["Auto Shields","Steam"],"picked":"Ball Lightning","floor":14.0},{"not_picked":["Machine Learning","All For One"],"picked":"Biased Cognition","floor":16.0},{"not_picked":["Rip and Tear","Leap"],"picked":"Defragment","floor":18.0},{"not_picked":["Conserve Battery","Genetic Algorithm"],"picked":"Storm","floor":20.0},{"not_picked":["Leap","Tempest"],"picked":"Defragment","floor":24.0},{"not_picked":["Streamline","Rebound","Barrage"],"picked":"SKIP","floor":25.0},{"not_picked":["Leap","FTL"],"picked":"Self Repair","floor":27.0},{"not_picked":["Leap","Glacier"],"picked":"Echo Form","floor":31.0},{"not_picked":["Meteor Strike","All For One"],"picked":"Core Surge","floor":33.0},{"not_picked":["Conserve Battery","Hello World","Gash"],"picked":"SKIP","floor":35.0},{"not_picked":["Thinking Ahead","Blind"],"picked":"Panacea","floor":36.0},{"not_picked":["Ball Lightning+1","Cold Snap"],"picked":"Coolheaded","floor":37.0},{"not_picked":["Genetic Algorithm","Storm+1","Cold Snap"],"picked":"SKIP","floor":38.0}],"player_experience":31020,"relics_obtained":[{"floor":8.0,"key":"Lantern"},{"floor":9.0,"key":"Pantograph"},{"floor":10.0,"key":"Ice Cream"},{"floor":24.0,"key":"Gambling Chip"},{"floor":37.0,"key":"TungstenRod"}],"event_choices":[{"cards_removed":["Strike_B"],"damage_healed":0.0,"max_hp_gain":0.0,"max_hp_loss":0.0,"gold_gain":0.0,"event_name":"Bonfire Elementals","player_choice":"Offered Basic","floor":2.0,"gold_loss":0.0,"damage_taken":0.0},{"cards_removed":["Strike_B"],"damage_healed":0.0,"max_hp_gain":0.0,"max_hp_loss":0.0,"gold_gain":0.0,"event_name":"Beggar","player_choice":"Gave Gold","floor":19.0,"gold_loss":75.0,"damage_taken":0.0},{"damage_healed":0.0,"max_hp_gain":0.0,"max_hp_loss":0.0,"gold_gain":0.0,"event_name":"The Library","player_choice":"Read","floor":21.0,"gold_loss":0.0,"damage_taken":0.0,"cards_obtained":["Defragment"]},{"cards_removed":["Defend_B"],"damage_healed":0.0,"max_hp_gain":0.0,"max_hp_loss":0.0,"gold_gain":0.0,"event_name":"Back to Basics","player_choice":"Elegance","floor":28.0,"gold_loss":0.0,"damage_taken":0.0},{"damage_healed":0.0,"max_hp_gain":0.0,"max_hp_loss":0.0,"gold_gain":0.0,"event_name":"Cursed Tome","player_choice":"Ignored","floor":30.0,"gold_loss":0.0,"damage_taken":0.0},{"damage_healed":0.0,"max_hp_gain":0.0,"max_hp_loss":0.0,"gold_gain":0.0,"event_name":"SensoryStone","player_choice":"Memory 3","floor":36.0,"gold_loss":0.0,"damage_taken":10.0},{"damage_healed":0.0,"max_hp_gain":0.0,"max_hp_loss":0.0,"gold_gain":0.0,"event_name":"Mysterious Sphere","player_choice":"Fight","floor":37.0,"gold_loss":0.0,"damage_taken":0.0}],"is_beta":false,"boss_relics":[{"not_picked":["SlaversCollar","Calling Bell"],"picked":"Runic Dome"},{"not_picked":["Nuclear Battery","FrozenCore"],"picked":"Astrolabe"}],"items_purged_floors":[4,22],"is_endless":false,"potions_floor_spawned":[1,5,10,16,18,25,27,33,38],"killed_by":"Jaw Worm Horde","ascension_level":17}}