{"host":"i2ieyndca3ivj85d","time":1614419370,"event":{"mods":["BaseMod","Library of Ruina","Library of Ruina Extra","Minty Spire (QoL Compilation)","Quick Restart","StSLib"],"gold_per_floor":[120,135,135,150,161,188,188,214,214,276,276,319,319,394,394,524,524,548,180,180,180,212,240,260,260,260,276,276,76,106,117,117,222,222,237,254,63,82,96,123,123,153,202,214,248,470,470,497,497,497,497,497,497,194,228,228],"floor_reached":57,"language":"ZHS","playtime":2790,"items_purged":["LightAttack","LightDefense","LightDefense","LightAttack"],"score":1961,"play_id":"afd17109-ed08-4bba-b812-20b7420b4e98","local_time":"20210227174930","is_ascension_mode":true,"campfire_choices":[{"data":"UnforgettableMelody","floor":7,"key":"SMITH"},{"data":"Commandeering","floor":13,"key":"SMITH"},{"data":"FocusedStrikes","floor":15,"key":"SMITH"},{"data":"TendonChords","floor":25,"key":"SMITH"},{"data":"MindCrush","floor":28,"key":"SMITH"},{"data":"TheWillOfTheCity","floor":32,"key":"SMITH"},{"data":"DistortedBlade","floor":41,"key":"SMITH"},{"floor":47,"key":"RECALL"},{"data":"RagingStormLove","floor":49,"key":"SMITH"},{"data":"BoundaryOfDeath","floor":53,"key":"SMITH"}],"circlet_count":0,"master_deck":["LightAttack+1","LightDefense","LightDefense+1","ChargeAndCover","FocusedStrikes+1","PinpointShot","Struggle","UnforgettableMelody+1","Commandeering+1","RagingStormLove+1","TendonChords+1","MindCrush+1","TheWillOfTheCity+1","Preparation+1","MultiBlock+1","DistortedBlade+1","Multislash+1","BoundaryOfDeath+1","Lock"],"relics":["PageOfLibrarian","Pantograph","StoneCalendar","Lizard Tail","Bloody Idol","Centennial Puzzle","Busted Crown","PageOfPorccubus","Sling","MutagenicStrength","Red Mask","Dead Branch","Bag of Marbles","Membership Card","PageOfQueenBee","SlaversCollar","PageOfApocalypseBird","PageOfPinocchio","PageOfSpiderBud","Anchor","PageOfAlriune","PageOfFreischutz","Oddly Smooth Stone","Bag of Preparation","TheAbacus","Vajra"],"acts_visited":["Exordium","TheCity","TheBeyond","TheEnding"],"potions_floor_usage":[],"damage_taken":[{"damage":0,"enemies":"Cultist","floor":1,"turns":3},{"damage":0,"enemies":"Jaw Worm","floor":2,"turns":2},{"damage":0,"enemies":"Small Slimes","floor":4,"turns":2},{"damage":0,"enemies":"2 Fungi Beasts","floor":5,"turns":3},{"damage":0,"enemies":"Gremlin Nob","floor":6,"turns":2},{"damage":10,"enemies":"Lagavulin","floor":8,"turns":6},{"damage":14,"enemies":"Lagavulin Event","floor":10,"turns":6},{"damage":0,"enemies":"Gremlin Nob","floor":12,"turns":3},{"damage":3,"enemies":"Hexaghost","floor":16,"turns":8},{"damage":0,"enemies":"Shell Parasite","floor":18,"turns":3},{"damage":0,"enemies":"Masked Bandits","floor":22,"turns":1},{"damage":0,"enemies":"Book of Stabbing","floor":23,"turns":3},{"damage":0,"enemies":"Chosen","floor":24,"turns":2},{"damage":0,"enemies":"Snecko","floor":27,"turns":2},{"damage":0,"enemies":"Slavers","floor":30,"turns":3},{"damage":0,"enemies":"3 Cultists","floor":31,"turns":3},{"damage":0,"enemies":"Champ","floor":33,"turns":6},{"damage":0,"enemies":"Orb Walker","floor":35,"turns":2},{"damage":0,"enemies":"3 Darklings","floor":36,"turns":1},{"damage":0,"enemies":"Spire Growth","floor":38,"turns":3},{"damage":1,"enemies":"4 Shapes","floor":39,"turns":2},{"damage":0,"enemies":"Giant Head","floor":40,"turns":5},{"damage":0,"enemies":"Nemesis","floor":42,"turns":1},{"damage":0,"enemies":"Jaw Worm Horde","floor":44,"turns":1},{"damage":0,"enemies":"Giant Head","floor":45,"turns":1},{"damage":0,"enemies":"Nemesis","floor":48,"turns":1},{"damage":0,"enemies":"Awakened One","floor":50,"turns":3},{"damage":17,"enemies":"Awakened One","floor":51,"turns":4},{"damage":0,"enemies":"Shield and Spear","floor":55,"turns":1},{"damage":46,"enemies":"The Heart","floor":56,"turns":3}],"seed_played":"-6311278136999883128","potions_obtained":[{"floor":5,"key":"DuplicationPotion"},{"floor":10,"key":"Weak Potion"},{"floor":12,"key":"Swift Potion"},{"floor":18,"key":"Explosive Potion"},{"floor":39,"key":"EntropicBrew"}],"is_trial":false,"path_per_floor":["M","M","?","M","M","E","R","E","T","?","?","E","R","?","R","B",null,"M","$","?","?","?","E","M","R","T","M","R","$","E","M","R","B",null,"M","M","$","M","M","E","R","E","T","M","E","?","R","E","R","B",null,null,"R","$","E","B",null],"character_chosen":"Librarian","items_purchased":["PageOfPorccubus","Sling","Membership Card","PageOfApocalypseBird","Oddly Smooth Stone","Bag of Preparation","TheAbacus"],"campfire_rested":0,"item_purchase_floors":[19,19,29,37,54,54,54],"current_hp_per_floor":[60,60,43,43,43,43,43,33,33,19,19,19,19,8,8,30,79,79,79,79,79,79,76,76,76,76,76,76,76,76,76,76,76,76,76,76,76,76,76,76,76,76,76,76,76,76,76,76,67,76,62,76,76,76,76,30],"gold":228,"neow_bonus":"TRANSFORM_CARD","is_daily":false,"chose_seed":false,"campfire_upgraded":9,"win_rate":0.0,"timestamp":1614419370,"path_taken":["M","M","?","M","M","E","R","E","T","?","?","E","R","?","R","BOSS","M","$","?","?","?","E","M","R","T","?","R","$","E","M","R","BOSS","M","M","$","M","M","E","R","E","T","M","E","?","R","E","R","BOSS","R","$","E","BOSS"],"items_purchased_type":["Relic","Relic","Relic","Relic","Relic","Relic","Relic"],"build_version":"2020-12-22","purchased_purges":4,"victory":true,"max_hp_per_floor":[85,85,85,85,85,85,85,85,85,85,79,79,79,79,79,79,79,79,79,79,79,79,76,76,76,76,76,76,76,76,76,76,76,76,76,76,76,76,76,76,76,76,76,76,76,76,76,76,76,76,76,76,76,76,76,76],"card_choices":[{"not_picked":["AGoldenOpportunity","BladeWhirl","Outburst","ToOvercomeCrisis","EndlessBattle","Pound","SuppressingShot","SilentNight","MultiHit"],"picked":"SKIP","floor":1},{"not_picked":["Overpower","SuppressingShot","GuidanceOfTheGears","DestructiveImpact","Retaliate","TrimTheIngredients","HighKick","SomberProcuration","StructuralAnalysis"],"picked":"SKIP","floor":2},{"not_picked":["ConcentratedFire","BlowItUp","AsThePrescriptOrders","TimeForALittleTest","Outburst","SparkingSpear","StrongStrike","FleetEdge"],"picked":"Struggle","floor":4},{"not_picked":["PinpointShot","SnakeSlit","ChiWen","Thrust","HandleRequest","WillOfThePrescript","AutonomousRush","Multislash","Overpower"],"picked":"SKIP","floor":5},{"not_picked":["TimeForALittleTest","Parry2","SturdyDefense","DarkCloud","GuidanceOfTheGears","EnergyStrike","StartinOutLightly","SharpSwipe"],"picked":"UnforgettableMelody","floor":6},{"not_picked":["Wallop_lor","GuardingStance","ConcentratedFire","WildCard","ChiWen","EnergyConversion","StrikeDown","AsThePrescriptOrders","ShockingBlow"],"picked":"SKIP","floor":8},{"not_picked":["Rampage_lor","Standoff","Tailoring","NightInTheBackstreets","StructuralAnalysis","Guardian_lor","WillBeTasty","BiAn"],"picked":"Commandeering","floor":12},{"not_picked":["EnergyBeam","DistortedBlade"],"picked":"RagingStormLove","floor":16},{"not_picked":["BackAttack","SpearedSweep+1","SerpentineBarrier","SerpentSwordTechnique","StructuralAnalysis","TheWillOfTheCity+1"],"picked":"TendonChords","floor":18},{"not_picked":["BladeWhirl","KeepItFresh","DarkCloud+1","SnakesPrey","BiAn","Collision"],"picked":"MindCrush","floor":22},{"not_picked":["ShockingBlow+1","CrackOfDawn","HeavyPeaks","BlindFaith","ToWhereThePrescriptPoints","EnergyCycle+1"],"picked":"TheWillOfTheCity","floor":23},{"not_picked":["BiAn+1","VioletBlade","Parry2","ClassAndRespect","TraceOfFumes","SuppressingShot"],"picked":"Preparation+1","floor":24},{"not_picked":["InkOver","EndlessBattle","EnergyShield","EnergyCycle","Deflect_lor","GuardingStance+1"],"picked":"MultiBlock+1","floor":27},{"not_picked":["UncannyStrike","EnergyShield","TendonChords","QuickSuppression","Diversion","Juggling+1","ReadyUp"],"picked":"SKIP","floor":30},{"not_picked":["IdentifyWeakpoint","Diversion+1","InkOver","SnakesPrey","SinglePointStab","Juggling","Crush"],"picked":"SKIP","floor":31},{"not_picked":[],"picked":"DistortedBlade","floor":33},{"not_picked":["RhinoRam","Parry+1","BlindFaith","EndlessBattle","StrongStrike","IronWall","GatherIntel"],"picked":"SKIP","floor":35},{"not_picked":["FlyingSword+1","SunsetBlade","SharpSwipe+1","Leap_lor+1","ViolentFlame","LossOfSenses","EnergyConversion"],"picked":"SKIP","floor":36},{"not_picked":["FierceCharge+1","SuanNi","SmokingPipe+1","EnergyStrike","MultiBlock+1","EndlessBattle+1","HighSpeedStabbing"],"picked":"SKIP","floor":38},{"not_picked":["EndlessBattle+1","UncannyStrike+1","Parry2+1","Rewind","Zzzzzap+1","MultiHit","LawAndOrder+1"],"picked":"SKIP","floor":39},{"not_picked":["RipSpace","Retaliate+1","AutonomousRush+1","Unlock1","QuickSuppression+1","NightInTheBackstreets+1"],"picked":"Multislash+1","floor":40},{"not_picked":["SmokingPipe+1","EnergyShield","Multislash","Feast+1","GuidanceOfTheGears+1","CutIn"],"picked":"BoundaryOfDeath","floor":42},{"not_picked":["TendonChords","Parry2+1","QuickAttack+1","CleanUp","BiAn","FrontalAssault+1","Tailoring+1"],"picked":"SKIP","floor":44},{"not_picked":["ViolentFlame","StartinOutLightly","Marionette","BayonetCombat","Tailoring+1","Struggle","RepressedFlesh"],"picked":"SKIP","floor":45},{"not_picked":["ClassAndRespect+1","DesperateStruggle","StartinOutLightly+1","HiddenBlade+1","Leap_lor","ViolentFlame+1","Endure+1"],"picked":"SKIP","floor":48},{"not_picked":["MultiBlock+1","ElectricShock+1","FlyingSword","HandleRequest+1","InhaleSmoke+1","EnergyConversion"],"picked":"Lock","floor":55}],"player_experience":190588,"relics_obtained":[{"floor":6,"key":"Pantograph"},{"floor":8,"key":"StoneCalendar"},{"floor":10,"key":"Lizard Tail"},{"floor":12,"key":"Centennial Puzzle"},{"floor":22,"key":"Red Mask"},{"floor":23,"key":"Dead Branch"},{"floor":26,"key":"Bag of Marbles"},{"floor":30,"key":"PageOfQueenBee"},{"floor":40,"key":"PageOfPinocchio"},{"floor":42,"key":"PageOfSpiderBud"},{"floor":43,"key":"Anchor"},{"floor":45,"key":"PageOfAlriune"},{"floor":48,"key":"PageOfFreischutz"},{"floor":55,"key":"Vajra"}],"event_choices":[{"damage_healed":0,"gold_gain":0,"player_choice":"Entered Light","damage_taken":17,"max_hp_gain":0,"max_hp_loss":0,"event_name":"Shining Light","floor":3,"gold_loss":0,"cards_upgraded":["LightDefense","LightAttack"]},{"damage_healed":0,"gold_gain":0,"player_choice":"Searched \u00271\u0027 times","damage_taken":0,"max_hp_gain":0,"max_hp_loss":0,"event_name":"Dead Adventurer","floor":10,"gold_loss":0},{"damage_healed":0,"gold_gain":0,"player_choice":"Lose Max HP","damage_taken":0,"relics_obtained":["Golden Idol"],"max_hp_gain":0,"max_hp_loss":6,"event_name":"Golden Idol","floor":11,"gold_loss":0},{"damage_healed":0,"gold_gain":75,"player_choice":"Gather Gold","damage_taken":11,"max_hp_gain":0,"max_hp_loss":0,"event_name":"World of Goop","floor":14,"gold_loss":0},{"damage_healed":0,"gold_gain":0,"player_choice":"Inject Mutagens","damage_taken":0,"relics_obtained":["MutagenicStrength"],"max_hp_gain":0,"max_hp_loss":0,"event_name":"Drug Dealer","floor":20,"gold_loss":0},{"damage_healed":0,"gold_gain":0,"player_choice":"Gave Idol","damage_taken":0,"relics_obtained":["Bloody Idol"],"max_hp_gain":0,"max_hp_loss":0,"event_name":"Forgotten Altar","floor":21,"relics_lost":["Golden Idol"],"gold_loss":0},{"damage_healed":0,"gold_gain":0,"player_choice":"Fought Bandits","damage_taken":0,"max_hp_gain":0,"max_hp_loss":0,"event_name":"Masked Bandits","floor":22,"gold_loss":0},{"damage_healed":0,"gold_gain":222,"player_choice":"Wore Mask","damage_taken":0,"max_hp_gain":0,"max_hp_loss":0,"event_name":"Tomb of Lord Red Mask","floor":46,"gold_loss":0}],"is_beta":false,"boss_relics":[{"not_picked":["SacredBark","Black Star"],"picked":"Busted Crown"},{"not_picked":["Sozu","Astrolabe"],"picked":"SlaversCollar"}],"items_purged_floors":[19,29,37,54],"is_endless":false,"potions_floor_spawned":[5,10,12,16,18,27,30,33,35,39,42,45,48],"ascension_level":2}}