{"host":"t75twhtg6c476ygg","time":1614440924,"event":{"mods":["AchievementEnabler","BaseMod","Colored Powertips","Minty Spire (QoL Compilation)","Quick Restart","Relic Stats","StSLib","SuperFastMode"],"gold_per_floor":[144,144,189,234,279,369,369,369,394,493,511,565,65,74,74,392,392,446,446,500,415,340,439,493,547,565,619,662,86,95,140,149,458,458,512,530,575,668,88,88,28,28,46,46,64,64,4,148,148,157,1157,1157,915,1005,1014],"floor_reached":56,"language":"ENG","playtime":2075,"items_purged":[],"score":1596,"play_id":"f7d7bb58-76ea-4799-8699-eebe07f2cada","local_time":"20210227154844","daily_mods":["Cursed Run","Diverse","Midas"],"is_ascension_mode":false,"campfire_choices":[{"floor":8.0,"key":"REST"},{"floor":15.0,"key":"REST"},{"floor":32,"key":"REST"},{"floor":40,"key":"REST"},{"floor":44,"key":"REST"},{"floor":46,"key":"REST"},{"floor":49,"key":"DIG"},{"floor":52,"key":"DIG"}],"circlet_count":1,"master_deck":["Zap+1","Dualcast","Necronomicurse","Infernal Blade","CutThroughFate","Protect","Consecrate","A Thousand Cuts+1","Writhe","Hologram+1","Parasite","Force Field","Blade Dance","Writhe","Injury","Bullet Time","Study","Headbutt","BowlingBash+1","Sword Boomerang+1","Whirlwind","Regret","Pain","Noxious Fumes","Parasite","Pain","Accuracy","Clumsy","Parasite","Whirlwind+1","Pain","Injury","Writhe","Shame","Writhe","Doubt","Shame","Pain","Injury","Caltrops+1","Heatsinks+1","Wireheading+1","Shame"],"relics":["Cursed Key","Darkstone Periapt","Du-Vu Doll","Necronomicon","Matryoshka","Blood Vial","CeramicFish","Ancient Tea Set","Shuriken","Eternal Feather","Tiny Chest","StrikeDummy","Cursed Key","Gambling Chip","Sundial","Lizard Tail","Cables","Potion Belt","DataDisk","Pantograph","Toolbox","GoldenEye","Black Star","Symbiotic Virus","Bottled Lightning","The Courier","Membership Card","ClockworkSouvenir","HornCleat","Ice Cream","Anchor","Prayer Wheel","PreservedInsect","Unceasing Top","Letter Opener","Vajra","CaptainsWheel","InkBottle","Bronze Scales","Turnip","MealTicket","Sling","Bird Faced Urn","Lantern","Kunai","War Paint","Frozen Egg 2","Dead Branch","Happy Flower","Bag of Marbles","Strawberry","Nunchaku","Juzu Bracelet","Singing Bowl","Dream Catcher","TungstenRod","Mummified Hand","Whetstone","OrangePellets","Pen Nib","Pear","Bottled Flame","Akabeko","Orichalcum","Blue Candle","Boot","Art of War","Centennial Puzzle","White Beast Statue","Toxic Egg 2","Bag of Preparation","Gremlin Horn","Meat on the Bone","StoneCalendar","Bottled Tornado","Incense Burner","Thread and Needle","Ornamental Fan","Shovel","Peace Pipe","Torii","Ginger","Emotion Chip","Pocketwatch","Calipers","Frozen Eye","Pandora\u0027s Box","Circlet"],"acts_visited":["Exordium","TheCity","TheBeyond","TheEnding"],"potions_floor_usage":[50,50],"damage_taken":[{"damage":0.0,"enemies":"Small Slimes","floor":1.0,"turns":2.0},{"damage":0.0,"enemies":"Cultist","floor":3.0,"turns":3.0},{"damage":1.0,"enemies":"2 Louse","floor":4.0,"turns":2.0},{"damage":21.0,"enemies":"Large Slime","floor":5.0,"turns":6.0},{"damage":6.0,"enemies":"3 Sentries","floor":6.0,"turns":5.0},{"damage":20.0,"enemies":"Gremlin Nob","floor":10.0,"turns":4.0},{"damage":0.0,"enemies":"Exordium Thugs","floor":12.0,"turns":2.0},{"damage":59.0,"enemies":"The Guardian","floor":16.0,"turns":7.0},{"damage":5.0,"enemies":"Spheric Guardian","floor":18.0,"turns":3.0},{"damage":17.0,"enemies":"Shell Parasite","floor":20.0,"turns":3.0},{"damage":10.0,"enemies":"Book of Stabbing","floor":23.0,"turns":4.0},{"damage":14.0,"enemies":"Centurion and Healer","floor":24.0,"turns":4.0},{"damage":1.0,"enemies":"3 Cultists","floor":25.0,"turns":3.0},{"damage":4,"enemies":"Shelled Parasite and Fungi","floor":27,"turns":2},{"damage":21,"enemies":"Snake Plant","floor":31,"turns":3},{"damage":50,"enemies":"Collector","floor":33,"turns":5},{"damage":14,"enemies":"3 Darklings","floor":35,"turns":3},{"damage":4,"enemies":"3 Shapes","floor":37,"turns":2},{"damage":0,"enemies":"2 Orb Walkers","floor":48,"turns":1},{"damage":12,"enemies":"Awakened One","floor":50,"turns":3},{"damage":0,"enemies":"Shield and Spear","floor":54,"turns":1},{"damage":0,"enemies":"The Heart","floor":55,"turns":3}],"seed_played":"-2463471341485849212","potions_obtained":[{"floor":1.0,"key":"BlessingOfTheForge"},{"floor":4.0,"key":"LiquidBronze"},{"floor":5.0,"key":"SpeedPotion"},{"floor":20.0,"key":"FearPotion"},{"floor":23.0,"key":"FearPotion"},{"floor":31,"key":"Fire Potion"},{"floor":33,"key":"FocusPotion"},{"floor":48,"key":"SteroidPotion"}],"is_trial":false,"path_per_floor":["M","?","M","M","M","E","?","R","T","E","?","M","$","T","R","B",null,"M","?","M","?","?","E","M","M","T","M","T","$","?","M","R","B",null,"M","T","M","T","$","R","$","?","T","R","T","R","$","?","R","B",null,"R","$","E","B",null],"character_chosen":"DEFECT","items_purchased":["Shuriken","Eternal Feather","Accuracy","DataDisk","Pantograph","Toolbox","ClockworkSouvenir","HornCleat","Ice Cream","Anchor","Prayer Wheel","PreservedInsect","Unceasing Top","Letter Opener","Vajra","CaptainsWheel","InkBottle","Bronze Scales","Turnip","MealTicket","Omamori","Sling","Bird Faced Urn","Lantern","Kunai","War Paint","Frozen Egg 2","Dead Branch","Happy Flower","Bag of Marbles","Strawberry","Nunchaku","Juzu Bracelet","Singing Bowl","Dream Catcher","Whetstone","OrangePellets","Pen Nib","Pear","Bottled Flame","Akabeko","Orichalcum","Blue Candle","Boot","Art of War","Centennial Puzzle","White Beast Statue","Toxic Egg 2","Bag of Preparation","Gremlin Horn","Meat on the Bone","StoneCalendar","Bottled Tornado","Incense Burner","Thread and Needle","Ornamental Fan","Shovel","Peace Pipe","Torii","Calipers","Frozen Eye","Caltrops+1","Heatsinks+1","Wireheading+1"],"campfire_rested":6,"item_purchase_floors":[13,13,29,29,29,29,39,39,39,39,41,41,41,41,41,41,41,41,41,41,41,41,41,41,41,41,41,41,41,41,41,41,41,41,41,47,47,47,47,47,47,47,47,47,47,47,47,47,47,47,47,47,47,47,47,47,47,47,47,53,53,53,53,53],"current_hp_per_floor":[81,81,81,80,59,53,37,61,67,49,55,57,57,63,99,46,105,100,100,85,85,85,77,65,66,78,76,88,88,94,75,133,91,141,127,139,137,149,149,165,172,174,186,188,200,202,212,214,214,208,220,220,220,222,228],"gold":1014,"neow_bonus":"","is_daily":true,"chose_seed":false,"campfire_upgraded":0,"win_rate":0.0,"timestamp":1614440924,"path_taken":["M","?","M","M","M","E","?","R","T","E","?","?","$","?","R","BOSS","M","?","M","?","?","E","M","M","T","M","?","?","?","?","R","BOSS","M","?","?","?","$","R","$","?","T","R","?","R","?","?","R","BOSS","R","$","E","BOSS"],"items_purchased_type":["Relic","Relic","Card","Relic","Relic","Relic","Relic","Relic","Relic","Relic","Relic","Relic","Relic","Relic","Relic","Relic","Relic","Relic","Relic","Relic","Relic","Relic","Relic","Relic","Relic","Relic","Relic","Relic","Relic","Relic","Relic","Relic","Relic","Relic","Relic","Relic","Relic","Relic","Relic","Relic","Relic","Relic","Relic","Relic","Relic","Relic","Relic","Relic","Relic","Relic","Relic","Relic","Relic","Relic","Relic","Relic","Relic","Relic","Relic","Relic","Relic","Card","Card","Card"],"build_version":"2020-12-22","purchased_purges":0,"victory":true,"max_hp_per_floor":[81,81,81,81,81,81,81,81,87,87,93,93,93,99,99,105,105,105,105,105,105,105,105,105,105,117,117,129,129,135,135,135,141,141,141,153,153,165,165,165,172,174,186,188,200,202,212,214,214,220,220,220,220,222,228],"relic_stats":{"Gremlin Horn":[2,3],"CeramicFish":315,"Whetstone":["Strike_B","BowlingBash"],"Ginger":[2],"Boot":[0],"Blood Vial":18,"Lizard Tail":0,"Centennial Puzzle":[3],"Sundial":[0],"Prayer Wheel":0,"MealTicket":0,"Necronomicon":[10],"Kunai":[5],"Happy Flower":[2],"counters":[22,71],"Dead Branch":[27],"Blue Candle":[18],"Eternal Feather":46,"Pen Nib":[2],"Letter Opener":[0],"War Paint":["Defend_B","Hologram"],"Cables":[14,3,4,7,0],"OrangePellets":[0],"Shuriken":[20],"Bronze Scales":[39],"Bird Faced Urn":[0],"Pandora\u0027s Box":["Masterful Stab","Cloak And Dagger","Cleave","DeusExMachina","Exhume","Footwork"],"Black Star":1,"obtain_stats":[{"Ice Cream":39,"Calipers":53,"Gremlin Horn":47,"CeramicFish":9,"Vajra":41,"Whetstone":47,"Ginger":48,"Bottled Tornado":47,"Sling":41,"Boot":47,"Blood Vial":9,"Lizard Tail":23,"Centennial Puzzle":47,"HornCleat":39,"Sundial":21,"Strawberry":41,"Prayer Wheel":41,"MealTicket":41,"Necronomicon":0,"Kunai":41,"Toxic Egg 2":47,"Pear":47,"Happy Flower":41,"Dead Branch":41,"Blue Candle":47,"Eternal Feather":13,"Pen Nib":47,"Letter Opener":41,"War Paint":41,"Akabeko":47,"Cables":26,"Du-Vu Doll":0,"OrangePellets":47,"Bottled Flame":47,"Shuriken":13,"Bronze Scales":41,"Bird Faced Urn":41,"Pandora\u0027s Box":53,"Black Star":34,"StrikeDummy":14,"Symbiotic Virus":36,"Unceasing Top":41,"Meat on the Bone":47,"Pocketwatch":52,"Darkstone Periapt":0,"Lantern":41,"Singing Bowl":41,"Torii":47,"StoneCalendar":47,"Juzu Bracelet":41,"Bag of Preparation":47,"Incense Burner":47,"Cursed Key":0,"Ancient Tea Set":10,"ClockworkSouvenir":39,"Frozen Eye":53,"Nunchaku":41,"Dream Catcher":41,"Emotion Chip":49,"Matryoshka":6,"Shovel":47,"Mummified Hand":45,"Gambling Chip":18,"Pantograph":29,"Toolbox":29,"Tiny Chest":14,"InkBottle":41,"Potion Belt":28,"Circlet":54,"Thread and Needle":47,"The Courier":39,"PreservedInsect":41,"Omamori":41,"Frozen Egg 2":41,"Orichalcum":47,"GoldenEye":32,"White Beast Statue":47,"Peace Pipe":47,"DataDisk":29,"Anchor":39,"CaptainsWheel":41,"Ornamental Fan":47,"Turnip":41,"Bag of Marbles":41,"Art of War":47,"Bottled Lightning":38,"Membership Card":39,"TungstenRod":43},{"Ice Cream":18,"Calipers":20,"Gremlin Horn":18,"CeramicFish":5,"Vajra":18,"Whetstone":18,"Ginger":19,"Bottled Tornado":18,"Sling":18,"Boot":18,"Blood Vial":5,"Lizard Tail":11,"Centennial Puzzle":18,"HornCleat":18,"Sundial":10,"Strawberry":18,"Prayer Wheel":18,"MealTicket":18,"Necronomicon":0,"Kunai":18,"Toxic Egg 2":18,"Pear":18,"Happy Flower":18,"Dead Branch":18,"Blue Candle":18,"Eternal Feather":7,"Pen Nib":18,"Letter Opener":18,"War Paint":18,"Akabeko":18,"Cables":13,"Du-Vu Doll":0,"OrangePellets":18,"Bottled Flame":18,"Shuriken":7,"Bronze Scales":18,"Bird Faced Urn":18,"Pandora\u0027s Box":20,"Black Star":16,"StrikeDummy":7,"Symbiotic Virus":17,"Unceasing Top":18,"Meat on the Bone":18,"Pocketwatch":20,"Darkstone Periapt":0,"Lantern":18,"Singing Bowl":18,"Torii":18,"StoneCalendar":18,"Juzu Bracelet":18,"Bag of Preparation":18,"Incense Burner":18,"Cursed Key":0,"Ancient Tea Set":6,"ClockworkSouvenir":18,"Frozen Eye":20,"Nunchaku":18,"Dream Catcher":18,"Emotion Chip":19,"Matryoshka":5,"Shovel":18,"Mummified Hand":18,"Gambling Chip":9,"Pantograph":14,"Toolbox":14,"Tiny Chest":7,"InkBottle":18,"Potion Belt":14,"Circlet":21,"Thread and Needle":18,"The Courier":18,"PreservedInsect":18,"Omamori":18,"Frozen Egg 2":18,"Orichalcum":18,"GoldenEye":15,"White Beast Statue":18,"Peace Pipe":18,"DataDisk":14,"Anchor":18,"CaptainsWheel":18,"Ornamental Fan":18,"Turnip":18,"Bag of Marbles":18,"Art of War":18,"Bottled Lightning":18,"Membership Card":18,"TungstenRod":18},{"Ice Cream":63,"Calipers":67,"Gremlin Horn":63,"CeramicFish":18,"Vajra":63,"Whetstone":63,"Ginger":64,"Bottled Tornado":63,"Sling":63,"Boot":63,"Blood Vial":18,"Lizard Tail":41,"Centennial Puzzle":63,"HornCleat":63,"Sundial":37,"Strawberry":63,"Prayer Wheel":63,"MealTicket":63,"Necronomicon":0,"Kunai":63,"Toxic Egg 2":63,"Pear":63,"Happy Flower":63,"Dead Branch":63,"Blue Candle":63,"Eternal Feather":24,"Pen Nib":63,"Letter Opener":63,"War Paint":63,"Akabeko":63,"Cables":48,"Du-Vu Doll":0,"OrangePellets":63,"Bottled Flame":63,"Shuriken":24,"Bronze Scales":63,"Bird Faced Urn":63,"Pandora\u0027s Box":67,"Black Star":58,"StrikeDummy":24,"Symbiotic Virus":61,"Unceasing Top":63,"Meat on the Bone":63,"Pocketwatch":67,"Darkstone Periapt":0,"Lantern":63,"Singing Bowl":63,"Torii":63,"StoneCalendar":63,"Juzu Bracelet":63,"Bag of Preparation":63,"Incense Burner":63,"Cursed Key":0,"Ancient Tea Set":22,"ClockworkSouvenir":63,"Frozen Eye":67,"Nunchaku":63,"Dream Catcher":63,"Emotion Chip":64,"Matryoshka":18,"Shovel":63,"Mummified Hand":63,"Gambling Chip":34,"Pantograph":50,"Toolbox":50,"Tiny Chest":24,"InkBottle":63,"Potion Belt":50,"Circlet":68,"Thread and Needle":63,"The Courier":63,"PreservedInsect":63,"Omamori":63,"Frozen Egg 2":63,"Orichalcum":63,"GoldenEye":53,"White Beast Statue":63,"Peace Pipe":63,"DataDisk":50,"Anchor":63,"CaptainsWheel":63,"Ornamental Fan":63,"Turnip":63,"Bag of Marbles":63,"Art of War":63,"Bottled Lightning":63,"Membership Card":63,"TungstenRod":63}],"Unceasing Top":[0],"Meat on the Bone":0,"Pocketwatch":[0],"Darkstone Periapt":126,"Singing Bowl":10,"Torii":1,"StoneCalendar":[0],"Juzu Bracelet":0,"Bag of Preparation":[8],"Cursed Key":14,"Nunchaku":[2],"Dream Catcher":2,"Emotion Chip":[2,0,1,1,0],"Shovel":2,"Mummified Hand":[17],"Gambling Chip":[57],"Pantograph":2,"Tiny Chest":3,"InkBottle":[5],"PreservedInsect":68,"Orichalcum":[6],"GoldenEye":[10],"Peace Pipe":0,"Ornamental Fan":[20],"Turnip":[2],"Art of War":[0],"TungstenRod":25},"card_choices":[{"not_picked":["Slice","Catalyst"],"picked":"Infernal Blade","floor":1.0},{"not_picked":["PathToVictory","Glacier","Poisoned Stab"],"picked":"SKIP","floor":3.0},{"not_picked":["EmptyFist","Skewer"],"picked":"Protect","floor":4.0},{"not_picked":["Footwork","Cold Snap"],"picked":"Consecrate","floor":5.0},{"not_picked":["Disarm","Wallop"],"picked":"A Thousand Cuts","floor":6.0},{"not_picked":["Barrage","Indignation"],"picked":"Hologram","floor":10.0},{"not_picked":["Prepared","Protect"],"picked":"Blade Dance","floor":12.0},{"not_picked":["Rainbow","MasterReality"],"picked":"Bullet Time","floor":16.0},{"not_picked":["Aggregate","CarveReality"],"picked":"Study","floor":18.0},{"not_picked":["Melter","DeceiveReality"],"picked":"Headbutt","floor":20.0},{"not_picked":["Bloodletting","Venomology"],"picked":"BowlingBash","floor":23.0},{"not_picked":["Bane+1","Reinforced Body"],"picked":"Sword Boomerang+1","floor":24.0},{"not_picked":["Pray+1","Cold Snap+1"],"picked":"Whirlwind","floor":25.0},{"not_picked":["Heel Hook","Searing Blow"],"picked":"Noxious Fumes","floor":27},{"not_picked":["Fusion","Havoc","Recycle+1"],"picked":"SKIP","floor":31},{"not_picked":["Flying Knee","Cleave+1"],"picked":"Whirlwind+1","floor":35},{"not_picked":["Fasting2+1","Stack+1","Steam Power+1"],"picked":"SKIP","floor":37},{"not_picked":["Dramatic Entrance","Swift Strike","Bandage Up"],"picked":"Singing Bowl","floor":42},{"not_picked":["Melter+1","Sweeping Beam","Dash"],"picked":"Singing Bowl","floor":44},{"not_picked":["Go for the Eyes","Omniscience","EmptyBody+1"],"picked":"Singing Bowl","floor":46},{"not_picked":["ClearTheMind+1","Gash","Feel No Pain+1"],"picked":"Singing Bowl","floor":48},{"not_picked":["Leg Sweep+1","Dark Embrace+1","Endless Agony"],"picked":"Singing Bowl","floor":54}],"player_experience":482756,"relics_obtained":[{"floor":6.0,"key":"Matryoshka"},{"floor":9.0,"key":"Blood Vial"},{"floor":9.0,"key":"CeramicFish"},{"floor":10.0,"key":"Ancient Tea Set"},{"floor":14.0,"key":"Tiny Chest"},{"floor":14.0,"key":"StrikeDummy"},{"floor":23.0,"key":"Lizard Tail"},{"floor":26.0,"key":"Cables"},{"floor":28,"key":"Potion Belt"},{"floor":36,"key":"Symbiotic Virus"},{"floor":38,"key":"Bottled Lightning"},{"floor":43,"key":"TungstenRod"},{"floor":45,"key":"Mummified Hand"},{"floor":48,"key":"Ginger"},{"floor":49,"key":"Emotion Chip"},{"floor":52,"key":"Pocketwatch"},{"floor":54,"key":"Circlet"}],"event_choices":[{"damage_healed":0.0,"max_hp_gain":0.0,"max_hp_loss":0.0,"gold_gain":0.0,"cards_transformed":["Strike_B"],"event_name":"Living Wall","player_choice":"Change","floor":2.0,"gold_loss":0.0,"damage_taken":0.0,"cards_obtained":["CutThroughFate"]},{"damage_healed":0.0,"max_hp_gain":0.0,"max_hp_loss":0.0,"gold_gain":0.0,"event_name":"Shining Light","player_choice":"Entered Light","floor":7.0,"gold_loss":0.0,"damage_taken":16.0,"cards_upgraded":["Zap","A Thousand Cuts"]},{"damage_healed":0.0,"max_hp_gain":0.0,"max_hp_loss":0.0,"gold_gain":0.0,"event_name":"Match and Keep!","player_choice":"2 cards matched","floor":11.0,"gold_loss":0.0,"damage_taken":0.0,"cards_obtained":["Parasite","Force Field"]},{"damage_healed":0.0,"max_hp_gain":0.0,"max_hp_loss":0.0,"gold_gain":0.0,"event_name":"Vampires","player_choice":"Ignored","floor":19.0,"gold_loss":0.0,"damage_taken":0.0},{"damage_healed":0.0,"max_hp_gain":0.0,"max_hp_loss":0.0,"gold_gain":0.0,"event_name":"Addict","player_choice":"Obtained Relic","floor":21.0,"gold_loss":85.0,"damage_taken":0.0,"relics_obtained":["Sundial"]},{"cards_removed":["Strike_B"],"damage_healed":0.0,"max_hp_gain":0.0,"max_hp_loss":0.0,"gold_gain":0.0,"event_name":"Beggar","player_choice":"Gave Gold","floor":22.0,"gold_loss":75.0,"damage_taken":0.0},{"damage_healed":0,"gold_gain":0,"player_choice":"1 cards matched","damage_taken":0,"max_hp_gain":0,"max_hp_loss":0,"event_name":"Match and Keep!","floor":30,"gold_loss":0,"cards_obtained":["Clumsy"]},{"damage_healed":0,"gold_gain":0,"player_choice":"Memory 1","damage_taken":0,"max_hp_gain":0,"max_hp_loss":0,"event_name":"SensoryStone","floor":42,"gold_loss":0},{"damage_healed":0,"gold_gain":0,"player_choice":"Fight","damage_taken":0,"max_hp_gain":0,"max_hp_loss":0,"event_name":"Mysterious Sphere","floor":48,"gold_loss":0}],"is_beta":false,"boss_relics":[{"not_picked":["Velvet Choker","Coffee Dripper","Runic Dome"]},{"not_picked":["Runic Pyramid","Busted Crown"],"picked":"Black Star"}],"items_purged_floors":[],"is_endless":false,"potions_floor_spawned":[1,4,5,20,23,31,33,35,48,54],"ascension_level":0}}