{"host":"bxn2em57qlx5u4i0","time":1614453386,"event":{"mods":["BaseMod","Colored Map","Colored Powertips","Highlight Path","Minty Spire (QoL Compilation)","Random Character Button","Relic Sorter","Relic Stats","StSLib","SuperFastMode"],"gold_per_floor":[115,165,86,96,96,129,129,163,163,163,189,215,245,257,257,330,330,347,272,282,282,294,321,355,381,381,412,447,476,510,845,845,919,919,931,931,943,631,631,656,687,734,771,808,846,889,929,955,967,979,991,1003,1015,485,513,513],"floor_reached":57,"language":"ENG","playtime":1857,"items_purged":["Backflip","Deflect"],"score":4721,"play_id":"086e1ac8-42d9-4b43-9df5-82936f8c6495","local_time":"20210227141626","daily_mods":["SealedDeck","Heirloom","Time Dilation","Flight","DeadlyEvents","Elite Swarm","Binary"],"is_ascension_mode":true,"campfire_choices":[{"data":"Crippling Poison","floor":7,"key":"SMITH"},{"data":"Noxious Fumes","floor":10,"key":"SMITH"},{"data":"Poisoned Stab","floor":15,"key":"SMITH"},{"data":"Dagger Spray","floor":32,"key":"SMITH"},{"floor":49,"key":"RECALL"},{"data":"Backflip","floor":53,"key":"SMITH"}],"circlet_count":0,"master_deck":["AscendersBane","Backflip+1","Poisoned Stab+1","Dagger Spray+1","Crippling Poison+1","Deflect+1","Backflip+1","Noxious Fumes+1","Flash of Steel+1"],"relics":["Ring of the Snake","Busted Crown","TungstenRod","Unceasing Top","CeramicFish","Regal Pillow","Ginger","Peace Pipe","Black Star","FossilizedHelix","Omamori","Shuriken","Lizard Tail","Pocketwatch","Molten Egg 2","Sundial","The Specimen","PreservedInsect","Smiling Mask","Pantograph","Du-Vu Doll","Blue Candle","War Paint","Art of War","Old Coin","Sozu","Snake Skull","Tingsha","MealTicket","Vajra","MawBank","Nunchaku","Orichalcum","Bronze Scales","Gremlin Horn","Kunai","Anchor","Bag of Marbles","CaptainsWheel","Potion Belt","Boot","Strawberry","Lantern","Cauldron","Whetstone","Centennial Puzzle","Blood Vial"],"acts_visited":["Exordium","TheCity","TheBeyond","TheEnding"],"potions_floor_usage":[56,56],"damage_taken":[{"damage":0.0,"enemies":"Jaw Worm","floor":1.0,"turns":2.0},{"damage":0,"enemies":"Cultist","floor":4,"turns":3},{"damage":4,"enemies":"Gremlin Nob","floor":6,"turns":3},{"damage":0,"enemies":"3 Sentries","floor":8,"turns":4},{"damage":0,"enemies":"Gremlin Nob","floor":11,"turns":3},{"damage":0,"enemies":"3 Sentries","floor":12,"turns":4},{"damage":0,"enemies":"Lagavulin","floor":13,"turns":5},{"damage":0,"enemies":"Small Slimes","floor":14,"turns":2},{"damage":23,"enemies":"Slime Boss","floor":16,"turns":8},{"damage":0,"enemies":"3 Byrds","floor":18,"turns":3},{"damage":0,"enemies":"Shell Parasite","floor":20,"turns":5},{"damage":0,"enemies":"Centurion and Healer","floor":22,"turns":6},{"damage":0,"enemies":"Gremlin Leader","floor":23,"turns":6},{"damage":0,"enemies":"Book of Stabbing","floor":24,"turns":6},{"damage":7,"enemies":"Gremlin Leader","floor":25,"turns":6},{"damage":0,"enemies":"Book of Stabbing","floor":27,"turns":6},{"damage":16,"enemies":"Slavers","floor":28,"turns":5},{"damage":0,"enemies":"Book of Stabbing","floor":29,"turns":4},{"damage":0,"enemies":"Gremlin Leader","floor":30,"turns":3},{"damage":0,"enemies":"Slavers","floor":31,"turns":3},{"damage":0,"enemies":"Champ","floor":33,"turns":2},{"damage":0,"enemies":"3 Darklings","floor":35,"turns":2},{"damage":0,"enemies":"3 Shapes","floor":37,"turns":2},{"damage":0,"enemies":"Giant Head","floor":40,"turns":3},{"damage":43,"enemies":"Nemesis","floor":41,"turns":5},{"damage":0,"enemies":"Giant Head","floor":42,"turns":2},{"damage":0,"enemies":"Nemesis","floor":44,"turns":1},{"damage":0,"enemies":"Giant Head","floor":45,"turns":2},{"damage":0,"enemies":"Reptomancer","floor":46,"turns":1},{"damage":0,"enemies":"Giant Head","floor":47,"turns":1},{"damage":0,"enemies":"3 Darklings","floor":48,"turns":1},{"damage":0,"enemies":"Donu and Deca","floor":50,"turns":1},{"damage":0,"enemies":"Awakened One","floor":51,"turns":3},{"damage":0,"enemies":"Shield and Spear","floor":55,"turns":1},{"damage":0,"enemies":"The Heart","floor":56,"turns":3}],"seed_played":"120618344467820596","potions_obtained":[{"floor":1.0,"key":"GhostInAJar"},{"floor":4,"key":"FearPotion"},{"floor":11,"key":"Dexterity Potion"}],"is_trial":true,"path_per_floor":["M","?","$","M","?","E","R","E","T","R","E","E","E","M","R","B",null,"M","?","M","?","M","E","E","E","T","E","E","E","E","E","R","B",null,"M","?","M","$","?","E","E","E","T","E","E","E","E","M","R","B","B",null,"R","$","E","B",null],"character_chosen":"THE_SILENT","items_purchased":["Noxious Fumes","Snake Skull","Flash of Steel+1","Lantern","Cauldron","Whetstone"],"campfire_rested":0,"item_purchase_floors":[3,38,38,54,54,54],"current_hp_per_floor":[59,54,54,54,54,50,50,50,50,50,50,50,50,50,50,27,56,56,56,56,56,56,56,56,49,49,49,33,33,33,33,33,58,64,64,64,64,64,64,64,21,21,21,21,21,21,28,28,28,53,73,73,73,73,73,73],"gold":513,"neow_bonus":"","is_daily":false,"chose_seed":false,"campfire_upgraded":5,"win_rate":0.0,"timestamp":1614453386,"path_taken":["M","?","$","?","?","E","R","E","T","R","E","E","E","M","R","BOSS","M","?","?","?","?","E","E","E","T","E","E","E","E","E","R","BOSS","M","?","?","$","?","E","E","E","T","E","E","E","E","M","R","BOSS","BOSS","R","$","E","BOSS"],"items_purchased_type":["Card","Relic","Card","Relic","Relic","Relic"],"build_version":"2020-12-22","purchased_purges":2,"victory":true,"max_hp_per_floor":[66,66,66,66,66,66,66,66,66,66,66,66,66,66,66,66,66,66,66,66,66,66,66,66,66,66,66,66,66,66,66,66,66,66,66,66,66,66,66,66,66,66,66,66,66,66,73,73,73,73,73,73,73,73,73,73],"relic_stats":{"Regal Pillow":0,"Gremlin Horn":[7,7],"CeramicFish":9,"Snake Skull":[90],"Ginger":[11],"Whetstone":[],"Smiling Mask":75,"Boot":[0],"Sozu":10,"Blood Vial":0,"Lizard Tail":0,"Nunchaku":[24],"Centennial Puzzle":[0],"Sundial":[766],"Pantograph":70,"MealTicket":0,"Kunai":[75],"Ring of the Snake":[70],"counters":[35,117],"Blue Candle":[1],"Tingsha":[0],"PreservedInsect":889,"War Paint":["Backflip","Deflect"],"Orichalcum":[6],"MawBank":156,"Peace Pipe":0,"Busted Crown":66,"Shuriken":[87],"Bronze Scales":[6],"Black Star":16,"Art of War":[4],"obtain_stats":[{"Regal Pillow":11,"Lantern":54,"Gremlin Horn":44,"CeramicFish":8,"Vajra":41,"Snake Skull":38,"Ginger":12,"Whetstone":54,"Smiling Mask":28,"Boot":47,"Old Coin":31,"Sozu":34,"Blood Vial":55,"Lizard Tail":25,"Nunchaku":42,"Centennial Puzzle":55,"Sundial":27,"Pantograph":29,"Strawberry":47,"MealTicket":40,"Kunai":44,"Ring of the Snake":0,"Potion Belt":46,"The Specimen":27,"Blue Candle":30,"Tingsha":40,"PreservedInsect":28,"Omamori":24,"War Paint":30,"Orichalcum":42,"MawBank":41,"Peace Pipe":13,"Du-Vu Doll":29,"Cauldron":54,"Anchor":45,"CaptainsWheel":46,"Busted Crown":0,"Shuriken":24,"Bronze Scales":43,"Molten Egg 2":26,"Black Star":17,"Art of War":31,"Bag of Marbles":45,"TungstenRod":0,"Unceasing Top":6,"FossilizedHelix":23,"Pocketwatch":25},{"Regal Pillow":5,"Lantern":33,"Gremlin Horn":27,"CeramicFish":4,"Vajra":25,"Snake Skull":23,"Ginger":6,"Whetstone":33,"Smiling Mask":17,"Boot":30,"Old Coin":20,"Sozu":21,"Blood Vial":34,"Lizard Tail":15,"Nunchaku":26,"Centennial Puzzle":34,"Sundial":16,"Pantograph":18,"Strawberry":30,"MealTicket":24,"Kunai":27,"Ring of the Snake":0,"Potion Belt":29,"The Specimen":16,"Blue Candle":19,"Tingsha":24,"PreservedInsect":17,"Omamori":14,"War Paint":19,"Orichalcum":26,"MawBank":25,"Peace Pipe":7,"Du-Vu Doll":18,"Cauldron":33,"Anchor":28,"CaptainsWheel":29,"Busted Crown":0,"Shuriken":14,"Bronze Scales":26,"Molten Egg 2":15,"Black Star":9,"Art of War":20,"Bag of Marbles":28,"TungstenRod":0,"Unceasing Top":3,"FossilizedHelix":13,"Pocketwatch":15},{"Regal Pillow":15,"Lantern":113,"Gremlin Horn":104,"CeramicFish":12,"Vajra":101,"Snake Skull":93,"Ginger":19,"Whetstone":113,"Smiling Mask":77,"Boot":108,"Old Coin":87,"Sozu":89,"Blood Vial":114,"Lizard Tail":66,"Nunchaku":103,"Centennial Puzzle":114,"Sundial":72,"Pantograph":81,"Strawberry":108,"MealTicket":96,"Kunai":104,"Ring of the Snake":0,"Potion Belt":107,"The Specimen":72,"Blue Candle":84,"Tingsha":96,"PreservedInsect":77,"Omamori":60,"War Paint":84,"Orichalcum":103,"MawBank":101,"Peace Pipe":24,"Du-Vu Doll":81,"Cauldron":113,"Anchor":106,"CaptainsWheel":107,"Busted Crown":0,"Shuriken":60,"Bronze Scales":103,"Molten Egg 2":66,"Black Star":34,"Art of War":87,"Bag of Marbles":106,"TungstenRod":0,"Unceasing Top":8,"FossilizedHelix":54,"Pocketwatch":66}],"TungstenRod":16,"Unceasing Top":[3],"Pocketwatch":[14]},"card_choices":[],"player_experience":3070337,"relics_obtained":[{"floor":6,"key":"Unceasing Top"},{"floor":8,"key":"CeramicFish"},{"floor":11,"key":"Regal Pillow"},{"floor":12,"key":"Ginger"},{"floor":13,"key":"Peace Pipe"},{"floor":23,"key":"FossilizedHelix"},{"floor":24,"key":"Omamori"},{"floor":24,"key":"Shuriken"},{"floor":25,"key":"Lizard Tail"},{"floor":25,"key":"Pocketwatch"},{"floor":26,"key":"Molten Egg 2"},{"floor":27,"key":"Sundial"},{"floor":27,"key":"The Specimen"},{"floor":28,"key":"PreservedInsect"},{"floor":28,"key":"Smiling Mask"},{"floor":29,"key":"Pantograph"},{"floor":29,"key":"Du-Vu Doll"},{"floor":30,"key":"Blue Candle"},{"floor":30,"key":"War Paint"},{"floor":31,"key":"Art of War"},{"floor":31,"key":"Old Coin"},{"floor":40,"key":"Tingsha"},{"floor":40,"key":"MealTicket"},{"floor":41,"key":"Vajra"},{"floor":41,"key":"MawBank"},{"floor":42,"key":"Nunchaku"},{"floor":42,"key":"Orichalcum"},{"floor":43,"key":"Bronze Scales"},{"floor":44,"key":"Gremlin Horn"},{"floor":44,"key":"Kunai"},{"floor":45,"key":"Anchor"},{"floor":45,"key":"Bag of Marbles"},{"floor":46,"key":"CaptainsWheel"},{"floor":46,"key":"Potion Belt"},{"floor":47,"key":"Boot"},{"floor":47,"key":"Strawberry"},{"floor":55,"key":"Centennial Puzzle"},{"floor":55,"key":"Blood Vial"}],"event_choices":[{"damage_healed":0,"gold_gain":50,"player_choice":"Touch","damage_taken":6,"max_hp_gain":0,"max_hp_loss":0,"event_name":"FaceTrader","floor":2,"gold_loss":0},{"damage_healed":0,"gold_gain":0,"player_choice":"0 cards matched","damage_taken":0,"max_hp_gain":0,"max_hp_loss":0,"event_name":"Match and Keep!","floor":5,"gold_loss":0,"cards_obtained":[]},{"cards_removed":["Sucker Punch"],"damage_healed":0,"gold_gain":0,"player_choice":"Gave Gold","damage_taken":0,"max_hp_gain":0,"max_hp_loss":0,"event_name":"Beggar","floor":19,"gold_loss":75},{"cards_removed":["Slice"],"damage_healed":0,"gold_gain":0,"player_choice":"Elegance","damage_taken":0,"max_hp_gain":0,"max_hp_loss":0,"event_name":"Back to Basics","floor":21,"gold_loss":0},{"damage_healed":0,"gold_gain":0,"player_choice":"Ignored","damage_taken":0,"max_hp_gain":0,"max_hp_loss":0,"event_name":"SecretPortal","floor":36,"gold_loss":0},{"damage_healed":0,"gold_gain":0,"player_choice":"Ignored","damage_taken":0,"max_hp_gain":0,"max_hp_loss":0,"event_name":"Tomb of Lord Red Mask","floor":39,"gold_loss":0}],"is_beta":false,"boss_relics":[{"not_picked":["Fusion Hammer","Runic Dome"],"picked":"Black Star"},{"not_picked":["Philosopher\u0027s Stone","Astrolabe"],"picked":"Sozu"}],"items_purged_floors":[38,54],"is_endless":false,"potions_floor_spawned":[1,4,11,12,22,24,25,28,30,31,41,44,45,46,47],"ascension_level":20}}