{"host":"q4axc00jr2bozlh9","time":1614421483,"event":{"mods":["AchievementEnabler","Alarm Clock","BaseMod","Bestiary","Block Reminder","Colored Map","Colored Powertips","Curses Come First","Minty Spire (QoL Compilation)","Permanent Neow","Quick Restart","Rare Cards Sparkle","Relic Stats","StSLib","SuperFastMode","UnlockEverythingMod","Weighted Paths"],"gold_per_floor":[368,381,79,93,110,127,127,143,170,197,216,247,257,273,273,369,369,389,403,403,422,422,422,453,472,497,97,97,3,30,45,45,141,141,157,209,119,134,153,153,153],"floor_reached":40,"language":"ENG","playtime":1891,"items_purged":["Strike_R","Writhe"],"score":469,"play_id":"4a0abad2-ad32-4428-97e4-3057b885b224","local_time":"20210227112443","is_ascension_mode":false,"campfire_choices":[{"data":"Armaments","floor":7,"key":"SMITH"},{"data":"True Grit","floor":15,"key":"SMITH"},{"data":"Demon Form","floor":23,"key":"SMITH"},{"data":"Limit Break","floor":32,"key":"SMITH"}],"circlet_count":0,"master_deck":["Strike_R","Defend_R","Defend_R","Defend_R","Defend_R","Bash","Carnage","Armaments+1","Metallicize","True Grit+1","Rampage","Feel No Pain","Rage","Thunderclap","Demon Form+1","Heavy Blade","Impatience","Limit Break+1","Limit Break","Infernal Blade+1"],"relics":["Burning Blood","Happy Flower","Toy Ornithopter","Paper Frog","Anchor","Coffee Dripper","MealTicket","Akabeko","Centennial Puzzle","Bronze Scales","Brimstone","Meat on the Bone","Empty Cage","Shovel"],"acts_visited":["Exordium","TheCity","TheBeyond"],"potions_floor_usage":[16,16,21,21,24,33,36,39,40,40],"damage_taken":[{"damage":10,"enemies":"Cultist","floor":1,"turns":4},{"damage":0,"enemies":"2 Louse","floor":2,"turns":3},{"damage":3,"enemies":"Jaw Worm","floor":4,"turns":3},{"damage":16,"enemies":"Exordium Wildlife","floor":5,"turns":6},{"damage":0,"enemies":"2 Fungi Beasts","floor":6,"turns":4},{"damage":12,"enemies":"Gremlin Gang","floor":8,"turns":5},{"damage":22,"enemies":"Gremlin Nob","floor":10,"turns":4},{"damage":2,"enemies":"Red Slaver","floor":11,"turns":3},{"damage":3,"enemies":"Lagavulin","floor":12,"turns":11},{"damage":2,"enemies":"3 Louse","floor":13,"turns":4},{"damage":4,"enemies":"Blue Slaver","floor":14,"turns":4},{"damage":56,"enemies":"The Guardian","floor":16,"turns":10},{"damage":13,"enemies":"Shell Parasite","floor":18,"turns":7},{"damage":22,"enemies":"3 Byrds","floor":19,"turns":9},{"damage":17,"enemies":"Snake Plant","floor":21,"turns":4},{"damage":13,"enemies":"Gremlin Leader","floor":24,"turns":8},{"damage":3,"enemies":"Centurion and Healer","floor":25,"turns":5},{"damage":31,"enemies":"Slavers","floor":30,"turns":5},{"damage":4,"enemies":"Chosen and Byrds","floor":31,"turns":4},{"damage":19,"enemies":"Automaton","floor":33,"turns":6},{"damage":9,"enemies":"Orb Walker","floor":35,"turns":5},{"damage":52,"enemies":"2 Orb Walkers","floor":36,"turns":5},{"damage":1,"enemies":"3 Shapes","floor":38,"turns":4},{"damage":32,"enemies":"Maw","floor":39,"turns":5},{"damage":52,"enemies":"Reptomancer","floor":40,"turns":3}],"seed_played":"4075544588231318677","potions_obtained":[{"floor":1,"key":"DuplicationPotion"},{"floor":4,"key":"Energy Potion"},{"floor":8,"key":"GamblersBrew"},{"floor":14,"key":"BloodPotion"},{"floor":18,"key":"CultistPotion"},{"floor":19,"key":"LiquidMemories"},{"floor":31,"key":"PowerPotion"},{"floor":33,"key":"Regen Potion"},{"floor":38,"key":"EntropicBrew"}],"is_trial":false,"path_per_floor":["M","M","$","M","M","M","R","M","T","E","M","E","M","M","R","B",null,"M","M","?","M","T","R","E","M","T","$","?","$","E","M","R","B",null,"M","?","?","M","M","E"],"character_chosen":"IRONCLAD","items_purchased":["Happy Flower","Metallicize","Bronze Scales","Brimstone","Impatience"],"campfire_rested":0,"item_purchase_floors":[3,3,27,27,29],"current_hp_per_floor":[68,72,72,72,62,68,68,62,62,46,50,53,57,59,59,33,72,65,49,49,48,48,48,46,49,49,64,51,66,41,55,55,47,77,74,45,45,50,41,0,0],"gold":153,"neow_bonus":"TWO_FIFTY_GOLD","is_daily":false,"chose_seed":false,"campfire_upgraded":4,"win_rate":0.0,"timestamp":1614421483,"path_taken":["M","?","$","M","M","M","R","M","T","E","M","E","M","M","R","BOSS","M","M","?","M","?","R","E","M","T","$","?","$","E","M","R","BOSS","M","?","?","M","?","E"],"items_purchased_type":["Relic","Card","Relic","Relic","Card"],"build_version":"2020-12-22","purchased_purges":2,"victory":false,"max_hp_per_floor":[72,72,72,72,72,72,72,72,72,72,72,72,72,72,72,72,72,72,72,72,72,72,72,72,72,72,72,77,77,77,77,77,77,77,77,77,77,77,77,77,77],"relic_stats":{"Centennial Puzzle":[27],"Shovel":0,"Happy Flower":[41],"counters":[25,131],"Bronze Scales":[102],"MealTicket":30,"obtain_stats":[{"Happy Flower":3,"Empty Cage":34,"Burning Blood":0,"Akabeko":22,"Anchor":12,"Centennial Puzzle":24,"Shovel":36,"Brimstone":27,"Bronze Scales":27,"MealTicket":20,"Coffee Dripper":17,"Toy Ornithopter":9,"Paper Frog":10,"Meat on the Bone":30},{"Happy Flower":2,"Empty Cage":20,"Burning Blood":0,"Akabeko":15,"Anchor":9,"Centennial Puzzle":16,"Shovel":22,"Brimstone":17,"Bronze Scales":17,"MealTicket":14,"Coffee Dripper":12,"Toy Ornithopter":6,"Paper Frog":7,"Meat on the Bone":18},{"Happy Flower":7,"Empty Cage":109,"Burning Blood":0,"Akabeko":81,"Anchor":43,"Centennial Puzzle":89,"Shovel":119,"Brimstone":94,"Bronze Scales":94,"MealTicket":77,"Coffee Dripper":61,"Toy Ornithopter":25,"Paper Frog":29,"Meat on the Bone":99}],"Burning Blood":139,"Toy Ornithopter":50,"Meat on the Bone":24},"card_choices":[{"not_picked":["Shockwave","Rage"],"picked":"Carnage","floor":1},{"not_picked":["Clash","Rage"],"picked":"Armaments","floor":2},{"not_picked":["Dual Wield","Body Slam"],"picked":"True Grit","floor":4},{"not_picked":["Headbutt","Clash"],"picked":"Rampage","floor":5},{"not_picked":["Whirlwind","Wild Strike"],"picked":"Feel No Pain","floor":6},{"not_picked":["Pommel Strike","Rampage","Wild Strike"],"picked":"SKIP","floor":8},{"not_picked":["Sentinel","Berserk"],"picked":"Rage","floor":10},{"not_picked":["Combust","Clothesline","Twin Strike"],"picked":"SKIP","floor":11},{"not_picked":["Combust","Thunderclap","Whirlwind"],"picked":"SKIP","floor":12},{"not_picked":["Twin Strike","Headbutt"],"picked":"Thunderclap","floor":13},{"not_picked":["Flex","Sword Boomerang","Body Slam"],"picked":"SKIP","floor":14},{"not_picked":["Juggernaut","Double Tap"],"picked":"Demon Form","floor":16},{"not_picked":["Combust+1","Clothesline"],"picked":"Heavy Blade","floor":18},{"not_picked":["Whirlwind","Uppercut","Havoc"],"picked":"SKIP","floor":19},{"not_picked":["Heavy Blade","Spot Weakness","Cleave+1"],"picked":"SKIP","floor":21},{"not_picked":["Blood for Blood","Wild Strike+1","Dual Wield"],"picked":"SKIP","floor":24},{"not_picked":["Perfected Strike","Thunderclap","Body Slam"],"picked":"SKIP","floor":25},{"not_picked":["Sentinel","Wild Strike+1"],"picked":"Limit Break","floor":30},{"not_picked":["Feel No Pain+1","Sword Boomerang+1","Shrug It Off"],"picked":"SKIP","floor":31},{"not_picked":["Berserk","Feed"],"picked":"Limit Break","floor":33},{"not_picked":["Armaments","Rage"],"picked":"Infernal Blade","floor":35},{"not_picked":["Havoc","Dropkick+1","Brutality"],"picked":"SKIP","floor":38},{"not_picked":["Rage","Shrug It Off+1","Sentinel"],"picked":"SKIP","floor":39}],"player_experience":309099,"relics_obtained":[{"floor":9,"key":"Toy Ornithopter"},{"floor":10,"key":"Paper Frog"},{"floor":12,"key":"Anchor"},{"floor":22,"key":"Akabeko"},{"floor":24,"key":"Centennial Puzzle"},{"floor":30,"key":"Meat on the Bone"},{"floor":36,"key":"Shovel"}],"event_choices":[{"damage_healed":0,"gold_gain":0,"player_choice":"Opened","damage_taken":0,"relics_obtained":["MealTicket"],"max_hp_gain":0,"max_hp_loss":0,"event_name":"The Mausoleum","floor":20,"gold_loss":0,"cards_obtained":["Writhe"]},{"damage_healed":0,"gold_gain":0,"player_choice":"Shed Blood","damage_taken":18,"max_hp_gain":5,"max_hp_loss":0,"event_name":"Forgotten Altar","floor":28,"gold_loss":0},{"damage_healed":0,"gold_gain":0,"player_choice":"Fight","damage_taken":0,"max_hp_gain":0,"max_hp_loss":0,"event_name":"Mysterious Sphere","floor":36,"gold_loss":0},{"cards_removed":["Strike_R"],"damage_healed":0,"gold_gain":0,"player_choice":"Upgrade and Remove","damage_taken":0,"max_hp_gain":0,"max_hp_loss":0,"event_name":"Designer","floor":37,"gold_loss":90,"cards_upgraded":["Infernal Blade"]}],"is_beta":false,"boss_relics":[{"not_picked":["Tiny House","SlaversCollar"],"picked":"Coffee Dripper"},{"not_picked":["Runic Cube","SacredBark"],"picked":"Empty Cage"}],"items_purged_floors":[3,27],"is_endless":false,"potions_floor_spawned":[1,4,8,12,14,18,19,31,33,38],"killed_by":"Reptomancer","ascension_level":0}}