{"host":"pke0xxyzw0teju56","time":1614452554,"event":{"mods":["BaseMod","Bestiary","Colored Powertips","Highlight Path","Minty Spire (QoL Compilation)","StSLib"],"gold_per_floor":[218,218,230,230,250,283,283,248,248,248,264,281,314,333,333,406,406,420,435,450,5,32,32,52,52,52,67,99,99,118,130,130,130,130],"floor_reached":33,"language":"ENG","playtime":1324,"items_purged":[],"score":612,"play_id":"e04c6111-1840-4065-a0a8-d1d24c537807","local_time":"20210227140234","is_ascension_mode":true,"campfire_choices":[{"data":"Blood for Blood","floor":7,"key":"SMITH"},{"data":"Disarm","floor":10,"key":"SMITH"},{"data":"Uppercut","floor":15,"key":"SMITH"},{"data":"Feed","floor":23,"key":"SMITH"},{"data":"True Grit","floor":29,"key":"SMITH"},{"floor":32,"key":"REST"}],"circlet_count":0,"master_deck":["AscendersBane","Strike_R","Strike_R","Strike_R","Strike_R","Strike_R","Defend_R","Defend_R","Defend_R","Defend_R","Bash","Cleave+1","Blood for Blood+1","Disarm+1","Feel No Pain","Shockwave","Feed+1","Uppercut+1","Corruption","True Grit+1","Hemokinesis","Metallicize","True Grit","Pain","Offering","Burning Pact","Shrug It Off"],"relics":["Burning Blood","Potion Belt","Paper Frog","Calipers","Runic Dome","Mummified Hand","Strange Spoon","Red Mask","WarpedTongs","Matryoshka","Strawberry"],"acts_visited":["Exordium","TheCity"],"potions_floor_usage":[6,24,27,33,33],"damage_taken":[{"damage":9,"enemies":"Jaw Worm","floor":1,"turns":4},{"damage":7,"enemies":"Small Slimes","floor":3,"turns":3},{"damage":1,"enemies":"Cultist","floor":5,"turns":3},{"damage":35,"enemies":"3 Sentries","floor":6,"turns":7},{"damage":13,"enemies":"3 Louse","floor":11,"turns":4},{"damage":9,"enemies":"Looter","floor":12,"turns":4},{"damage":16,"enemies":"Lagavulin","floor":13,"turns":6},{"damage":6,"enemies":"Blue Slaver","floor":14,"turns":6},{"damage":8,"enemies":"The Guardian","floor":16,"turns":10},{"damage":20,"enemies":"Spheric Guardian","floor":18,"turns":5},{"damage":4,"enemies":"Chosen","floor":19,"turns":4},{"damage":2,"enemies":"Snecko","floor":20,"turns":3},{"damage":18,"enemies":"Masked Bandits","floor":22,"turns":5},{"damage":8,"enemies":"Chosen and Byrds","floor":24,"turns":4},{"damage":8,"enemies":"3 Cultists","floor":27,"turns":6},{"damage":38,"enemies":"Slavers","floor":28,"turns":7},{"damage":23,"enemies":"Sentry and Sphere","floor":30,"turns":7},{"damage":18,"enemies":"Snecko","floor":31,"turns":5},{"damage":85,"enemies":"Champ","floor":33,"turns":9}],"seed_played":"-7481726915860146572","potions_obtained":[{"floor":3,"key":"Strength Potion"},{"floor":6,"key":"FairyPotion"},{"floor":11,"key":"LiquidBronze"},{"floor":12,"key":"Ancient Potion"},{"floor":20,"key":"Fire Potion"},{"floor":30,"key":"SteroidPotion"}],"is_trial":false,"path_per_floor":["M","?","M","?","M","E","R","?","T","R","M","M","E","M","R","B",null,"M","M","M","$","?","R","M","?","T","M","E","R","M","M","R","B"],"character_chosen":"IRONCLAD","items_purchased":["Mummified Hand","Strange Spoon"],"campfire_rested":1,"item_purchase_floors":[21,21],"current_hp_per_floor":[65,65,64,53,58,29,29,47,47,47,40,37,30,33,33,31,69,58,60,64,64,52,52,50,50,50,56,35,35,22,14,47,0,0],"gold":130,"neow_bonus":"HUNDRED_GOLD","is_daily":false,"chose_seed":false,"campfire_upgraded":5,"win_rate":0.0,"timestamp":1614452554,"path_taken":["M","?","M","?","?","E","R","?","T","R","M","M","E","M","R","BOSS","M","M","M","$","?","R","M","?","T","M","E","R","M","M","R","BOSS"],"items_purchased_type":["Relic","Relic"],"build_version":"2020-12-22","purchased_purges":0,"victory":false,"max_hp_per_floor":[75,75,75,75,75,75,75,75,75,75,75,75,78,81,81,81,81,84,84,84,84,84,84,84,84,84,92,103,103,107,111,111,111,111],"card_choices":[{"not_picked":["Thunderclap","Bloodletting"],"picked":"Cleave","floor":1},{"not_picked":["Iron Wave","Intimidate"],"picked":"Blood for Blood","floor":3},{"not_picked":["Headbutt","Warcry"],"picked":"Disarm","floor":5},{"not_picked":["Perfected Strike","Pummel"],"picked":"Feel No Pain","floor":6},{"not_picked":["Wild Strike","Havoc"],"picked":"Shockwave","floor":11},{"not_picked":["Clothesline","Wild Strike"],"picked":"Feed","floor":12},{"not_picked":["Sword Boomerang","Anger","Cleave"],"picked":"SKIP","floor":13},{"not_picked":["Evolve","Shockwave"],"picked":"Uppercut","floor":14},{"not_picked":["Berserk","Feed"],"picked":"Corruption","floor":16},{"not_picked":["Heavy Blade","Searing Blow"],"picked":"True Grit","floor":18},{"not_picked":["Wild Strike","Infernal Blade"],"picked":"Hemokinesis","floor":19},{"not_picked":["Anger","Iron Wave"],"picked":"Metallicize","floor":20},{"not_picked":["Armaments","Twin Strike"],"picked":"True Grit","floor":22},{"not_picked":["Perfected Strike","Sentinel","Wild Strike"],"picked":"SKIP","floor":24},{"not_picked":["Pummel","Battle Trance"],"picked":"Offering","floor":27},{"not_picked":["Headbutt","Seeing Red"],"picked":"Burning Pact","floor":28},{"not_picked":["Cleave","Carnage"],"picked":"Shrug It Off","floor":30},{"not_picked":["Iron Wave","Intimidate","Headbutt"],"picked":"SKIP","floor":31}],"player_experience":5393792,"relics_obtained":[{"floor":6,"key":"Potion Belt"},{"floor":9,"key":"Paper Frog"},{"floor":13,"key":"Calipers"},{"floor":22,"key":"Red Mask"},{"floor":26,"key":"Matryoshka"},{"floor":28,"key":"Strawberry"}],"event_choices":[{"damage_healed":0,"gold_gain":0,"player_choice":"Grow","damage_taken":0,"max_hp_gain":0,"max_hp_loss":0,"event_name":"Living Wall","floor":2,"gold_loss":0,"cards_upgraded":["Cleave"]},{"damage_healed":0,"gold_gain":0,"player_choice":"Damaged","damage_taken":11,"max_hp_gain":0,"max_hp_loss":0,"event_name":"Wheel of Change","floor":4,"gold_loss":0},{"damage_healed":18,"gold_gain":0,"player_choice":"Healed","damage_taken":0,"max_hp_gain":0,"max_hp_loss":0,"event_name":"The Cleric","floor":8,"gold_loss":35},{"damage_healed":0,"gold_gain":0,"player_choice":"Fought Bandits","damage_taken":0,"max_hp_gain":0,"max_hp_loss":0,"event_name":"Masked Bandits","floor":22,"gold_loss":0},{"damage_healed":0,"gold_gain":0,"player_choice":"Rummage","damage_taken":0,"relics_obtained":["WarpedTongs"],"max_hp_gain":0,"max_hp_loss":0,"event_name":"Accursed Blacksmith","floor":25,"gold_loss":0,"cards_obtained":["Pain"]}],"is_beta":false,"boss_relics":[{"not_picked":["Cursed Key","Calling Bell"],"picked":"Runic Dome"}],"items_purged_floors":[],"is_endless":false,"potions_floor_spawned":[3,6,11,12,20,22,30],"killed_by":"Champ","ascension_level":20}}