{"host":"2apb6gwm2fj4theg","time":1614447697,"event":{"mods":["2.2 Compatiblity","AlwaysNeverKeys","Ascension Reborn","BaseMod","Halation","Hubris","Infinite Spire","Marked Mod","Minty Spire (QoL Compilation)","Replay The Spire","Shop Mod","Small Relic Pack","StSLib","Unceasing Turn Reminder","Waifu the Spire"],"gold_per_floor":[111,125,136,150,160,160,190,190,244,271,290,290,304,334,334,435,435,447,447,459,60,80,115,130,130,130,130,130],"floor_reached":27,"language":"ENG","playtime":1435,"items_purged":[],"score":282,"play_id":"af630dd2-f195-45a7-88c3-d891780678f6","local_time":"20210227194137","is_ascension_mode":true,"campfire_choices":[{"floor":6.0,"key":"REST"},{"floor":8.0,"key":"REST"},{"data":"Armaments","floor":15.0,"key":"SMITH"}],"circlet_count":0,"master_deck":["Strike_R","Strike_R","Strike_R","Strike_R","Strike_R","Defend_R","Defend_R","Defend_R","Defend_R","Bash+1","infinitespire:OneForAll","hubris:ReadiedAction","hubris:SharpeningStone","ReplayTheSpireMod:Limb From Limb","Flex","Dropkick","Bludgeon","Replay:Undeath\u0027s Touch","Cleave","Armaments+1","Demon Form","Heavy Blade+1","Sickly","Neutralize","Offering","Purity","infinitespire:Collect","Sword Boomerang","Limit Break","Uppercut+1","ReplayTheSpireMod:LeadingStrike+1","Bloodletting+1"],"relics":["Burning Blood","King of Hearts","Boot","CaptainsWheel","Gremlin Horn","Mercury Hourglass","SacredBark","Lee\u0027s Waffle","ReplayTheSpireMod:SealedPack","Blue Candle","halation:Trompette","hubris:BottledHeart","hubris:SlimyHat"],"acts_visited":["Exordium","TheCity"],"potions_floor_usage":[],"damage_taken":[{"damage":0.0,"enemies":"2 Louse","floor":1.0,"turns":4.0},{"damage":0.0,"enemies":"Small Slimes","floor":2.0,"turns":3.0},{"damage":7.0,"enemies":"Jaw Worm","floor":3.0,"turns":3.0},{"damage":48.0,"enemies":"Gremlin Gang","floor":4.0,"turns":6.0},{"damage":7.0,"enemies":"3 Louse","floor":5.0,"turns":4.0},{"damage":27.0,"enemies":"Replay:BlueRogue","floor":7.0,"turns":4.0},{"damage":14.0,"enemies":"Gremlin Nob","floor":10.0,"turns":3.0},{"damage":0.0,"enemies":"2 Fungi Beasts","floor":11.0,"turns":2.0},{"damage":7.0,"enemies":"Exordium Wildlife","floor":13.0,"turns":4.0},{"damage":13.0,"enemies":"Lagavulin","floor":14.0,"turns":4.0},{"damage":49.0,"enemies":"Hexaghost","floor":16.0,"turns":8.0},{"damage":12.0,"enemies":"Chosen","floor":18.0,"turns":3.0},{"damage":15.0,"enemies":"Shell Parasite","floor":20.0,"turns":3.0},{"damage":10.0,"enemies":"Chosen and Byrds","floor":22.0,"turns":4.0},{"damage":7.0,"enemies":"Gremlin Leader","floor":23.0,"turns":3.0},{"damage":24.0,"enemies":"Snake Plant","floor":24.0,"turns":3.0},{"damage":0,"enemies":"Centurion and Healer","floor":27,"turns":1}],"seed_played":"-1069875403229076551","potions_obtained":[{"floor":1.0,"key":"EssenceOfSteel"},{"floor":3.0,"key":"Elixir"},{"floor":4.0,"key":"BloodPotion"},{"floor":7.0,"key":"Doom Potion"},{"floor":11.0,"key":"LiquidMemories"},{"floor":16.0,"key":"Adrenaline Potion"},{"floor":20.0,"key":"BlessingOfTheForge"},{"floor":22.0,"key":"SpeedPotion"},{"floor":23.0,"key":"PowerPotion"}],"is_trial":false,"path_per_floor":["M","M","M","M","M","R","E","R","T","E","M","?","M","E","R","B",null,"M","AVR","M","$","M","E","M","?","T","M"],"character_chosen":"IRONCLAD","items_purchased":["Limit Break","Blue Candle"],"campfire_rested":2,"item_purchase_floors":[21,21],"current_hp_per_floor":[80,80,79,37,36,60,55,79,79,71,77,77,76,69,69,26,80,74,87,78,78,74,73,55,1,1,1,1],"gold":130,"neow_bonus":"UPGRADE_CARD","is_daily":false,"chose_seed":false,"campfire_upgraded":1,"win_rate":0.0,"timestamp":1614447697,"path_taken":["M","M","M","M","M","R","E","R","T","E","M","?","M","E","R","BOSS","M","AVR","M","$","M","E","M","E","T","M"],"items_purchased_type":["Card","Relic"],"build_version":"2020-12-22","purchased_purges":0,"victory":false,"max_hp_per_floor":[80,80,80,80,80,80,80,80,80,80,80,80,80,80,80,80,80,80,87,87,87,87,87,87,1,1,1,1],"card_choices":[{"not_picked":["Heavy Blade","Combust"],"picked":"infinitespire:OneForAll","floor":1.0},{"not_picked":["Body Slam","ReplayTheSpireMod:Corrosion Curse"],"picked":"hubris:ReadiedAction","floor":2.0},{"not_picked":["Carnage","Warcry"],"picked":"hubris:SharpeningStone","floor":3.0},{"not_picked":["Clothesline","Body Slam"],"picked":"ReplayTheSpireMod:Limb From Limb","floor":4.0},{"not_picked":["Perfected Strike","ReplayTheSpireMod:Corrosion Curse"],"picked":"Flex","floor":5.0},{"not_picked":["Twin Strike","Entrench"],"picked":"Dropkick","floor":7.0},{"not_picked":["Havoc","Heavy Blade"],"picked":"Bludgeon","floor":10.0},{"not_picked":["Iron Wave","Twin Strike"],"picked":"Replay:Undeath\u0027s Touch","floor":11.0},{"not_picked":["Massacre","Iron Wave"],"picked":"Cleave","floor":13.0},{"not_picked":["Wild Strike","hubris:StunningStrike"],"picked":"Armaments","floor":14.0},{"not_picked":["Exhume","Bludgeon"],"picked":"Demon Form","floor":16.0},{"not_picked":["Power Through","hubris:ReadiedAction+1"],"picked":"Heavy Blade+1","floor":18.0},{"not_picked":["hubris:MerchantsHand","Zap"],"picked":"Neutralize","floor":19.0},{"not_picked":["Juggernaut","Impervious"],"picked":"Offering","floor":19.0},{"not_picked":["PanicButton","Replay:Sssssssssshield"],"picked":"Purity","floor":19.0},{"not_picked":["infinitespire:NeuralNetwork","infinitespire:UltimateForm"],"picked":"infinitespire:Collect","floor":19.0},{"not_picked":["Pommel Strike","Heavy Blade+1"],"picked":"Sword Boomerang","floor":20.0},{"not_picked":["Cleave","Twin Strike"],"picked":"Uppercut+1","floor":22.0},{"not_picked":["Run Through","Headbutt"],"picked":"ReplayTheSpireMod:LeadingStrike+1","floor":23.0},{"not_picked":["Cleave","Shockwave"],"picked":"Bloodletting+1","floor":24.0}],"player_experience":561701,"relics_obtained":[{"floor":7.0,"key":"King of Hearts"},{"floor":9.0,"key":"Boot"},{"floor":10.0,"key":"CaptainsWheel"},{"floor":12.0,"key":"Gremlin Horn"},{"floor":14.0,"key":"Mercury Hourglass"},{"floor":23.0,"key":"halation:Trompette"},{"floor":26,"key":"hubris:SlimyHat"}],"event_choices":[],"is_beta":false,"boss_relics":[{"not_picked":["Black Blood","hubris:Backtick"],"picked":"SacredBark"}],"items_purged_floors":[],"is_endless":false,"potions_floor_spawned":[1,3,4,7,11,16,20,22,23],"killed_by":"Centurion and Healer","ascension_level":0}}