{"host":"7nm1ow5v9mg4ehcw","time":1614445014,"event":{"mods":["BaseMod","Minty Spire (QoL Compilation)","Relic Stats","StSLib"],"gold_per_floor":[110,110,26,41,41,71,89,155,155,155,175,202,221,246,246,320,320,340,10,29,29,3,28,28,62,88,88,117,127,42,61,61,140,140,156,8,21,31,31,31,64,75,75,75,100,134,134,153,153,153],"floor_reached":51,"language":"ENG","playtime":2293,"items_purged":[],"score":1540,"play_id":"a55b65ee-a465-4c3c-9cd0-d2377ae216be","local_time":"20210227175654","is_ascension_mode":true,"campfire_choices":[{"data":"Blade Dance","floor":15.0,"key":"SMITH"},{"data":"A Thousand Cuts","floor":24.0,"key":"SMITH"},{"floor":27.0,"key":"REST"},{"floor":32,"key":"REST"},{"data":"Tools of the Trade","floor":40,"key":"SMITH"},{"floor":44,"key":"REST"},{"data":"After Image","floor":47,"key":"SMITH"},{"data":"Strike_G","floor":49,"key":"PURGE"}],"circlet_count":0,"master_deck":["AscendersBane","Strike_G+1","Strike_G+1","Defend_G","Defend_G+1","Defend_G","Defend_G","Defend_G","Survivor","Neutralize+1","Blade Dance+1","Dodge and Roll","Leg Sweep","Cloak And Dagger","All Out Attack","Blade Dance","Predator","Tools of the Trade+1","Crippling Poison","A Thousand Cuts+1","After Image+1","Cloak And Dagger","Corpse Explosion+1","PiercingWail+1","Dodge and Roll+1","Blade Dance+1","After Image","PiercingWail+1","After Image","Cloak And Dagger+1","Noxious Fumes","Blade Dance+1","Blade Dance+1","PanicButton+1","Well Laid Plans+1","Blade Dance+1","Escape Plan+1"],"relics":["Ring of the Snake","NeowsBlessing","Ninja Scroll","Dream Catcher","Vajra","Pear","WristBlade","OrangePellets","Toxic Egg 2","Bottled Flame","Whetstone","Darkstone Periapt","Pantograph","HoveringKite","Frozen Egg 2","Bottled Lightning","Peace Pipe","StoneCalendar"],"acts_visited":["Exordium","TheCity","TheBeyond"],"potions_floor_usage":[33,38,50,50],"damage_taken":[{"damage":0.0,"enemies":"Jaw Worm","floor":1.0,"turns":1.0},{"damage":0.0,"enemies":"Small Slimes","floor":4.0,"turns":1.0},{"damage":0.0,"enemies":"Lagavulin","floor":6.0,"turns":1.0},{"damage":0.0,"enemies":"2 Louse","floor":7.0,"turns":2.0},{"damage":8.0,"enemies":"Large Slime","floor":11.0,"turns":7.0},{"damage":2.0,"enemies":"3 Sentries","floor":12.0,"turns":6.0},{"damage":4.0,"enemies":"Exordium Thugs","floor":13.0,"turns":5.0},{"damage":7.0,"enemies":"Gremlin Nob","floor":14.0,"turns":3.0},{"damage":31.0,"enemies":"Slime Boss","floor":16.0,"turns":10.0},{"damage":0.0,"enemies":"Spheric Guardian","floor":18.0,"turns":1.0},{"damage":0.0,"enemies":"2 Thieves","floor":20.0,"turns":3.0},{"damage":22.0,"enemies":"Gremlin Leader","floor":23.0,"turns":6.0},{"damage":17.0,"enemies":"Slavers","floor":25.0,"turns":3.0},{"damage":23.0,"enemies":"Book of Stabbing","floor":28.0,"turns":5.0},{"damage":4.0,"enemies":"Chosen and Byrds","floor":29.0,"turns":6.0},{"damage":2,"enemies":"Shelled Parasite and Fungi","floor":31,"turns":2},{"damage":41,"enemies":"Automaton","floor":33,"turns":13},{"damage":0,"enemies":"3 Shapes","floor":35,"turns":6},{"damage":0,"enemies":"3 Darklings","floor":37,"turns":3},{"damage":7,"enemies":"Maw","floor":38,"turns":7},{"damage":25,"enemies":"Reptomancer","floor":41,"turns":4},{"damage":0,"enemies":"Jaw Worm Horde","floor":42,"turns":3},{"damage":0,"enemies":"Mind Bloom Boss Battle","floor":45,"turns":7},{"damage":1,"enemies":"Nemesis","floor":46,"turns":7},{"damage":14,"enemies":"3 Darklings","floor":48,"turns":4},{"damage":14,"enemies":"Donu and Deca","floor":50,"turns":7}],"seed_played":"-5290870448691553427","potions_obtained":[{"floor":6.0,"key":"DuplicationPotion"},{"floor":7.0,"key":"FairyPotion"},{"floor":11.0,"key":"Ancient Potion"},{"floor":14.0,"key":"LiquidBronze"},{"floor":25.0,"key":"Weak Potion"},{"floor":29.0,"key":"Weak Potion"},{"floor":31,"key":"CunningPotion"},{"floor":41,"key":"Strength Potion"}],"is_trial":false,"path_per_floor":["M","?","$","M","?","E","M","?","T","?","M","E","M","E","R","B",null,"M","$","M","?","$","E","R","E","T","R","E","M","?","M","R","B",null,"M","$","M","M","?","R","E","M","T","R","?","E","R","M","R","B",null],"character_chosen":"THE_SILENT","items_purchased":["Leg Sweep","After Image","OrangePellets","Cloak And Dagger","Noxious Fumes","Blade Dance+1","Weak Potion"],"campfire_rested":3,"item_purchase_floors":[3,19,19,22,36,36,36],"current_hp_per_floor":[59,59,59,59,39,39,39,39,39,61,53,51,47,50,50,19,62,62,62,62,62,62,40,40,23,23,45,22,18,18,16,38,22,63,63,63,63,56,56,56,31,31,31,53,76,75,75,61,61,62],"gold":153,"neow_bonus":"THREE_ENEMY_KILL","is_daily":false,"chose_seed":false,"campfire_upgraded":4,"win_rate":0.0,"timestamp":1614445014,"path_taken":["M","?","$","M","?","E","M","?","T","?","M","E","M","E","R","BOSS","M","$","M","?","?","E","R","E","T","R","E","M","?","?","R","BOSS","M","$","M","M","?","R","E","M","T","R","?","E","R","M","R","BOSS"],"items_purchased_type":["Card","Card","Relic","Card","Card","Card","Potion"],"build_version":"2020-12-22","purchased_purges":0,"victory":true,"max_hp_per_floor":[66,66,66,66,66,66,66,66,66,66,66,66,66,76,76,76,76,76,76,76,76,76,76,76,76,76,76,76,76,76,76,76,76,76,76,76,76,76,76,76,76,76,76,76,76,76,76,76,76,76],"relic_stats":{"Darkstone Periapt":0,"Peace Pipe":1,"OrangePellets":[7],"Dream Catcher":3,"counters":[26,123],"Pantograph":63,"HoveringKite":[24],"StoneCalendar":[13],"Whetstone":["Neutralize","Strike_G"],"obtain_stats":[{"Darkstone Periapt":28,"Pear":14,"NeowsBlessing":0,"Vajra":12,"HoveringKite":34,"StoneCalendar":46,"Whetstone":26,"Frozen Egg 2":41,"Peace Pipe":45,"OrangePellets":19,"Dream Catcher":9,"Bottled Flame":25,"WristBlade":17,"Ninja Scroll":6,"Pantograph":30,"Bottled Lightning":43,"Toxic Egg 2":23,"Ring of the Snake":0},{"Darkstone Periapt":14,"Pear":8,"NeowsBlessing":0,"Vajra":6,"HoveringKite":17,"StoneCalendar":24,"Whetstone":13,"Frozen Egg 2":21,"Peace Pipe":23,"OrangePellets":10,"Dream Catcher":4,"Bottled Flame":13,"WristBlade":9,"Ninja Scroll":3,"Pantograph":15,"Bottled Lightning":22,"Toxic Egg 2":12,"Ring of the Snake":0},{"Darkstone Periapt":54,"Pear":26,"NeowsBlessing":0,"Vajra":18,"HoveringKite":75,"StoneCalendar":112,"Whetstone":49,"Frozen Egg 2":95,"Peace Pipe":105,"OrangePellets":37,"Dream Catcher":5,"Bottled Flame":49,"WristBlade":36,"Ninja Scroll":3,"Pantograph":60,"Bottled Lightning":98,"Toxic Egg 2":46,"Ring of the Snake":0}],"Ring of the Snake":[52]},"card_choices":[{"not_picked":["Dodge and Roll","Prepared"],"picked":"Blade Dance","floor":1.0},{"not_picked":["Sucker Punch","Prepared"],"picked":"Cloak And Dagger","floor":4.0},{"not_picked":["Poisoned Stab","Glass Knife","Quick Slash"],"picked":"SKIP","floor":6.0},{"not_picked":["Outmaneuver","Dodge and Roll"],"picked":"All Out Attack","floor":7.0},{"not_picked":["Dash","Deflect"],"picked":"Blade Dance","floor":11.0},{"not_picked":["Endless Agony","Poisoned Stab"],"picked":"Predator","floor":12.0},{"not_picked":["Slice","Dagger Spray"],"picked":"Tools of the Trade","floor":13.0},{"not_picked":["Masterful Stab","Slice"],"picked":"Crippling Poison","floor":14.0},{"not_picked":["Adrenaline","Burst"],"picked":"A Thousand Cuts","floor":16.0},{"not_picked":["Poisoned Stab","Flying Knee","Deflect"],"picked":"SKIP","floor":18.0},{"not_picked":["Deflect","Prepared","Bullet Time"],"picked":"SKIP","floor":20.0},{"not_picked":["Backflip+1","Poisoned Stab"],"picked":"Corpse Explosion+1","floor":23.0},{"not_picked":["All Out Attack","Flying Knee"],"picked":"PiercingWail+1","floor":25.0},{"not_picked":["Dagger Throw","Skewer"],"picked":"Dodge and Roll+1","floor":27.0},{"not_picked":["Choke","Terror+1"],"picked":"Blade Dance+1","floor":28.0},{"not_picked":["Dagger Spray","Skewer+1","Dagger Throw"],"picked":"SKIP","floor":29.0},{"not_picked":["Deadly Poison+1","Outmaneuver+1"],"picked":"After Image","floor":31},{"not_picked":["Bouncing Flask+1","Deadly Poison+1"],"picked":"PiercingWail+1","floor":32},{"not_picked":["Night Terror+1","Venomology+1"],"picked":"After Image","floor":33},{"not_picked":["Backflip+1","Bane"],"picked":"Cloak And Dagger+1","floor":35},{"not_picked":["Dodge and Roll+1","Deflect+1","Sucker Punch"],"picked":"SKIP","floor":37},{"not_picked":["Dagger Spray","Bane+1"],"picked":"Blade Dance+1","floor":38},{"not_picked":["Purity+1","Flash of Steel"],"picked":"PanicButton+1","floor":39},{"not_picked":["Phantasmal Killer+1","Bane"],"picked":"Well Laid Plans+1","floor":41},{"not_picked":["Predator","Dash+1","PiercingWail+1"],"picked":"SKIP","floor":42},{"not_picked":["Deadly Poison+1","Deflect+1"],"picked":"Blade Dance+1","floor":44},{"not_picked":["Malaise+1","Distraction+1"],"picked":"Escape Plan+1","floor":46},{"not_picked":["Flying Knee+1","Quick Slash","Deflect+1"],"picked":"SKIP","floor":48}],"player_experience":416215,"relics_obtained":[{"floor":6.0,"key":"Ninja Scroll"},{"floor":9.0,"key":"Dream Catcher"},{"floor":12.0,"key":"Vajra"},{"floor":14.0,"key":"Pear"},{"floor":23.0,"key":"Toxic Egg 2"},{"floor":25.0,"key":"Bottled Flame"},{"floor":26.0,"key":"Whetstone"},{"floor":28.0,"key":"Darkstone Periapt"},{"floor":41,"key":"Frozen Egg 2"},{"floor":43,"key":"Bottled Lightning"},{"floor":45,"key":"Peace Pipe"},{"floor":46,"key":"StoneCalendar"}],"event_choices":[{"damage_healed":0.0,"max_hp_gain":0.0,"max_hp_loss":0.0,"gold_gain":0.0,"cards_transformed":["Strike_G"],"event_name":"Living Wall","player_choice":"Change","floor":2.0,"gold_loss":0.0,"damage_taken":0.0,"cards_obtained":["Dodge and Roll"]},{"damage_healed":0.0,"max_hp_gain":0.0,"max_hp_loss":0.0,"gold_gain":0.0,"event_name":"Shining Light","player_choice":"Entered Light","floor":5.0,"gold_loss":0.0,"damage_taken":20.0,"cards_upgraded":["Defend_G","Strike_G"]},{"damage_healed":0.0,"max_hp_gain":0.0,"max_hp_loss":0.0,"gold_gain":66.0,"event_name":"Golden Wing","player_choice":"Gained Gold","floor":8.0,"gold_loss":0.0,"damage_taken":0.0},{"damage_healed":22.0,"max_hp_gain":0.0,"max_hp_loss":0.0,"gold_gain":0.0,"event_name":"Big Fish","player_choice":"Banana","floor":10.0,"gold_loss":0.0,"damage_taken":0.0},{"cards_removed":["Strike_G"],"damage_healed":0.0,"max_hp_gain":0.0,"max_hp_loss":0.0,"gold_gain":0.0,"event_name":"Purifier","player_choice":"Purged","floor":21.0,"gold_loss":0.0,"damage_taken":0.0},{"damage_healed":0.0,"max_hp_gain":0.0,"max_hp_loss":0.0,"gold_gain":0.0,"event_name":"Addict","player_choice":"Obtained Relic","floor":30.0,"gold_loss":85.0,"damage_taken":0.0,"relics_obtained":["Pantograph"]},{"damage_healed":0,"gold_gain":0,"player_choice":"Memory 1","damage_taken":0,"max_hp_gain":0,"max_hp_loss":0,"event_name":"SensoryStone","floor":39,"gold_loss":0},{"damage_healed":0,"gold_gain":0,"player_choice":"Fight","damage_taken":0,"max_hp_gain":0,"max_hp_loss":0,"event_name":"MindBloom","floor":45,"gold_loss":0}],"is_beta":false,"boss_relics":[{"not_picked":["Cursed Key","SacredBark"],"picked":"WristBlade"},{"not_picked":["Tiny House","SlaversCollar"],"picked":"HoveringKite"}],"items_purged_floors":[],"is_endless":false,"potions_floor_spawned":[6,7,11,14,16,20,25,29,31,37,41,46,48],"ascension_level":18}}