{"host":"q1ww9goctev8e12g","time":1614443251,"event":{"mods":["2.2 Compatiblity","Aspiration","BaseMod","BetterRewards","Colored Powertips","Conspire","Downfall","Hubris","Minty Spire (QoL Compilation)","Quick Restart","Reliquary","Replay The Spire","StSLib"],"gold_per_floor":[115,143,158,158,71,71,99,99,99,124,135,150,168,199,199,275,275,288,288,53,53,53,53],"floor_reached":22,"language":"FRA","playtime":833,"items_purged":[],"score":416,"play_id":"fddb83d8-ceb5-4903-9967-0ba1acc006aa","local_time":"20210227172731","is_ascension_mode":true,"campfire_choices":[{"data":"Noxious Fumes","floor":6,"key":"SMITH"},{"data":"Replay:Poison Smokescreen","floor":8,"key":"SMITH"},{"floor":15,"key":"REST"}],"circlet_count":0,"master_deck":["AscendersBane","Strike_G","Strike_G","Strike_G","Strike_G","Strike_G","Defend_G","Defend_G","Defend_G","Defend_G","Defend_G","Survivor","Neutralize","Blade Dance+1","Footwork","Dodge and Roll","Noxious Fumes+1","Replay:Poison Smokescreen+1","Deadly Poison","Dagger Spray","Toxin Wave","Flying Knee","Poison Darts","Flying Knee+1","Apotheosis","Poisoned Stab"],"relics":["Ring of the Snake","NeowsBlessing","reliquary:TuningFork","hubris:Spice","hubris:Towel","Orichalcum","Gremlin Food","Fusion Hammer","aspiration:Stabinomicon","aspiration:RitualStick"],"acts_visited":["Exordium","TheCity"],"potions_floor_usage":[14,16,22],"damage_taken":[{"damage":0,"enemies":"2 Louse","floor":1,"turns":1},{"damage":0,"enemies":"conspire:MimicChest","floor":2,"turns":1},{"damage":0,"enemies":"Gremlin Nob","floor":7,"turns":1},{"damage":5,"enemies":"3 Sentries","floor":10,"turns":7},{"damage":1,"enemies":"Jaw Worm","floor":11,"turns":4},{"damage":1,"enemies":"Small Slimes","floor":12,"turns":4},{"damage":0,"enemies":"Exordium Wildlife","floor":13,"turns":4},{"damage":19,"enemies":"Gremlin Nob","floor":14,"turns":5},{"damage":38,"enemies":"Fading Forest","floor":16,"turns":11},{"damage":10,"enemies":"2 Thieves","floor":18,"turns":4},{"damage":17,"enemies":"Spheric Guardian","floor":22,"turns":3}],"seed_played":"-3234211706940493911","potions_obtained":[{"floor":1,"key":"LiquidBronze"},{"floor":11,"key":"Energy Potion"},{"floor":14,"key":"Venom Potion"},{"floor":18,"key":"Strength Potion"}],"is_trial":false,"path_per_floor":["M","?","?","?","$","R","E","R","T","E","M","M","M","E","R","B",null,"M","?","$","?","M"],"character_chosen":"THE_SILENT","items_purchased":["Noxious Fumes","Apotheosis","Poisoned Stab"],"campfire_rested":1,"item_purchase_floors":[5,20,20],"current_hp_per_floor":[59,59,41,41,41,41,41,41,49,44,43,42,42,23,45,27,62,52,31,31,12,0,0],"gold":53,"neow_bonus":"THREE_ENEMY_KILL","is_daily":false,"chose_seed":false,"campfire_upgraded":2,"win_rate":0.0,"timestamp":1614443251,"path_taken":["M","?","?","?","$","R","E","R","T","E","M","M","M","E","R","BOSS","M","?","$","?","M"],"items_purchased_type":["Card","Card","Card"],"build_version":"2020-12-22","purchased_purges":0,"victory":false,"max_hp_per_floor":[66,66,74,74,74,74,74,74,82,82,82,82,82,74,74,74,74,74,74,74,74,74,74],"card_choices":[{"not_picked":["Accuracy","Bane"],"picked":"Blade Dance","floor":1},{"not_picked":["Calculated Gamble","Hidden Blade"],"picked":"Footwork","floor":2},{"not_picked":["hubris:Counter","hubris:SlightOfHand"],"picked":"Dodge and Roll","floor":3},{"not_picked":["Slice","Quick Slash"],"picked":"Replay:Poison Smokescreen","floor":7},{"not_picked":["Outmaneuver","Acrobatics","Skewer"],"picked":"SKIP","floor":10},{"not_picked":["Cloak And Dagger","Dagger Throw"],"picked":"Deadly Poison","floor":11},{"not_picked":["All Out Attack","hubris:SlightOfHand"],"picked":"Dagger Spray","floor":12},{"not_picked":["PiercingWail","Riddle With Holes"],"picked":"Toxin Wave","floor":13},{"not_picked":["Slice","Dagger Spray"],"picked":"Flying Knee","floor":14},{"not_picked":["aspiration:Lunge","Tools of the Trade"],"picked":"Poison Darts","floor":16},{"not_picked":["Caltrops","ReplayTheSpireMod:Tripwire"],"picked":"Flying Knee+1","floor":18}],"player_experience":566793,"relics_obtained":[{"floor":2,"key":"reliquary:TuningFork"},{"floor":3,"key":"hubris:Spice"},{"floor":7,"key":"Orichalcum"},{"floor":9,"key":"hubris:Spice"},{"floor":10,"key":"Gremlin Food"},{"floor":14,"key":"hubris:Spice"},{"floor":19,"key":"aspiration:Stabinomicon"}],"event_choices":[{"damage_healed":0,"gold_gain":0,"player_choice":"Obtained Book","damage_taken":21,"max_hp_gain":0,"max_hp_loss":0,"event_name":"Cursed Tome","floor":19,"gold_loss":0}],"is_beta":false,"boss_relics":[{"not_picked":["hubris:Spice","Cursed Key"],"picked":"Fusion Hammer"}],"items_purged_floors":[],"is_endless":false,"potions_floor_spawned":[1,11,12,14,18],"killed_by":"Spheric Guardian","ascension_level":17}}