{"host":"raaimkojny05jekw","time":1614429959,"event":{"mods":["AchievementEnabler","BaseMod","Colored Map","Colored Powertips","DeckTracker","Minty Spire (QoL Compilation)","Quick Restart","Rare Cards Sparkle","everything is the same but u backflip on backflip"],"gold_per_floor":[112,128,128,204,219,219,219,254,303,228,228,55,72,103,103,180,180,197,209,209,209],"floor_reached":20,"language":"KOR","playtime":555,"items_purged":["Strike_R","Strike_R"],"score":300,"play_id":"57ce416c-7b4e-44d5-bf7c-7ff1b7c8fe50","local_time":"20210227214559","is_ascension_mode":true,"campfire_choices":[{"data":"Body Slam","floor":6,"key":"SMITH"},{"data":"Brutality","floor":11,"key":"SMITH"},{"data":"Rupture","floor":15,"key":"SMITH"}],"circlet_count":0,"master_deck":["AscendersBane","Strike_R","Strike_R","Strike_R","Defend_R","Defend_R","Defend_R","Defend_R","Bash+1","Pommel Strike","Flame Barrier+1","Body Slam+1","Brutality+1","Rupture+1","Limit Break","Entrench","Rupture"],"relics":["Burning Blood","NeowsBlessing","MealTicket","Boot","Thread and Needle","Sozu"],"acts_visited":["Exordium","TheCity"],"potions_floor_usage":[14,16,18],"damage_taken":[{"damage":0,"enemies":"2 Louse","floor":1,"turns":1},{"damage":2,"enemies":"Small Slimes","floor":2,"turns":2},{"damage":0,"enemies":"Cultist","floor":5,"turns":1},{"damage":46,"enemies":"Lagavulin","floor":8,"turns":6},{"damage":11,"enemies":"Red Slaver","floor":13,"turns":3},{"damage":19,"enemies":"3 Sentries","floor":14,"turns":6},{"damage":25,"enemies":"Slime Boss","floor":16,"turns":8},{"damage":8,"enemies":"2 Thieves","floor":18,"turns":4},{"damage":17,"enemies":"Spheric Guardian","floor":19,"turns":6},{"damage":71,"enemies":"Masked Bandits","floor":20,"turns":5}],"seed_played":"-4254200193883710661","potions_obtained":[{"floor":8,"key":"GamblersBrew"},{"floor":13,"key":"Explosive Potion"},{"floor":14,"key":"SkillPotion"}],"is_trial":false,"path_per_floor":["M","M","?","?","M","R","?","E","T","$","R","$","M","E","R","B",null,"M","M","?"],"character_chosen":"IRONCLAD","items_purchased":["Rupture"],"campfire_rested":0,"item_purchase_floors":[12],"current_hp_per_floor":[78,80,80,80,80,80,80,40,40,55,55,70,65,52,52,33,68,66,55,0,0],"gold":209,"neow_bonus":"THREE_ENEMY_KILL","is_daily":false,"chose_seed":false,"campfire_upgraded":3,"win_rate":0.0,"timestamp":1614429959,"path_taken":["M","M","?","?","M","R","?","E","T","$","R","$","?","E","R","BOSS","M","M","?"],"items_purchased_type":["Card"],"build_version":"2020-12-22","purchased_purges":2,"victory":false,"max_hp_per_floor":[80,80,80,80,80,80,80,80,80,80,80,80,80,80,80,80,80,80,80,80,80],"card_choices":[{"not_picked":["Twin Strike","Shrug It Off"],"picked":"Pommel Strike","floor":1},{"not_picked":["Thunderclap","Ghostly Armor"],"picked":"Flame Barrier","floor":2},{"not_picked":["Iron Wave","Wild Strike"],"picked":"Body Slam","floor":5},{"not_picked":["Feel No Pain","Armaments"],"picked":"Brutality","floor":8},{"not_picked":["Anger","Warcry","Wild Strike"],"picked":"SKIP","floor":13},{"not_picked":["Anger","Warcry","Wild Strike"],"picked":"SKIP","floor":13},{"not_picked":["Flex","Clothesline","Thunderclap"],"picked":"SKIP","floor":14},{"not_picked":["Fiend Fire","Corruption"],"picked":"Limit Break","floor":16},{"not_picked":["Seeing Red","True Grit"],"picked":"Entrench","floor":18},{"not_picked":["True Grit","Anger"],"picked":"Rupture","floor":19}],"player_experience":793270,"relics_obtained":[{"floor":8,"key":"MealTicket"},{"floor":9,"key":"Boot"},{"floor":14,"key":"Thread and Needle"}],"event_choices":[{"damage_healed":0,"gold_gain":0,"player_choice":"Grow","damage_taken":0,"max_hp_gain":0,"max_hp_loss":0,"event_name":"Living Wall","floor":3,"gold_loss":0,"cards_upgraded":["Bash"]},{"damage_healed":0,"gold_gain":76,"player_choice":"Gained Gold","damage_taken":0,"max_hp_gain":0,"max_hp_loss":0,"event_name":"Golden Wing","floor":4,"gold_loss":0},{"damage_healed":0,"gold_gain":0,"player_choice":"Upgraded","damage_taken":0,"max_hp_gain":0,"max_hp_loss":0,"event_name":"Upgrade Shrine","floor":7,"gold_loss":0,"cards_upgraded":["Flame Barrier"]},{"damage_healed":0,"gold_gain":0,"player_choice":"Fought Bandits","damage_taken":0,"max_hp_gain":0,"max_hp_loss":0,"event_name":"Masked Bandits","floor":20,"gold_loss":0}],"is_beta":false,"boss_relics":[{"not_picked":["Empty Cage","Coffee Dripper"],"picked":"Sozu"}],"items_purged_floors":[10,12],"is_endless":false,"potions_floor_spawned":[8,13,14],"killed_by":"Masked Bandits","ascension_level":13}}