{"host":"d02vqrhhew441p6s","time":1614396160,"event":{"mods":["BaseMod","Downfall","Duelist Mod","Halation","Infinite Spire","Minty Spire (QoL Compilation)","StSLib"],"gold_per_floor":[125,125,225,225,225,260,260,160,189,189,200,1,11,11,28,28,28],"floor_reached":16,"language":"ENG","playtime":750,"items_purged":[],"score":149,"play_id":"ce27c2d3-b3cf-41a9-9be6-66a6cb4edddd","local_time":"20210227042240","is_ascension_mode":true,"campfire_choices":[{"floor":1,"key":"RECALL"},{"data":"theDuelist:Kuriboh","floor":8,"key":"SMITH"},{"floor":10,"key":"REST"}],"circlet_count":0,"master_deck":["theDuelist:ArchfiendSoldier","theDuelist:ArchfiendSoldier","theDuelist:ArchfiendSoldier","AscendersBane","theDuelist:CastleWalls","theDuelist:CastleWalls","theDuelist:CastleWalls","theDuelist:FiendMegacyber","theDuelist:Sparks","theDuelist:Sparks","theDuelist:SummonedSkull","theDuelist:Kuriboh+1","theDuelist:Doomdog","theDuelist:RedMirror","theDuelist:DarklordMarie","theDuelist:DrivenDaredevil","theDuelist:BottomlessTrapHole","theDuelist:Lajinn","theDuelist:DoomcaliberKnight","theDuelist:DarkHole","theDuelist:RedMedicine+1"],"relics":["theDuelist:MillenniumPuzzle","theDuelist:CardPoolRelic","theDuelist:CardPoolBasicRelic","theDuelist:BoosterPackPoolRelic","theDuelist:CardPoolAddRelic","theDuelist:CardPoolMinusRelic","theDuelist:CardPoolSaveRelic","theDuelist:CardPoolOptionsRelic","downfall:HeartsMalice","halation:BottledLove","theDuelist:ElectricBurst","downfall:HeartBlessingRed","Odd Mushroom","halation:Sosunser","Oddly Smooth Stone"],"acts_visited":["Exordium"],"potions_floor_usage":[16],"damage_taken":[{"damage":0,"enemies":"2 Louse","floor":2,"turns":1},{"damage":0,"enemies":"Cultist","floor":4,"turns":1},{"damage":0,"enemies":"Small Slimes","floor":5,"turns":1},{"damage":48,"enemies":"3 Sentries","floor":6,"turns":8},{"damage":20,"enemies":"The Mushroom Lair","floor":9,"turns":4},{"damage":12,"enemies":"Exordium Thugs","floor":11,"turns":5},{"damage":10,"enemies":"downfall:FleeingMerchant","floor":12,"turns":4},{"damage":7,"enemies":"downfall:LooterAlt","floor":13,"turns":3},{"damage":0,"enemies":"Blue Slaver","floor":15,"turns":2},{"damage":38,"enemies":"DF_ARCHETYPE_STREAMLINE","floor":16,"turns":6}],"seed_played":"5391478168833665187","potions_obtained":[{"floor":15,"key":"Slimebound:ThreeZeroPotion"}],"is_trial":false,"path_per_floor":["R","M","?","M","M","E","T","R","?","R","M","$","M","?","M","B"],"character_chosen":"THE_DUELIST","items_purchased":["theDuelist:DoomcaliberKnight","halation:Sosunser"],"campfire_rested":1,"item_purchase_floors":[12,12],"current_hp_per_floor":[72,72,72,72,72,24,24,24,7,31,22,15,11,8,11,0,0],"gold":28,"neow_bonus":"THREE_ENEMY_KILL","is_daily":false,"chose_seed":false,"campfire_upgraded":1,"win_rate":0.0,"timestamp":1614396160,"path_taken":["R","M","?","?","M","E","T","R","?","R","M","$","M","?","M","BOSS"],"items_purchased_type":["Card","Relic"],"build_version":"2020-12-22","purchased_purges":0,"victory":false,"max_hp_per_floor":[80,80,80,80,80,80,80,80,80,80,80,80,80,80,80,80,80],"card_choices":[{"not_picked":["theDuelist:GilfordLegend","theDuelist:BigEye","theDuelist:DianKeto","theDuelist:MirrorForce"],"picked":"theDuelist:Kuriboh","floor":2},{"not_picked":["theDuelist:WanderingKing","theDuelist:DarkTinker","theDuelist:RedSprinter","theDuelist:ArchfiendSoldier"],"picked":"theDuelist:Doomdog","floor":4},{"not_picked":["theDuelist:UmbralHorrorGhoul","theDuelist:PortraitSecret","theDuelist:DoomcaliberKnight","theDuelist:AlienTelepath"],"picked":"theDuelist:RedMirror","floor":5},{"not_picked":["theDuelist:UmbralHorrorGhost","theDuelist:DrivenDaredevil","theDuelist:Pumpking","theDuelist:SlateWarrior"],"picked":"theDuelist:DarklordMarie","floor":6},{"not_picked":["theDuelist:FlyingSaucer","theDuelist:AmbitiousGofer","theDuelist:TerraTerrible","theDuelist:GarbageLord"],"picked":"theDuelist:DrivenDaredevil","floor":9},{"not_picked":["theDuelist:DrivenDaredevil","theDuelist:UmbralHorrorUniform","theDuelist:GrossGhost","theDuelist:GoblinKing"],"picked":"theDuelist:BottomlessTrapHole","floor":11},{"not_picked":["theDuelist:DarklordMarie","theDuelist:TerraTerrible","theDuelist:UmbralHorrorUniform","theDuelist:AmbitiousGofer"],"picked":"theDuelist:Lajinn","floor":12},{"not_picked":["theDuelist:HammerShot","theDuelist:PotDichotomy","theDuelist:GreyGreedOni","theDuelist:BattleFootballer"],"picked":"theDuelist:DarkHole","floor":13},{"not_picked":["theDuelist:ClearKuriboh","theDuelist:Hinotama+1","theDuelist:MagicalStone+1","theDuelist:Wiretap"],"picked":"theDuelist:RedMedicine+1","floor":15}],"player_experience":644674,"relics_obtained":[{"floor":6,"key":"halation:BottledLove"},{"floor":7,"key":"theDuelist:ElectricBurst"},{"floor":9,"key":"Odd Mushroom"}],"event_choices":[{"damage_healed":0,"gold_gain":0,"player_choice":"Fought Mushrooms","damage_taken":0,"max_hp_gain":0,"max_hp_loss":0,"event_name":"Mushrooms","floor":9,"gold_loss":0},{"damage_healed":0,"gold_gain":0,"player_choice":"Success","damage_taken":3,"relics_obtained":["Oddly Smooth Stone"],"max_hp_gain":0,"max_hp_loss":0,"event_name":"Scrap Ooze","floor":14,"gold_loss":0}],"is_beta":false,"boss_relics":[],"items_purged_floors":[],"is_endless":false,"potions_floor_spawned":[9,13,15],"killed_by":"DF_ARCHETYPE_STREAMLINE","ascension_level":11}}