{"host":"9gxprskaw0c5jpbt","time":1614388198,"event":{"mods":["AchievementEnabler","BaseMod","Colored Map","Highlight Path","KOR Keyword Fix","Minty Spire (QoL Compilation)","Rare Cards Sparkle","StSLib","SuperFastMode","everything is the same but u backflip on backflip"],"gold_per_floor":[115,131,131,56,28,28,60,60,34,58,58,86,99,99,112,112,186,186,197,197,208,208,228,228,228,228],"floor_reached":25,"language":"KOR","playtime":598,"items_purged":[],"score":468,"play_id":"6477f55c-5048-4e3d-9fda-04ea913451cd","local_time":"20210227100958","is_ascension_mode":true,"campfire_choices":[{"data":"Twin Strike","floor":8.0,"key":"SMITH"},{"data":"Sword Boomerang","floor":11.0,"key":"SMITH"},{"data":"Barricade","floor":14.0,"key":"SMITH"},{"data":"Bash","floor":16.0,"key":"SMITH"},{"floor":24.0,"key":"REST"}],"circlet_count":0,"master_deck":["AscendersBane","Strike_R","Strike_R","Strike_R","Defend_R+1","Defend_R","Defend_R+1","Defend_R","Bash+1","Twin Strike+1","Ghostly Armor","Sword Boomerang+1","Carnage+1","Shrug It Off","Barricade+1","Iron Wave+1","Reckless Charge+1","Immolate+1","True Grit","Writhe","Headbutt+1","Anger+1"],"relics":["Burning Blood","NeowsBlessing","Molten Egg 2","Ancient Tea Set","War Paint","Philosopher\u0027s Stone","Smiling Mask"],"acts_visited":["Exordium","TheCity"],"potions_floor_usage":[],"damage_taken":[{"damage":0.0,"enemies":"Cultist","floor":1.0,"turns":1.0},{"damage":0.0,"enemies":"2 Louse","floor":2.0,"turns":1.0},{"damage":0.0,"enemies":"Lagavulin","floor":7.0,"turns":1.0},{"damage":1.0,"enemies":"Gremlin Nob","floor":12.0,"turns":3.0},{"damage":8.0,"enemies":"Large Slime","floor":13.0,"turns":5.0},{"damage":0.0,"enemies":"Blue Slaver","floor":15.0,"turns":5.0},{"damage":18.0,"enemies":"The Guardian","floor":17.0,"turns":11.0},{"damage":5.0,"enemies":"Spheric Guardian","floor":19.0,"turns":3.0},{"damage":63.0,"enemies":"3 Byrds","floor":21.0,"turns":6.0},{"damage":19.0,"enemies":"Snecko","floor":23.0,"turns":3.0},{"damage":39,"enemies":"Book of Stabbing","floor":25,"turns":4}],"seed_played":"8502561651676805184","potions_obtained":[{"floor":7.0,"key":"AttackPotion"},{"floor":13.0,"key":"Energy Potion"},{"floor":15.0,"key":"SteroidPotion"},{"floor":21.0,"key":"Fruit Juice"}],"is_trial":false,"path_per_floor":["M","M","?","?","$","?","E","R","$","T","R","E","M","R","M","R","B",null,"M","?","M","?","M","R","E"],"character_chosen":"IRONCLAD","items_purchased":["Sword Boomerang","Shrug It Off"],"campfire_rested":1,"item_purchase_floors":[5,9],"current_hp_per_floor":[74,75,75,75,75,68,74,74,74,74,74,75,73,73,75,75,63,72,73,73,21,21,8,32,0,0],"gold":228,"neow_bonus":"THREE_ENEMY_KILL","is_daily":false,"chose_seed":false,"campfire_upgraded":4,"win_rate":0.0,"timestamp":1614388198,"path_taken":["M","?","?","?","$","?","E","R","?","T","R","E","M","R","M","R","BOSS","M","?","M","?","M","R","E"],"items_purchased_type":["Card","Card"],"build_version":"2020-12-22","purchased_purges":0,"victory":false,"max_hp_per_floor":[75,75,75,75,75,75,75,75,75,75,75,75,75,75,75,75,75,75,75,75,80,80,80,80,80,80],"card_choices":[{"not_picked":["Clash","Battle Trance"],"picked":"Twin Strike","floor":1.0},{"not_picked":["Headbutt","Clash"],"picked":"Ghostly Armor","floor":2.0},{"not_picked":["Infernal Blade","Cleave+1"],"picked":"Carnage+1","floor":7.0},{"not_picked":["Feed+1","Clash+1"],"picked":"Barricade","floor":12.0},{"not_picked":["Warcry","True Grit"],"picked":"Iron Wave+1","floor":13.0},{"not_picked":["Inflame","Perfected Strike+1"],"picked":"Reckless Charge+1","floor":15.0},{"not_picked":["Corruption","Exhume"],"picked":"Immolate+1","floor":17.0},{"not_picked":["Perfected Strike+1","Rampage+1"],"picked":"True Grit","floor":19.0},{"not_picked":["Shrug It Off","Twin Strike+1"],"picked":"Headbutt+1","floor":21.0},{"not_picked":["Battle Trance","Heavy Blade+1"],"picked":"Anger+1","floor":23.0}],"player_experience":1002576,"relics_obtained":[{"floor":7.0,"key":"Molten Egg 2"},{"floor":10.0,"key":"Ancient Tea Set"},{"floor":12.0,"key":"War Paint"}],"event_choices":[{"cards_removed":["Strike_R"],"damage_healed":0.0,"max_hp_gain":0.0,"max_hp_loss":0.0,"gold_gain":0.0,"event_name":"The Cleric","player_choice":"Card Removal","floor":4.0,"gold_loss":75.0,"damage_taken":0.0},{"cards_removed":["Strike_R"],"damage_healed":0.0,"max_hp_gain":0.0,"max_hp_loss":0.0,"gold_gain":0.0,"event_name":"Golden Wing","player_choice":"Card Removal","floor":6.0,"gold_loss":0.0,"damage_taken":7.0},{"damage_healed":0.0,"max_hp_gain":0.0,"max_hp_loss":0.0,"gold_gain":0.0,"event_name":"The Mausoleum","player_choice":"Opened","floor":20.0,"gold_loss":0.0,"damage_taken":0.0,"relics_obtained":["Smiling Mask"],"cards_obtained":["Writhe"]},{"damage_healed":0.0,"max_hp_gain":0.0,"max_hp_loss":0.0,"gold_gain":0.0,"event_name":"Cursed Tome","player_choice":"Ignored","floor":22.0,"gold_loss":0.0,"damage_taken":0.0}],"is_beta":false,"boss_relics":[{"not_picked":["Sozu","Busted Crown"],"picked":"Philosopher\u0027s Stone"}],"items_purged_floors":[],"is_endless":false,"potions_floor_spawned":[7,13,15,21],"killed_by":"Book of Stabbing","ascension_level":20}}