{"host":"we8ay8el3o9pwc2d","time":1614413207,"event":{"mods":["Act Like it!","Aspiration","BaseMod","BetterRewards","Colored Map","Conspire","Downfall","Elementarium","GungeonMod","Minty Spire (QoL Compilation)","Reliquary","Robot Space Explorer","Ruina","Spire Arcade","StSLib","The Marked","Waifu the Spire"],"gold_per_floor":[99,99,99,99,99,116,139,170,202,217,246,148,148,160,177,275,275,75,94,107,92,92,107,107,57,67,78,78,78,94,79,94,194,194,94,105,117,217,192,292,317,331,356,370,182,182,182,195,205,205,205,234,42,42,42,42,42,42],"floor_reached":56,"language":"ENG","playtime":6118,"items_purged":["downfall:Aged"],"score":709,"play_id":"e851fabc-0ccd-4e24-a6fc-7c57738d0646","local_time":"20210227010647","is_ascension_mode":false,"campfire_choices":[{"floor":1.0,"key":"RECALL"},{"data":"bronze:Hardcode","floor":18,"key":"SMITH"},{"floor":28,"key":"REST"},{"data":"bronze:Strike","floor":35,"key":"SMITH"},{"data":"bronze:Hardcode","floor":47,"key":"SMITH"},{"floor":54,"key":"REST"}],"circlet_count":0,"master_deck":["bronze:Strike","bronze:Strike","bronze:Strike+1","bronze:Defend","bronze:Defend","bronze:Defend","bronze:Replicate","bronze:Goto","bronze:HardenedForm","bronze:Branch","bronze:Repair","bronze:Shell","bronze:Library","expansioncontent:Hexaburn","bronze:BugBarrage","bronze:ForceShield","bronze:FunctionCard","bronze:WhirlingStrike+1","bronze:Constructor","bronze:Boost","bronze:Overheat+1","bronze:DelayedSlice","bronze:ItsAFeature+1","bronze:ChosenStrike","bronze:MaxOutput","expansioncontent:DashGenerateEvil","Decay","downfall:Haunted","bronze:GetLatest","bronze:Repulsor+1","Parasite","bronze:FunctionCard","bronze:AlphaBuild"],"relics":["bronze:BronzeCore","downfall:HeartsMalice","Bottled Lightning","Du-Vu Doll","aspiration:ChemicalBlood","aspiration:SecretTechniqueScroll","downfall:HeartBlessingRed","downfall:HeartBlessingGreen","reliquary:Aerogel","ruina:FalsePresent","reliquary:ThirdArm","downfall:HeartBlessingBlue","Membership Card","Frozen Egg 2","downfall:ExtraCursedKey","Bag of Marbles","aspiration:HatOfInfinitePower","aspiration:FrozenJewel","Medical Kit","reliquary:RoseTintedGlasses"],"acts_visited":["Exordium","ruina:Briah","TheBeyond","TheEnding"],"potions_floor_usage":[12,16,16,16,19,19,20,20,26,26,27,32,33,36,37,39,48,50,55,55,55,56,56,56],"damage_taken":[{"damage":0.0,"enemies":"conspire:RoseBush","floor":2.0,"turns":1.0},{"damage":0.0,"enemies":"Jaw Worm","floor":3.0,"turns":1.0},{"damage":0.0,"enemies":"2 Louse","floor":5.0,"turns":1.0},{"damage":4.0,"enemies":"Red Slaver","floor":6.0,"turns":2.0},{"damage":16.0,"enemies":"3 Sentries","floor":8.0,"turns":11.0},{"damage":6.0,"enemies":"conspire:MimicChest","floor":9.0,"turns":5.0},{"damage":0.0,"enemies":"conspire:2 RoseBushes","floor":10.0,"turns":5.0},{"damage":0,"enemies":"Gremlin Nob","floor":11,"turns":4},{"damage":2,"enemies":"downfall:FleeingMerchant","floor":12,"turns":4},{"damage":6,"enemies":"downfall:LooterAlt","floor":14,"turns":3},{"damage":15,"enemies":"Exordium Thugs","floor":15,"turns":4},{"damage":11,"enemies":"WA_ARCHETYPE_RETAIN","floor":16,"turns":5},{"damage":36,"enemies":"ruina:3_Bats","floor":19,"turns":6},{"damage":20,"enemies":"ruina:BadWolf","floor":20,"turns":5},{"damage":2,"enemies":"downfall:FleeingMerchant","floor":21,"turns":4},{"damage":18,"enemies":"ruina:3_Scarecrows","floor":23,"turns":4},{"damage":0,"enemies":"ruina:QueenOfHate","floor":26,"turns":4},{"damage":0,"enemies":"ruina:KingOfGreed","floor":27,"turns":4},{"damage":12,"enemies":"ruina:KnightOfDespair","floor":30,"turns":3},{"damage":6,"enemies":"downfall:FleeingMerchant","floor":31,"turns":4},{"damage":13,"enemies":"ruina:QueenOfHate","floor":32,"turns":5},{"damage":41,"enemies":"IC_MUSHROOM_ARCHETYPE","floor":33,"turns":6},{"damage":10,"enemies":"3 Shapes","floor":36,"turns":7},{"damage":0,"enemies":"Orb Walker","floor":37,"turns":4},{"damage":11,"enemies":"downfall:FleeingMerchant","floor":39,"turns":3},{"damage":10,"enemies":"Maw","floor":42,"turns":6},{"damage":7,"enemies":"4 Shapes","floor":44,"turns":4},{"damage":44,"enemies":"Writhing Mass","floor":48,"turns":7},{"damage":0,"enemies":"Sphere and 2 Shapes","floor":49,"turns":2},{"damage":36,"enemies":"DF_ARCHETYPE_ORBS","floor":50,"turns":5},{"damage":25,"enemies":"downfall:CharBossMerchant","floor":52,"turns":6},{"damage":0,"enemies":"downfall:NeowBoss","floor":55,"turns":9},{"damage":82,"enemies":"downfall:NeowBossFinal","floor":56,"turns":5}],"seed_played":"7669206816793749456","potions_obtained":[{"floor":6.0,"key":"EssenceOfSteel"},{"floor":10,"key":"FearPotion"},{"floor":14,"key":"Strength Potion"},{"floor":15,"key":"LiquidBronze"},{"floor":16,"key":"BlessingOfTheForge"},{"floor":23,"key":"AttackPotion"},{"floor":25,"key":"DistilledChaos"},{"floor":26,"key":"ColorlessPotion"},{"floor":32,"key":"Guardian:BlockOnCardUsePotion"},{"floor":36,"key":"Dexterity Potion"},{"floor":37,"key":"PowerPotion"},{"floor":48,"key":"SkillPotion"},{"floor":48,"key":"Energy Potion"},{"floor":49,"key":"Block Potion"},{"floor":52,"key":"Energy Potion"}],"is_trial":false,"path_per_floor":["R","M","M","?","M","M","T","E","?","M","E","$","?","M","M","B",null,"R","M","M","$","?","M","T","?","M","M","R","?","M","$","M","B",null,"R","M","M","?","$","?","T","M","?","M","$","?","R","M","M","B",null,"E","$","R","B","B"],"character_chosen":"THE_AUTOMATON","items_purchased":["expansioncontent:Hexaburn","Membership Card","Frozen Egg 2","expansioncontent:DashGenerateEvil","aspiration:HatOfInfinitePower","bronze:Repulsor+1","Medical Kit","reliquary:RoseTintedGlasses"],"campfire_rested":2,"item_purchase_floors":[12,39,39,39,45,45,53,53],"current_hp_per_floor":[70,70,70,70,70,66,66,57,58,65,65,68,68,69,55,44,70,70,41,28,33,40,22,22,18,25,32,51,51,46,47,41,7,65,75,65,72,72,64,69,69,66,66,66,66,66,66,29,36,7,80,55,55,79,80,0,0,0],"gold":42,"neow_bonus":"THREE_ENEMY_KILL","is_daily":false,"chose_seed":false,"campfire_upgraded":3,"win_rate":0.0,"timestamp":1614413207,"path_taken":["R","M","M","?","M","M","T","E","?","M","E","$","?","M","M","BOSS","R","M","M","$","?","?","T","?","?","M","R","?","M","$","M","BOSS","R","M","M","?","?","?","T","?","?","M","$","?","R","?","M","BOSS","E","$","R","BOSS","BOSS"],"items_purchased_type":["Card","Relic","Relic","Card","Relic","Card","Relic","Relic"],"build_version":"2020-12-22","purchased_purges":1,"victory":false,"max_hp_per_floor":[70,70,70,70,70,70,70,70,70,70,70,70,70,70,70,70,70,70,70,70,70,70,70,70,65,65,65,65,65,65,65,65,65,65,75,75,75,75,75,80,80,80,80,80,80,80,80,80,80,80,80,80,80,80,80,80,80,80],"card_choices":[{"not_picked":["bronze:DelayedSlice","bronze:BugBarrage"],"picked":"bronze:WildBeam","floor":2.0},{"not_picked":["bronze:DelayedSlice","bronze:Separator"],"picked":"bronze:HardenedForm","floor":3.0},{"not_picked":["bronze:Backtrace","bronze:Overheat"],"picked":"bronze:Branch","floor":5.0},{"not_picked":["bronze:CloningBeam","bronze:Turbo"],"picked":"bronze:Repair","floor":6.0},{"not_picked":["bronze:ItsAFeature","bronze:Shield"],"picked":"bronze:OilSpill","floor":8.0},{"not_picked":["bronze:DigitalCarnage","bronze:FineTuning"],"picked":"bronze:Shell","floor":9.0},{"not_picked":["bronze:Refactor","bronze:Turbo","bronze:FineTuning"],"picked":"SKIP","floor":10},{"not_picked":["bronze:Separator","bronze:Shield"],"picked":"bronze:Library","floor":11},{"not_picked":["bronze:Overload","bronze:DelayedGuard"],"picked":"bronze:Iterate","floor":12},{"not_picked":["bronze:Philosophize","bronze:CutThrough"],"picked":"bronze:BugBarrage","floor":14},{"not_picked":["bronze:Backtrace","bronze:Branch"],"picked":"bronze:ForceShield","floor":15},{"not_picked":["bronze:Library","bronze:Mutator"],"picked":"bronze:Hardcode","floor":16},{"not_picked":["bronze:ClassDefault","bronze:CutThrough+1"],"picked":"bronze:WhirlingStrike+1","floor":19},{"not_picked":["bronze:Turbo","bronze:Separator","bronze:Invalidate"],"picked":"SKIP","floor":20},{"not_picked":["bronze:Fortify","bronze:Frontload","bronze:ForceShield"],"picked":"SKIP","floor":21},{"not_picked":["bronze:Branch","bronze:Invalidate+1"],"picked":"bronze:Constructor","floor":23},{"not_picked":["bronze:OilSpill","bronze:ClassDefault"],"picked":"bronze:Boost","floor":26},{"not_picked":["bronze:Turbo+1","bronze:ClassDefault"],"picked":"bronze:Overheat+1","floor":27},{"not_picked":["bronze:Overheat","bronze:BuggyMess+1"],"picked":"bronze:ItsAFeature+1","floor":30},{"not_picked":["bronze:DelayedGuard","bronze:Turbo"],"picked":"bronze:ChosenStrike","floor":31},{"not_picked":["bronze:Shield","bronze:Constructor+1"],"picked":"bronze:MaxOutput","floor":32},{"not_picked":["bronze:Assembly","bronze:FindAndReplace"],"picked":"bronze:Hardcode","floor":33},{"not_picked":["bronze:Safeguard","bronze:Shell+1","bronze:ChosenStrike+1"],"picked":"SKIP","floor":36},{"not_picked":["bronze:Deprecate+1","bronze:Shield+1"],"picked":"bronze:DarkDash+1","floor":37},{"not_picked":["bronze:SpaghettiCode","bronze:Deprecate","bronze:ThunderWave"],"picked":"SKIP","floor":39},{"not_picked":["bronze:Frontload+1","bronze:DelayedGuard","bronze:ItsAFeature+1"],"picked":"SKIP","floor":42},{"not_picked":["bronze:Repair","bronze:CutThrough"],"picked":"bronze:GetLatest","floor":44},{"not_picked":["bronze:WhirlingStrike+1","bronze:Overheat","bronze:Frontload"],"picked":"SKIP","floor":48},{"not_picked":["bronze:DelayedGuard+1","bronze:Philosophize+1"],"picked":"bronze:AlphaBuild","floor":49},{"not_picked":["bronze:Terminator","bronze:WildBeam","bronze:WhirlingStrike"],"picked":"SKIP","floor":52}],"player_experience":2182349,"relics_obtained":[{"floor":8.0,"key":"Bottled Lightning"},{"floor":9.0,"key":"Du-Vu Doll"},{"floor":11,"key":"aspiration:ChemicalBlood"},{"floor":24,"key":"reliquary:Aerogel"},{"floor":41,"key":"Bag of Marbles"},{"floor":52,"key":"aspiration:FrozenJewel"}],"event_choices":[{"cards_removed":["downfall:Aged"],"damage_healed":0,"gold_gain":0,"player_choice":"Card Removal","damage_taken":0,"max_hp_gain":0,"max_hp_loss":0,"event_name":"Wheel of Change","floor":46,"gold_loss":0}],"is_beta":false,"boss_relics":[{"not_picked":["aspiration:SilentSkillbook","SacredBark"],"picked":"aspiration:SecretTechniqueScroll"},{"not_picked":["Coffee Dripper","conspire:SpecialSausage"],"picked":"reliquary:ThirdArm"}],"items_purged_floors":[53],"is_endless":false,"potions_floor_spawned":[6,10,14,15,16,23,26,32,33,37,42,49,52],"killed_by":"downfall:NeowBossFinal","ascension_level":0}}