{"host":"mc5v85iuptizxtr7","time":1614414360,"event":{"mods":["2.2 Compatiblity","Aspiration","Bard","BaseMod","Bestiary","Colored Map","Colored Powertips","Conspire","Curses Come First","Downfall","Duelist Mod","Hermit","Highlight Path","Hubris","Infinite Spire","Jorbs\u0027s Wanderer Trilogy","LagranYue(???·?)","Mad Scientist","Marisa????????","Minty Spire (QoL Compilation)","Permanent Neow","Random Character Button","Relic Stats","Remilia??????","Replay The Spire","StSLib","The Bladedancer","The Bug Knight","The Cursed","The Disciple","The Druid","The Forsaken","The Hierophant","The IronCluck","The Jungle","The Mystic","The Necromancer","The Runesmith","The Servant 0.9.4","The Valiant","The Wild Card","TheBandit","Wandering Minibosses"],"gold_per_floor":[365,365,377,407,432,432,455,455,481,481,517,517,560,584,584,697,697,697,697,328,328,328,328,328,328,328,328,328,173,173,173,173,173,173,173,173,173,173,173,173,173,173,173,173,20,20,20],"floor_reached":46,"language":"DEU","playtime":3888,"items_purged":[],"score":639,"play_id":"5ed10a60-6538-4e1e-8172-f7554f9ddb61","local_time":"20210227092600","is_ascension_mode":true,"campfire_choices":[{"data":"infinitespire:OneForAll","floor":6.0,"key":"SMITH"},{"data":"Combust","floor":8.0,"key":"SMITH"},{"floor":12.0,"key":"REST"},{"floor":15.0,"key":"REST"},{"data":"Juggernaut","floor":24.0,"key":"SMITH"},{"data":"Limit Break","floor":28,"key":"SMITH"},{"data":"Rupture","floor":32,"key":"SMITH"},{"data":"Madness","floor":40,"key":"SMITH"}],"circlet_count":0,"master_deck":["Strike_R","Strike_R","Strike_R","Strike_R","Strike_R","Defend_R","Defend_R","Defend_R","Defend_R","Bash","Combust+1","infinitespire:OneForAll+1","Battle Trance","Rupture","Power Through","Parasite","hubris:StunningStrike","Anger","Berserk","CurseOfTheBell","Heavy Blade","Burning Pact","Rupture+1","Mayhem+1","Inflame+1","Juggernaut+1","Limit Break+1","Evolve","Exhume","Twin Strike+1","Madness","Madness+1","Replay:Undeath\u0027s Touch+1","ReplayTheSpireMod:Muscle Training+1","Warcry+1","Wraith"],"relics":["Burning Blood","LagranYue:RandomDrawCardRelic","Replay:Bandana","Oddly Smooth Stone","Calipers","Torii","Replay:Grab Bag","Honey Jar","Ectoplasm","Calling Bell","HollowMod:PaleOreRelic","infinitespire:BottledMercury","Replay:Towering Pillar of Hats","Orichalcum","HollowMod:PaleOreRelic","infinitespire:Beetle Shell","Thread and Needle","LagranYue:MagicReflectiveArmorRelic","conspire:TopHat","Runic Cube","infinitespire:FocusingShard","Paper Frog","conspire:SlowCooker","ReplayTheSpireMod:Lightbulb","aspiration:TomeofQuesting"],"acts_visited":["Exordium","TheCity","TheBeyond"],"potions_floor_usage":[33,37,39,46],"damage_taken":[{"damage":1.0,"enemies":"2 Louse","floor":1.0,"turns":4.0},{"damage":4.0,"enemies":"Small Slimes","floor":3.0,"turns":3.0},{"damage":21.0,"enemies":"conspire:MimicChest","floor":4.0,"turns":5.0},{"damage":2.0,"enemies":"conspire:RoseBush","floor":5.0,"turns":3.0},{"damage":46.0,"enemies":"Exordium Thugs","floor":7.0,"turns":5.0},{"damage":44.0,"enemies":"HollowMod:MossKnight","floor":11.0,"turns":11.0},{"damage":18.0,"enemies":"Gremlin Nob","floor":13.0,"turns":6.0},{"damage":1.0,"enemies":"Blue Slaver","floor":14.0,"turns":6.0},{"damage":25.0,"enemies":"Hexaghost","floor":16.0,"turns":10.0},{"damage":2.0,"enemies":"Chosen","floor":18.0,"turns":4.0},{"damage":7.0,"enemies":"3 Byrds","floor":19.0,"turns":5.0},{"damage":16.0,"enemies":"Snake Plant","floor":21.0,"turns":4.0},{"damage":23.0,"enemies":"conspire:Head Lice","floor":23.0,"turns":5.0},{"damage":11.0,"enemies":"Book of Stabbing","floor":25.0,"turns":4.0},{"damage":2,"enemies":"theDuelist:KaibaA2","floor":27,"turns":4},{"damage":30,"enemies":"conspire:MysteriousRune","floor":33,"turns":7},{"damage":9,"enemies":"Orb Walker","floor":35,"turns":7},{"damage":28,"enemies":"3 Darklings","floor":37,"turns":5},{"damage":1,"enemies":"Jaw Worm Horde","floor":39,"turns":5},{"damage":34,"enemies":"R_Hoarder","floor":41,"turns":6},{"damage":25,"enemies":"3 Darklings","floor":46,"turns":5}],"seed_played":"-2127940276402181587","potions_obtained":[{"floor":1.0,"key":"Elixir"},{"floor":3.0,"key":"Venom Potion"},{"floor":4.0,"key":"champ:CounterPotion"},{"floor":13.0,"key":"LifebloodPotion"},{"floor":14.0,"key":"SkillPotion"},{"floor":18.0,"key":"GamblersBrew"},{"floor":27,"key":"hexamod:SoulburnPotion"},{"floor":33,"key":"Guardian:BlockOnCardUsePotion"},{"floor":35,"key":"hexamod:SoulburnPotion"},{"floor":37,"key":"Explosive Potion"}],"is_trial":false,"path_per_floor":["M","?","M","?","M","R","M","R","T","?","E","R","E","M","R","B",null,"M","M","$","M","?","E","R","E","T","E","R","$","?","?","R","B",null,"M","?","M","?","M","R","E","AVR","T","?","$","M"],"character_chosen":"IRONCLAD","items_purchased":["Orichalcum","Rupture","Mayhem","conspire:TopHat","aspiration:TomeofQuesting"],"campfire_rested":2,"item_purchase_floors":[20,20,20,29,45],"current_hp_per_floor":[72,77,77,62,66,66,26,26,26,45,7,30,18,23,46,27,77,77,76,76,66,66,49,49,44,44,48,48,48,48,48,48,24,77,74,64,42,42,47,47,19,19,19,19,19,0,0],"gold":20,"neow_bonus":"TWO_FIFTY_GOLD","is_daily":false,"chose_seed":false,"campfire_upgraded":6,"win_rate":0.0,"timestamp":1614414360,"path_taken":["M","?","M","?","?","R","M","R","T","?","E","R","E","M","R","BOSS","M","M","$","M","?","E","R","E","T","E","R","$","?","?","R","BOSS","M","?","M","?","M","R","E","AVR","T","?","?","?"],"items_purchased_type":["Relic","Card","Card","Relic","Relic"],"build_version":"2020-12-22","purchased_purges":0,"victory":false,"max_hp_per_floor":[72,77,77,77,77,77,77,77,77,77,77,77,77,77,77,77,77,77,77,77,77,77,77,77,77,77,77,77,77,77,77,77,77,77,77,77,77,77,77,77,77,77,77,77,77,77,77],"relic_stats":{"Torii":30,"counters":[21,114],"Ectoplasm":473,"Orichalcum":[162],"obtain_stats":[{"infinitespire:BottledMercury":17,"Calipers":11,"LagranYue:RandomDrawCardRelic":0,"Torii":13,"Replay:Towering Pillar of Hats":17,"Replay:Grab Bag":17,"Oddly Smooth Stone":9,"Thread and Needle":26,"aspiration:TomeofQuesting":45,"infinitespire:Beetle Shell":25,"infinitespire:FocusingShard":41,"conspire:SlowCooker":42,"Orichalcum":20,"LagranYue:MagicReflectiveArmorRelic":27,"Burning Blood":0,"conspire:TopHat":29,"Calling Bell":17,"Replay:Bandana":4,"Honey Jar":17,"Ectoplasm":17,"HollowMod:PaleOreRelic":17,"ReplayTheSpireMod:Lightbulb":43,"Runic Cube":34,"Paper Frog":42},{"infinitespire:BottledMercury":9,"Calipers":6,"LagranYue:RandomDrawCardRelic":0,"Torii":7,"Replay:Towering Pillar of Hats":9,"Replay:Grab Bag":9,"Oddly Smooth Stone":5,"Thread and Needle":14,"aspiration:TomeofQuesting":20,"infinitespire:Beetle Shell":14,"infinitespire:FocusingShard":20,"conspire:SlowCooker":20,"Orichalcum":11,"LagranYue:MagicReflectiveArmorRelic":15,"Burning Blood":0,"conspire:TopHat":15,"Calling Bell":9,"Replay:Bandana":3,"Honey Jar":9,"Ectoplasm":9,"HollowMod:PaleOreRelic":9,"ReplayTheSpireMod:Lightbulb":20,"Runic Cube":16,"Paper Frog":20},{"infinitespire:BottledMercury":53,"Calipers":31,"LagranYue:RandomDrawCardRelic":0,"Torii":37,"Replay:Towering Pillar of Hats":53,"Replay:Grab Bag":53,"Oddly Smooth Stone":20,"Thread and Needle":75,"aspiration:TomeofQuesting":109,"infinitespire:Beetle Shell":75,"infinitespire:FocusingShard":109,"conspire:SlowCooker":109,"Orichalcum":62,"LagranYue:MagicReflectiveArmorRelic":79,"Burning Blood":0,"conspire:TopHat":79,"Calling Bell":53,"Replay:Bandana":12,"Honey Jar":53,"Ectoplasm":53,"HollowMod:PaleOreRelic":53,"ReplayTheSpireMod:Lightbulb":109,"Runic Cube":86,"Paper Frog":109}],"Burning Blood":109,"Runic Cube":[14]},"card_choices":[{"not_picked":["Whirlwind","Bloodletting"],"picked":"Combust","floor":1.0},{"not_picked":["Thunderclap","Sever Soul"],"picked":"infinitespire:OneForAll","floor":3.0},{"not_picked":["Armaments","Warcry"],"picked":"Battle Trance","floor":4.0},{"not_picked":["Wild Strike","Blood for Blood"],"picked":"Rupture","floor":5.0},{"not_picked":["ReplayTheSpireMod:Strike From Hell","Iron Wave"],"picked":"Power Through","floor":7.0},{"not_picked":["Double Tap","Cleave"],"picked":"hubris:StunningStrike","floor":11.0},{"not_picked":["Body Slam","Power Through","Thunderclap"],"picked":"SKIP","floor":13.0},{"not_picked":["Cleave","Body Slam"],"picked":"Anger","floor":14.0},{"not_picked":["Corruption","Reaper"],"picked":"Berserk","floor":16.0},{"not_picked":["Clash","Flex","Defy Death"],"picked":"Heavy Blade","floor":18.0},{"not_picked":["Thunderclap+1","Impervious","Searing Blow"],"picked":"Burning Pact","floor":19.0},{"not_picked":["Flex","Armaments","Sword Boomerang"],"picked":"Inflame+1","floor":21.0},{"not_picked":["Thunderclap","Power Through","Havoc"],"picked":"Juggernaut","floor":23.0},{"not_picked":["Replay:Undeath\u0027s Touch","Anger","Blood for Blood"],"picked":"Limit Break","floor":25.0},{"not_picked":["Clash","hubris:SharpeningStone","Burning Pact"],"picked":"Evolve","floor":27},{"not_picked":["Replay:Many Hands","Bludgeon","Fiend Fire"],"picked":"Exhume","floor":33},{"not_picked":["Wild Strike","Replay:Undeath\u0027s Touch","Run Through+1"],"picked":"Twin Strike+1","floor":35},{"not_picked":["Anger","Warcry","Body Slam+1"],"picked":"Replay:Undeath\u0027s Touch+1","floor":37},{"not_picked":["Massacre+1","Battle Trance+1","Inflame+1"],"picked":"ReplayTheSpireMod:Muscle Training+1","floor":39},{"not_picked":["ReplayTheSpireMod:Corrosion Curse","Clash","Cleave+1"],"picked":"Warcry+1","floor":41}],"player_experience":242433,"relics_obtained":[{"floor":4.0,"key":"Replay:Bandana"},{"floor":9.0,"key":"Oddly Smooth Stone"},{"floor":11.0,"key":"Calipers"},{"floor":13.0,"key":"Torii"},{"floor":17.0,"key":"HollowMod:PaleOreRelic"},{"floor":17.0,"key":"infinitespire:BottledMercury"},{"floor":17.0,"key":"Replay:Towering Pillar of Hats"},{"floor":23.0,"key":"HollowMod:PaleOreRelic"},{"floor":25.0,"key":"infinitespire:Beetle Shell"},{"floor":26,"key":"Thread and Needle"},{"floor":27,"key":"LagranYue:MagicReflectiveArmorRelic"},{"floor":41,"key":"infinitespire:FocusingShard"},{"floor":43,"key":"ReplayTheSpireMod:Lightbulb"}],"event_choices":[{"damage_healed":0.0,"max_hp_gain":5.0,"max_hp_loss":0.0,"gold_gain":0.0,"event_name":"Big Fish","player_choice":"Donut","floor":2.0,"gold_loss":0.0,"damage_taken":0.0},{"damage_healed":19.0,"max_hp_gain":0.0,"max_hp_loss":0.0,"gold_gain":0.0,"event_name":"Mushrooms","player_choice":"Healed and dodged fight","floor":10.0,"gold_loss":0.0,"damage_taken":0.0,"cards_obtained":["Parasite"]},{"damage_healed":0,"gold_gain":0,"player_choice":"Ignored","damage_taken":0,"max_hp_gain":0,"max_hp_loss":0,"event_name":"Vampires","floor":31,"gold_loss":0},{"damage_healed":0,"gold_gain":0,"player_choice":"Embrace Madness","damage_taken":10,"max_hp_gain":0,"max_hp_loss":0,"event_name":"Winding Halls","floor":36,"gold_loss":0,"cards_obtained":["Madness","Madness"]},{"damage_healed":0,"gold_gain":0,"player_choice":"Ignored","damage_taken":0,"max_hp_gain":0,"max_hp_loss":0,"event_name":"OrinTheCat","floor":44,"gold_loss":0}],"is_beta":false,"boss_relics":[{"not_picked":["Cursed Key","Replay:Bronze Core"],"picked":"Replay:Grab Bag"},{"not_picked":["Abe\u0027s Treasure","Runic Dome"],"picked":"Honey Jar"},{"not_picked":["conspire:SeveredTorchhead","ReplayTheSpireMod:Onyx Gauntlets"],"picked":"Ectoplasm"},{"not_picked":["conspire:SpecialSausage","Replay:Drink Me"],"picked":"Calling Bell"},{"not_picked":["Pandora\u0027s Box","hubris:HollowSoul"],"picked":"Runic Cube"}],"items_purged_floors":[],"is_endless":false,"potions_floor_spawned":[1,3,4,13,14,18,27,33,35,37],"killed_by":"3 Darklings","ascension_level":1}}