{"host":"3y9j540ftq0by6cq","time":1614402758,"event":{"mods":["BaseMod","CapriCore","Library of Ruina","Library of Ruina Extra","Minty Spire (QoL Compilation)","StSLib"],"gold_per_floor":[119,135,147,208,208,240,253,281,304,319,319,319],"floor_reached":11,"language":"ZHS","playtime":592,"items_purged":[],"score":100,"play_id":"9abb63a3-7857-4f2d-9165-f8c6caf978bc","local_time":"20210227131238","is_ascension_mode":false,"campfire_choices":[],"circlet_count":0,"master_deck":["Dodge","LightDefense","LightAttack","LightAttack","LightDefense","LightDefense","LightDefense","ChargeAndCover","FocusedStrikes","TasteMyFlamingBat","SilentNight","DaringDecision","MultiHit","SharpSwipe","SinglePointStab","ICanCookAnything","SunsetBlade"],"relics":["PageOfLibrarian","Art of War","Odd Mushroom","Centennial Puzzle"],"acts_visited":["Exordium"],"potions_floor_usage":[8,10,11],"damage_taken":[{"damage":0,"enemies":"Cultist","floor":1,"turns":4},{"damage":9,"enemies":"Jaw Worm","floor":2,"turns":3},{"damage":5,"enemies":"2 Louse","floor":3,"turns":2},{"damage":9,"enemies":"3 Sentries","floor":6,"turns":3},{"damage":16,"enemies":"Large Slime","floor":7,"turns":3},{"damage":12,"enemies":"The Mushroom Lair","floor":8,"turns":3},{"damage":0,"enemies":"3 Louse","floor":10,"turns":1},{"damage":22,"enemies":"Lagavulin","floor":11,"turns":3}],"seed_played":"-1020705601369741011","potions_obtained":[{"floor":3,"key":"AttackPotion"},{"floor":8,"key":"Weak Potion"},{"floor":10,"key":"Fruit Juice"}],"is_trial":false,"path_per_floor":["M","M","M","?","?","E","M","?","T","M","E"],"character_chosen":"Librarian","items_purchased":[],"campfire_rested":0,"item_purchase_floors":[],"current_hp_per_floor":[60,51,46,46,46,37,21,9,9,14,0,0],"gold":319,"neow_bonus":"TRANSFORM_CARD","is_daily":false,"chose_seed":false,"campfire_upgraded":0,"win_rate":0.0,"timestamp":1614402758,"path_taken":["M","?","M","?","?","E","M","?","T","M","E"],"items_purchased_type":[],"build_version":"2020-12-22","purchased_purges":0,"victory":false,"max_hp_per_floor":[70,70,70,70,70,70,70,70,70,75,75,75],"card_choices":[{"not_picked":["Thrust","Multislash","LoosenUp","StrongStrike","DefenseOrder","Execute_lor","StructuralAnalysis","FleetEdge"],"picked":"TasteMyFlamingBat","floor":1},{"not_picked":["ViolentFlame","GuardingStance","FierceCharge","Track","DefenseOrder","FleetFootsteps","BiAn","Unlock1"],"picked":"SilentNight","floor":2},{"not_picked":["AsThePrescriptOrders","UnavoidableGaze","EndlessBattle","PinpointShot","UpbeatPerformance","PreemptiveStrike","GreatSerpentsImpact","Pound"],"picked":"DaringDecision","floor":3},{"not_picked":["BalefulBrand","StrongStrike","GuidanceOfTheGears","EnergyStrike","NightInTheBackstreets","GreatSerpentsImpact","HandlingWork","GaleKick"],"picked":"SharpSwipe","floor":6},{"not_picked":["Thrust","Outburst","FleshFillet","HighKick","SetFire","ICanCookAnything","LawAndOrder","QuickAttack"],"picked":"SinglePointStab","floor":7},{"not_picked":["SmokingPipe","RhinoRam","AutomatedMovement","WrathOfTorment","TraceOfFumes","Thrust","DesperateStruggle","Parry"],"picked":"ICanCookAnything","floor":8},{"not_picked":["StrongStrike","Rewind","ReadyUp","Execute_lor","HighKick","Pound","Thrust","RhinoRam"],"picked":"SunsetBlade","floor":10}],"player_experience":90069,"relics_obtained":[{"floor":6,"key":"Art of War"},{"floor":8,"key":"Odd Mushroom"},{"floor":9,"key":"Centennial Puzzle"}],"event_choices":[{"damage_healed":0,"gold_gain":61,"player_choice":"Gained Gold","damage_taken":0,"max_hp_gain":0,"max_hp_loss":0,"event_name":"Golden Wing","floor":4,"gold_loss":0},{"damage_healed":0,"gold_gain":0,"cards_transformed":["MindCrush"],"player_choice":"Change","damage_taken":0,"max_hp_gain":0,"max_hp_loss":0,"event_name":"Living Wall","floor":5,"gold_loss":0,"cards_obtained":["MultiHit"]},{"damage_healed":0,"gold_gain":0,"player_choice":"Fought Mushrooms","damage_taken":0,"max_hp_gain":0,"max_hp_loss":0,"event_name":"Mushrooms","floor":8,"gold_loss":0}],"is_beta":false,"boss_relics":[],"items_purged_floors":[],"is_endless":false,"potions_floor_spawned":[3,8,10],"killed_by":"Lagavulin","ascension_level":0}}