{"host":"d02vqrhhew441p6s","time":1614400527,"event":{"mods":["BaseMod","Downfall","Duelist Mod","Halation","Infinite Spire","Minty Spire (QoL Compilation)","StSLib"],"gold_per_floor":[125,125,125,23,23,23,23,23,38,55,89,89,100,100,118,215,215,115,130,130,130],"floor_reached":20,"language":"ENG","playtime":732,"items_purged":[],"score":264,"play_id":"24dababa-f367-4f56-a63b-2ed77ca033dc","local_time":"20210227053527","is_ascension_mode":true,"campfire_choices":[{"floor":1,"key":"RECALL"},{"data":"theDuelist:HuntingInstinct","floor":8,"key":"SMITH"},{"data":"theDuelist:NaturiaGuardian","floor":12,"key":"SMITH"},{"data":"theDuelist:SeedSacredTree","floor":18,"key":"SMITH"}],"circlet_count":0,"master_deck":["AscendersBane","theDuelist:CastleWalls","theDuelist:CastleWalls","theDuelist:CastleWalls","theDuelist:NaturiaBeast","theDuelist:NaturiaCliff","theDuelist:NaturiaRock","theDuelist:NaturiaTulip","theDuelist:Sparks","theDuelist:Sparks","theDuelist:Sparks","theDuelist:LonefireBlossom","theDuelist:NaturiaEggplant","theDuelist:NaturiaMarron","theDuelist:NaturiaGuardian+1","theDuelist:HuntingInstinct+1","theDuelist:NaturiaPineapple","theDuelist:Polymerization","theDuelist:NaturiaStinkbug","theDuelist:SeedSacredTree+1","theDuelist:NaturiaEggplant","theDuelist:HuntingInstinct+1","theDuelist:NaturalDisaster+1"],"relics":["theDuelist:MillenniumPuzzle","theDuelist:CardPoolRelic","theDuelist:CardPoolBasicRelic","theDuelist:BoosterPackPoolRelic","theDuelist:CardPoolAddRelic","theDuelist:CardPoolMinusRelic","theDuelist:CardPoolSaveRelic","theDuelist:CardPoolOptionsRelic","downfall:HeartsMalice","theDuelist:MillenniumArmor","Blue Candle","theDuelist:BoosterPackTrapEgg","Smiling Mask","SlaversCollar","downfall:HeartBlessingRed"],"acts_visited":["Exordium","TheCity"],"potions_floor_usage":[11,13,20],"damage_taken":[{"damage":0,"enemies":"downfall:FleeingMerchant","floor":4,"turns":1},{"damage":0,"enemies":"Small Slimes","floor":5,"turns":1},{"damage":0,"enemies":"Jaw Worm","floor":6,"turns":1},{"damage":0,"enemies":"2 Louse","floor":9,"turns":3},{"damage":5,"enemies":"downfall:LooterAlt","floor":10,"turns":3},{"damage":29,"enemies":"Gremlin Nob","floor":11,"turns":5},{"damage":0,"enemies":"Gremlin Gang","floor":13,"turns":3},{"damage":0,"enemies":"Blue Slaver","floor":15,"turns":3},{"damage":25,"enemies":"DF_ARCHETYPE_STREAMLINE","floor":16,"turns":8},{"damage":29,"enemies":"3 Byrds","floor":19,"turns":4},{"damage":43,"enemies":"3 Byrds","floor":20,"turns":6}],"seed_played":"-922684346918165844","potions_obtained":[{"floor":10,"key":"EssenceOfSteel"},{"floor":11,"key":"LiquidBronze"},{"floor":13,"key":"theDuelist:WhiteBottle"},{"floor":19,"key":"theDuelist:WhiteBottle"}],"is_trial":false,"path_per_floor":["R","?","?","$","M","M","T","R","M","M","E","R","M","?","M","B",null,"R","M","?"],"character_chosen":"THE_DUELIST","items_purchased":["theDuelist:NaturiaEggplant","theDuelist:NaturiaMarron"],"campfire_rested":0,"item_purchase_floors":[4,4],"current_hp_per_floor":[72,66,61,61,61,61,61,61,61,56,27,27,27,27,27,2,61,61,32,0,0],"gold":130,"neow_bonus":"THREE_ENEMY_KILL","is_daily":false,"chose_seed":false,"campfire_upgraded":3,"win_rate":0.0,"timestamp":1614400527,"path_taken":["R","?","?","?","M","M","T","R","M","M","E","R","M","?","M","BOSS","R","M","?"],"items_purchased_type":["Card","Card"],"build_version":"2020-12-22","purchased_purges":0,"victory":false,"max_hp_per_floor":[80,80,80,80,80,80,80,80,80,80,80,80,80,80,80,80,80,80,80,80,80],"card_choices":[{"not_picked":["theDuelist:NaturiaHydrangea","theDuelist:NaturiaCliff","theDuelist:Spore","theDuelist:SangaEarth"],"picked":"theDuelist:LonefireBlossom","floor":4},{"not_picked":["theDuelist:NaturiaCliff","theDuelist:FossilDig","theDuelist:NaturiaRock","theDuelist:NaturiaTulip"],"picked":"theDuelist:NaturiaGuardian","floor":5},{"not_picked":["theDuelist:NaturiaForest","theDuelist:Canyon","theDuelist:Wildfire","theDuelist:HeartUnderdog"],"picked":"theDuelist:HuntingInstinct","floor":6},{"not_picked":["theDuelist:Pollinosis+1","theDuelist:SpacetimeTranscendence","theDuelist:DigitalBug","theDuelist:NaturiaPumpkin"],"picked":"theDuelist:NaturiaPineapple","floor":9},{"not_picked":["theDuelist:MudragonSwamp","theDuelist:BigEye","theDuelist:WingedKuriboh","theDuelist:PotAvarice"],"picked":"theDuelist:Polymerization","floor":10},{"not_picked":["theDuelist:NaturiaDragonfly","theDuelist:NaturiaRock","theDuelist:NaturiaMantis","theDuelist:NaturiaLadybug"],"picked":"theDuelist:NaturiaStinkbug","floor":11},{"not_picked":["theDuelist:NaturiaHydrangea","theDuelist:NaturiaEggplant","theDuelist:NaturiaAntjaw","theDuelist:LonefireBlossom"],"picked":"theDuelist:SeedSacredTree","floor":13},{"not_picked":["theDuelist:NaturiaAntjaw","theDuelist:NaturiaMarron","theDuelist:FossilDig","theDuelist:NaturiaMantis"],"picked":"theDuelist:NaturiaEggplant","floor":15},{"not_picked":["theDuelist:NaturiaForest","theDuelist:NaturiaBarkion","theDuelist:Canyon","theDuelist:MultiplicationOfAnts"],"picked":"theDuelist:HuntingInstinct+1","floor":16},{"not_picked":["theDuelist:NaturiaLeodrake+1","theDuelist:LairWire+1","theDuelist:Canyon+1","theDuelist:HeartUnderdog+1"],"picked":"theDuelist:NaturalDisaster+1","floor":19}],"player_experience":648946,"relics_obtained":[{"floor":7,"key":"theDuelist:BoosterPackTrapEgg"},{"floor":11,"key":"Smiling Mask"}],"event_choices":[{"damage_healed":0,"gold_gain":0,"player_choice":"Dig - random Duelist relic","duelist":true,"damage_taken":0,"max_hp_gain":0,"max_hp_loss":0,"event_name":"Aknamkanon\u0027s Tomb","floor":2,"gold_loss":0},{"damage_healed":0,"gold_gain":0,"player_choice":"Leave","duelist":true,"damage_taken":0,"max_hp_gain":0,"max_hp_loss":0,"event_name":"Egyptian Village","floor":14,"gold_loss":0},{"damage_healed":0,"gold_gain":0,"player_choice":"Fight","duelist":true,"damage_taken":0,"max_hp_gain":0,"max_hp_loss":0,"event_name":"Battle City","floor":20,"gold_loss":0}],"is_beta":false,"boss_relics":[{"not_picked":["bronze:MakeshiftBattery","HoveringKite"],"picked":"SlaversCollar"}],"items_purged_floors":[],"is_endless":false,"potions_floor_spawned":[10,11,13,19],"killed_by":"3 Byrds","ascension_level":11}}