{"host":"wcyug7cygi9jm86d","time":1614455329,"event":{"mods":["2.2 Compatiblity","AchievementEnabler","Act Like it!","BaseMod","Beaked The Cultist","Colored Map","Conspire","Custom Start","Downfall","GifTheSpireLib","Googly Eyes","Gremlin Mod","Hermit","Hubris","Infinite Spire","JesterMod","Library of Ruina","Library of Ruina Extra","Lobotomy","LobotomyExtend","Marisa????????","Minty Spire (QoL Compilation)","Prisma Mod","READ ME - Guardian Mod","Rare Cards Sparkle","Remilia??????","Replay The Spire","Ruina","StSLib","Stuff the Spire","Td1madao Mod","The Animator","The Blackbeard","The Bug Knight","The Construct","The Cursed","The Disciple","The Hierophant","The Jungle","The Necromancer","The Poker Player","The Runesmith","The Servant 0.9.4","WarShipGirlsR/????R mod"],"gold_per_floor":[117,117,134,146,146,146,161,161,161,175,175,209,209,40,40,137,137,148,162,162,162,162],"floor_reached":21,"language":"ENG","playtime":1280,"items_purged":[],"score":179,"play_id":"ae4ff541-a417-43b0-abd8-73c0dd5593ec","local_time":"20210227194849","is_ascension_mode":false,"campfire_choices":[{"data":"Gremlin:TagTeam","floor":6,"key":"SMITH"},{"data":"Gremlin:PinNeedle","floor":8,"key":"SMITH"},{"data":"Gremlin:Enthusiasm","floor":11,"key":"SMITH"},{"data":"Gremlin:InfiniteBlocks","floor":15,"key":"SMITH"}],"circlet_count":0,"master_deck":["Gremlin:Strike","Gremlin:Strike","Gremlin:Strike","Gremlin:Strike","Gremlin:Defend","Gremlin:Defend","Gremlin:Defend","Gremlin:Defend","Gremlin:TagTeam+1","Gremlin:GremlinDance+1","Gremlin:PinNeedle+1","Gremlin:Presto+1","Gremlin:Presto","Gremlin:BulkUp","Gremlin:ToeStub","Gremlin:Enthusiasm+1","Gremlin:InfiniteBlocks+1","Gremlin:ShowStopper+1","Gremlin:Polish","Gremlin:FlipOut","Gremlin:GremlinMeal","Gremlin:Kablamo"],"relics":["Gremlin:GremlinKnob","LetterFromLob","Whetstone","conspire:SeveredTorchhead","Frozen Eye"],"acts_visited":["Exordium","Exordium"],"potions_floor_usage":[],"damage_taken":[{"damage":1,"enemies":"2 Louse","floor":1,"turns":2},{"damage":1,"enemies":"Jaw Worm","floor":3,"turns":2},{"damage":1,"enemies":"Cultist","floor":4,"turns":3},{"damage":11,"enemies":"Blue Slaver","floor":7,"turns":3},{"damage":0,"enemies":"Exordium Wildlife","floor":10,"turns":5},{"damage":6,"enemies":"3 Sentries","floor":12,"turns":8},{"damage":43,"enemies":"Fading Forest","floor":16,"turns":11},{"damage":22,"enemies":"ruina:Nosferatu","floor":18,"turns":6},{"damage":52,"enemies":"ruina:BadWolf","floor":19,"turns":7},{"damage":18,"enemies":"ruina:3_Scarecrows","floor":21,"turns":1}],"seed_played":"-6086437627352810517","potions_obtained":[{"floor":5,"key":"DuplicationPotion"},{"floor":5,"key":"AttackPotion"},{"floor":5,"key":"Languid Potion"}],"is_trial":false,"path_per_floor":["M","?","M","M","?","R","M","R","T","M","R","E","?","$","R","B",null,"M","M","?","M"],"character_chosen":"GREMLIN","items_purchased":["Gremlin:ShowStopper+1","Gremlin:Polish"],"campfire_rested":0,"item_purchase_floors":[14,14],"current_hp_per_floor":[20,20,19,18,18,18,8,8,8,20,20,6,6,6,6,16,20,20,3,3,0,0],"gold":162,"neow_bonus":"THREE_CARDS","is_daily":false,"chose_seed":false,"campfire_upgraded":4,"win_rate":0.0,"timestamp":1614455329,"path_taken":["M","?","M","M","?","R","?","R","T","M","R","E","?","?","R","BOSS","M","M","?","M"],"items_purchased_type":["Card","Card"],"build_version":"2020-12-22","purchased_purges":0,"victory":false,"max_hp_per_floor":[20,20,20,20,20,20,20,20,20,20,20,20,20,20,20,20,20,20,20,20,20,20],"card_choices":[{"not_picked":["Gremlin:FollowThrough","Gremlin:Pretaliation"],"picked":"Gremlin:PinNeedle","floor":0},{"not_picked":["Gremlin:Kablamo","Gremlin:PinNeedle"],"picked":"Gremlin:Presto","floor":1},{"not_picked":["Gremlin:Pretaliation","Gremlin:Irritability"],"picked":"Gremlin:Presto","floor":3},{"not_picked":["Gremlin:Tadah","Gremlin:Mockery"],"picked":"Gremlin:BulkUp","floor":4},{"not_picked":["Gremlin:Presto","Gremlin:BrokenShin"],"picked":"Gremlin:ToeStub","floor":7},{"not_picked":["Gremlin:Changeo","Gremlin:ProperTools"],"picked":"Gremlin:Enthusiasm","floor":10},{"not_picked":["Gremlin:ShadowShiv","Gremlin:GremlinMeal"],"picked":"Gremlin:InfiniteBlocks","floor":12},{"not_picked":["Gremlin:ShadowShiv","Gremlin:Erupt"],"picked":"Gremlin:FlipOut","floor":16},{"not_picked":["Gremlin:IrksomeBlow+1","Gremlin:BurlyBlow"],"picked":"Gremlin:GremlinMeal","floor":18},{"not_picked":["Gremlin:PartyStick","Gremlin:Jeer"],"picked":"Gremlin:Kablamo","floor":19}],"player_experience":366824,"relics_obtained":[{"floor":1,"key":"LetterFromLob"},{"floor":12,"key":"Whetstone"}],"event_choices":[{"damage_healed":0,"gold_gain":0,"player_choice":"Got Potions","damage_taken":0,"max_hp_gain":0,"max_hp_loss":0,"event_name":"Lab","floor":5,"gold_loss":0}],"is_beta":false,"boss_relics":[{"not_picked":["Busted Crown","ReplayTheSpireMod:DimensionalGlitch"],"picked":"conspire:SeveredTorchhead"}],"items_purged_floors":[],"is_endless":false,"potions_floor_spawned":[7,16],"killed_by":"ruina:3_Scarecrows","ascension_level":0}}