{"host":"ovrsgtrqs2noafxn","time":1614433440,"event":{"mods":["BaseMod","Hermit","Minty Spire (QoL Compilation)","Reliquary","Replay The Spire","StSLib","The Gatherer"],"gold_per_floor":[118,67,242,242,192,192,43,4,30,49,50,61,90,102,102,98,98,117,117,136,51,101,101,146,146,146],"floor_reached":24,"language":"RUS","playtime":1741,"items_purged":[],"score":192,"play_id":"22c3836a-2e14-4792-ad3e-0f69837dae19","local_time":"20210227164400","is_ascension_mode":false,"metric_token":480,"campfire_choices":[{"data":"Searing Blow","floor":6,"key":"SMITH"},{"floor":15,"key":"REST"},{"data":"Searing Blow+1","floor":23,"key":"SMITH"},{"data":"Gatherer:FlowerBeam+1","floor":23,"key":"SMITH"}],"circlet_count":0,"master_deck":["Gatherer:Centralize","Gatherer:FlowerWhip+2","Gatherer:Duality","Gatherer:Pollute","Gatherer:FlowerShield+2","Searing Blow+2","Gatherer:Pollute","Gatherer:BalancedGrowth","ReplayTheSpireMod:IOU","Gatherer:AcidicSpray","Gatherer:Nutrients","Gatherer:Overflowing","Gatherer:TacticalStrike","Gatherer:Solidify","Gatherer:CollectorsShot","Gatherer:FlowerBeam+2","Gatherer:SealedBomb","Gatherer:DrugPower","Gatherer:PoisonMastery","Gatherer:BlackTea","Gatherer:Enchant","Gatherer:ScherryThrow","Gatherer:Nutrients","Gatherer:CollectorsShot","Looming Evil"],"relics":["Membership Card","Replay:Wax Seal","reliquary:PartyBalloon","Replay:Arrowhead","Singing Bowl","Replay:Grab Bag","Cursed Key","reliquary:KinkedSpring","Pandora\u0027s Box","reliquary:Aerogel","Ring of Greed","MealTicket","Golden Idol","ReplayTheSpireMod:Ring of Challenge"],"acts_visited":["Exordium","TheCity"],"potions_floor_usage":[16,16],"damage_taken":[{"damage":0,"enemies":"Cultist","floor":1,"turns":3},{"damage":11,"enemies":"Jaw Worm","floor":10,"turns":2},{"damage":5,"enemies":"2 Louse","floor":12,"turns":3},{"damage":16,"enemies":"Replay:BlueRogue","floor":13,"turns":7},{"damage":15,"enemies":"Looter","floor":14,"turns":3},{"damage":32,"enemies":"Fading Forest","floor":16,"turns":11},{"damage":10,"enemies":"Chosen","floor":18,"turns":3},{"damage":10,"enemies":"2 Thieves","floor":20,"turns":3},{"damage":65,"enemies":"Slavers","floor":24,"turns":4}],"seed_played":"5940508312335101240","potions_obtained":[{"floor":13,"key":"Cursed Concoction"},{"floor":14,"key":"Explosive Potion"},{"floor":18,"key":"LifebloodPotion"}],"is_trial":false,"path_per_floor":["M","$","?","?","?","R","$","$","T","M","$","M","E","M","R","B",null,"M","$","M","?","?","R","E"],"character_chosen":"THE_GATHERER","items_purchased":["Gatherer:FlowerShield","Membership Card","Replay:Wax Seal","Gatherer:BalancedGrowth","Replay:Arrowhead","Gatherer:AcidicSpray"],"campfire_rested":1,"item_purchase_floors":[2,7,8,11,11,11],"current_hp_per_floor":[72,72,72,72,72,72,72,72,72,61,61,56,42,29,51,29,76,66,66,56,56,56,56,0,0,0],"gold":146,"neow_bonus":"THREE_CARDS","is_daily":false,"chose_seed":false,"campfire_upgraded":3,"win_rate":0.0,"timestamp":1614433440,"path_taken":["M","?","?","?","?","R","?","$","T","M","$","M","E","M","R","BOSS","M","$","M","?","?","R","E"],"items_purchased_type":["Card","Relic","Relic","Card","Relic","Card"],"build_version":"2020-12-22","purchased_purges":0,"victory":false,"max_hp_per_floor":[72,72,72,72,72,72,72,72,72,72,72,72,74,76,76,76,76,76,76,76,76,76,76,76,76,76],"card_choices":[{"not_picked":["Gatherer:DrugPower","Gatherer:QuickSynthesis"],"picked":"Gatherer:Duality","floor":0},{"not_picked":["Gatherer:DrugPower","Gatherer:VenomBarrier"],"picked":"Gatherer:Pollute","floor":1},{"not_picked":["Gatherer:RottenStipe","Gatherer:GatherMaterial"],"picked":"Gatherer:Pollute","floor":10},{"not_picked":["Gatherer:Convert","Gatherer:PotentialSlash"],"picked":"Gatherer:Nutrients","floor":12},{"not_picked":["Gatherer:AromaProtection","Gatherer:Solidify","Gatherer:CarefulStrike"],"picked":"Singing Bowl","floor":13},{"not_picked":["Gatherer:EnergyBasket","Gatherer:QuickSynthesis","Gatherer:Convert"],"picked":"Singing Bowl","floor":14},{"not_picked":["Gatherer:Photoscythe","Gatherer:FinishingStrike"],"picked":"Gatherer:Overflowing","floor":16},{"not_picked":["Gatherer:Convert+1","Gatherer:TacticalStrike"],"picked":"Gatherer:Nutrients","floor":18},{"not_picked":["Gatherer:ScherryThrow","Gatherer:TreeGrowth"],"picked":"Gatherer:CollectorsShot","floor":20}],"player_experience":368952,"relics_obtained":[{"floor":9,"key":"reliquary:PartyBalloon"},{"floor":13,"key":"Singing Bowl"},{"floor":22,"key":"Ring of Greed"},{"floor":22,"key":"MealTicket"},{"floor":22,"key":"Golden Idol"},{"floor":22,"key":"ReplayTheSpireMod:Ring of Challenge"}],"event_choices":[{"damage_healed":0,"gold_gain":175,"player_choice":"AGREE","damage_taken":0,"max_hp_gain":0,"max_hp_loss":0,"event_name":"Liars Game","floor":3,"gold_loss":0,"cards_obtained":["Doubt"]},{"cards_removed":["Doubt"],"damage_healed":0,"gold_gain":0,"player_choice":"Card Removal","damage_taken":0,"max_hp_gain":0,"max_hp_loss":0,"event_name":"The Cleric","floor":5,"gold_loss":50},{"damage_healed":0,"gold_gain":0,"player_choice":"Obtained Relic","damage_taken":0,"relics_obtained":["reliquary:Aerogel"],"max_hp_gain":0,"max_hp_loss":0,"event_name":"Addict","floor":21,"gold_loss":85}],"is_beta":false,"boss_relics":[{"not_picked":["Ring of Chaos","Astrolabe"],"picked":"Replay:Grab Bag"},{"not_picked":["Ectoplasm","Busted Crown"],"picked":"Cursed Key"},{"not_picked":["Gatherer:ExplorersPath","Philosopher\u0027s Stone"],"picked":"reliquary:KinkedSpring"},{"not_picked":["SacredBark","reliquary:ThirdArm"],"picked":"Pandora\u0027s Box"}],"items_purged_floors":[],"is_endless":false,"potions_floor_spawned":[13,14,18],"killed_by":"Slavers","ascension_level":0}}