{"host":"wt1ojx2h5hghbo8e","time":1614428502,"event":{"mods":["BaseMod","Better Note","Colored Powertips","Hermit","Highlight Path","Library of Ruina","Minty Spire (QoL Compilation)","StSLib","The Servant 0.9.4"],"gold_per_floor":[112,58,68,143,159,159,185,204,204,204,49,61,71,83,83,83,83],"floor_reached":16,"language":"ENG","playtime":600,"items_purged":["FocusedStrikes"],"score":119,"play_id":"402cdc50-f134-4458-80ae-245a501f4f4b","local_time":"20210227232142","is_ascension_mode":false,"campfire_choices":[{"data":"HandlingWork","floor":6,"key":"SMITH"},{"floor":15,"key":"REST"}],"circlet_count":0,"master_deck":["Dodge","LightDefense","LightAttack","LightAttack","LightAttack","LightDefense","LightDefense","LightDefense","ChargeAndCover","Cruelty","PinpointShot","TendonChords","ViolentFlame","HandlingWork+1","QuickSuppression","UndertakePrescript","Panacea","HandleRequest","ViolentFlame","SnakesPrey","Quickness","RatsGuideToSurvival"],"relics":["PageOfLibrarian","Juzu Bracelet","Gremlin Horn"],"acts_visited":["Exordium"],"potions_floor_usage":[],"damage_taken":[{"damage":5,"enemies":"Small Slimes","floor":1,"turns":3},{"damage":6,"enemies":"Jaw Worm","floor":3,"turns":3},{"damage":1,"enemies":"Cultist","floor":5,"turns":3},{"damage":1,"enemies":"2 Fungi Beasts","floor":8,"turns":3},{"damage":0,"enemies":"Large Slime","floor":12,"turns":3},{"damage":14,"enemies":"Gremlin Gang","floor":13,"turns":3},{"damage":19,"enemies":"Blue Slaver","floor":14,"turns":4},{"damage":47,"enemies":"The Guardian","floor":16,"turns":5}],"seed_played":"3310188433384233161","potions_obtained":[{"floor":5,"key":"ColorlessPotion"},{"floor":12,"key":"LiquidBronze"},{"floor":13,"key":"Weak Potion"}],"is_trial":false,"path_per_floor":["M","$","M","?","M","R","T","M","T","?","$","M","M","M","R","B"],"character_chosen":"Librarian","items_purchased":["TendonChords","HandleRequest","ViolentFlame"],"campfire_rested":1,"item_purchase_floors":[2,11,11],"current_hp_per_floor":[55,55,54,43,44,44,44,46,46,46,46,49,38,19,45,0,0],"gold":83,"neow_bonus":"ONE_RANDOM_RARE_CARD","is_daily":false,"chose_seed":false,"campfire_upgraded":1,"win_rate":0.0,"timestamp":1614428502,"path_taken":["M","$","M","?","M","R","?","M","T","?","?","M","M","M","R","BOSS"],"items_purchased_type":["Card","Card","Card"],"build_version":"2020-12-22","purchased_purges":1,"victory":false,"max_hp_per_floor":[67,67,89,89,79,89,89,89,89,89,89,62,62,62,89,89,89],"card_choices":[{"not_picked":["SinglePointStab","Diversion","Clone","TimeForALittleTest","ViolentFlame","ToOvercomeCrisis","Thrust","ScratchThat"],"picked":"PinpointShot","floor":1},{"not_picked":["CutIn","Multislash","WillBeTasty","MultiBlock","SinglePointStab","TendonChords","HiddenBlade","Wallop_lor"],"picked":"ViolentFlame","floor":3},{"not_picked":["Pound","Leap_lor","Outburst","CombatPreparation","BlowItUp","MultiBlock","GreatSerpentsImpact","GrazeTheGrass"],"picked":"HandlingWork","floor":5},{"not_picked":["CutIn","EnergyStrike","Pound","Thrust","AGoldenOpportunity","EnergyShield","EndlessBattle","FrontalAssault"],"picked":"QuickSuppression","floor":8},{"not_picked":["VenomousFangs","StrikeDown","DefenseOrder","GrazeTheGrass","BlindFaith","AsThePrescriptOrders","MultiHit","YoureAHindrance"],"picked":"SnakesPrey","floor":12},{"not_picked":["Wallop_lor","YouOnlyLiveOnce","Laceration","RepressedFlesh","SuppressingShot","PreemptiveStrike","IllEndYou","UnavoidableGaze"],"picked":"Quickness","floor":13},{"not_picked":["BiXi","ElectricShock","Rampage_lor","DefenseOrder","FlamingDragonFist","RhinoRam","FleetEdge","PreemptiveStrike"],"picked":"RatsGuideToSurvival","floor":14}],"player_experience":94872,"relics_obtained":[{"floor":7,"key":"Juzu Bracelet"},{"floor":9,"key":"Gremlin Horn"}],"event_choices":[{"damage_healed":0,"gold_gain":75,"player_choice":"Gather Gold","damage_taken":11,"max_hp_gain":0,"max_hp_loss":0,"event_name":"World of Goop","floor":4,"gold_loss":0},{"damage_healed":0,"gold_gain":0,"player_choice":"2 cards matched","damage_taken":0,"max_hp_gain":0,"max_hp_loss":0,"event_name":"Match and Keep!","floor":10,"gold_loss":0,"cards_obtained":["UndertakePrescript","Panacea"]}],"is_beta":false,"boss_relics":[],"items_purged_floors":[11],"is_endless":false,"potions_floor_spawned":[5,12,13],"killed_by":"The Guardian","ascension_level":0}}