{"host":"yx5rao87132cy5xq","time":1614461136,"event":{"mods":["2.2 Compatiblity","AchievementEnabler","BaseMod","Bestiary","Colored Map","Colored Powertips","Highlight Path","Minty Spire (QoL Compilation)","Quick Restart","Relic Stats","Slay-I","SuperFastMode"],"gold_per_floor":[119,138,90,90,90,122,122,152,152,178,188,200,217,279,279,384,384,402,417,417,417,417],"floor_reached":21,"language":"ENG","playtime":2592,"items_purged":[],"score":325,"play_id":"1db99973-9de2-4820-a376-2c008d864384","local_time":"20210227222536","is_ascension_mode":true,"campfire_choices":[{"data":"Neutralize","floor":7.0,"key":"SMITH"},{"floor":15.0,"key":"REST"}],"circlet_count":0,"master_deck":["Strike_G","Strike_G","Strike_G","Defend_G","Defend_G","Defend_G","Defend_G","Survivor","Neutralize+1","Dagger Throw","Slice","Finisher","Terror","Poisoned Stab","Leg Sweep","Blade Dance","Blur","PiercingWail","Envenom+1","Tactician+1","Envenom+1","Tools of the Trade+1","Flechettes"],"relics":["Ring of the Snake","NeowsBlessing","Frozen Egg 2","Blue Candle","Dream Catcher","Nunchaku","Kunai","Astrolabe"],"acts_visited":["Exordium","TheCity"],"potions_floor_usage":[],"damage_taken":[{"damage":0.0,"enemies":"Jaw Worm","floor":1.0,"turns":1.0},{"damage":0.0,"enemies":"2 Louse","floor":2.0,"turns":1.0},{"damage":0.0,"enemies":"3 Sentries","floor":6.0,"turns":1.0},{"damage":12.0,"enemies":"Lagavulin","floor":8.0,"turns":5.0},{"damage":16.0,"enemies":"Gremlin Nob","floor":10.0,"turns":4.0},{"damage":0.0,"enemies":"Small Slimes","floor":11.0,"turns":3.0},{"damage":15.0,"enemies":"3 Louse","floor":12.0,"turns":4.0},{"damage":0.0,"enemies":"2 Fungi Beasts","floor":13.0,"turns":2.0},{"damage":7.0,"enemies":"3 Sentries","floor":14.0,"turns":5.0},{"damage":38.0,"enemies":"Slime Boss","floor":16.0,"turns":12.0},{"damage":23.0,"enemies":"Spheric Guardian","floor":18.0,"turns":9.0},{"damage":4.0,"enemies":"Chosen","floor":19.0,"turns":4.0},{"damage":15,"enemies":"Snake Plant","floor":21,"turns":4}],"seed_played":"5368803223601516900","potions_obtained":[{"floor":6.0,"key":"DuplicationPotion"},{"floor":8.0,"key":"Ancient Potion"},{"floor":10.0,"key":"PowerPotion"},{"floor":11.0,"key":"PowerPotion"},{"floor":18.0,"key":"FearPotion"}],"is_trial":false,"path_per_floor":["M","M","$","?","?","E","R","E","T","E","M","M","M","?","R","B",null,"M","M","?","M"],"character_chosen":"THE_SILENT","items_purchased":["AttackPotion"],"campfire_rested":1,"item_purchase_floors":[3],"current_hp_per_floor":[63,63,63,68,68,68,68,56,56,40,40,25,25,18,40,2,57,34,30,14,0,0],"gold":417,"neow_bonus":"THREE_ENEMY_KILL","is_daily":false,"chose_seed":false,"campfire_upgraded":1,"win_rate":0.0,"timestamp":1614461136,"path_taken":["M","M","$","?","?","E","R","E","T","E","?","M","M","?","R","BOSS","M","M","?","M"],"items_purchased_type":["Potion"],"build_version":"2020-12-22","purchased_purges":0,"victory":false,"max_hp_per_floor":[70,70,70,75,75,75,75,75,75,75,75,75,75,75,75,75,75,75,75,75,75,75],"relic_stats":{"Dream Catcher":1,"Nunchaku":[10],"counters":[13,55],"Blue Candle":[0],"Astrolabe":["Tactician","Envenom","Tools of the Trade"],"Kunai":[13],"obtain_stats":[{"Dream Catcher":9,"Nunchaku":10,"NeowsBlessing":0,"Blue Candle":8,"Astrolabe":17,"Kunai":14,"Frozen Egg 2":6,"Ring of the Snake":0},{"Dream Catcher":4,"Nunchaku":5,"NeowsBlessing":0,"Blue Candle":4,"Astrolabe":10,"Kunai":9,"Frozen Egg 2":3,"Ring of the Snake":0},{"Dream Catcher":8,"Nunchaku":12,"NeowsBlessing":0,"Blue Candle":8,"Astrolabe":38,"Kunai":26,"Frozen Egg 2":3,"Ring of the Snake":0}],"Ring of the Snake":[26]},"card_choices":[{"not_picked":["Backflip","Leg Sweep"],"picked":"Dagger Throw","floor":1.0},{"not_picked":["Concentrate","Underhanded Strike"],"picked":"Slice","floor":2.0},{"not_picked":["Dodge and Roll","Tactician"],"picked":"Finisher","floor":6.0},{"not_picked":["Reflex","Masterful Stab"],"picked":"Terror","floor":8.0},{"not_picked":["Underhanded Strike","Dodge and Roll"],"picked":"Poisoned Stab","floor":10.0},{"not_picked":["Dagger Throw","Bane"],"picked":"Leg Sweep","floor":11.0},{"not_picked":["Dagger Throw","Tools of the Trade+1"],"picked":"Blade Dance","floor":12.0},{"not_picked":["Well Laid Plans+1","Acrobatics"],"picked":"Blur","floor":13.0},{"not_picked":["Tactician","Prepared"],"picked":"PiercingWail","floor":15.0},{"not_picked":["Night Terror","Glass Knife"],"picked":"Envenom+1","floor":16.0},{"not_picked":["Deflect","PiercingWail"],"picked":"Flechettes","floor":18.0},{"not_picked":["Cloak And Dagger","Deadly Poison","Outmaneuver"],"picked":"SKIP","floor":19.0}],"player_experience":1251552,"relics_obtained":[{"floor":6.0,"key":"Frozen Egg 2"},{"floor":8.0,"key":"Blue Candle"},{"floor":9.0,"key":"Dream Catcher"},{"floor":10.0,"key":"Nunchaku"},{"floor":14.0,"key":"Kunai"}],"event_choices":[{"damage_healed":0.0,"max_hp_gain":5.0,"max_hp_loss":0.0,"gold_gain":0.0,"event_name":"Big Fish","player_choice":"Donut","floor":4.0,"gold_loss":0.0,"damage_taken":0.0},{"damage_healed":0.0,"max_hp_gain":0.0,"max_hp_loss":0.0,"gold_gain":0.0,"event_name":"Liars Game","player_choice":"Ignored","floor":5.0,"gold_loss":0.0,"damage_taken":0.0},{"damage_healed":0.0,"max_hp_gain":0.0,"max_hp_loss":0.0,"gold_gain":0.0,"event_name":"Dead Adventurer","player_choice":"Searched \u00271\u0027 times","floor":14.0,"gold_loss":0.0,"damage_taken":0.0},{"damage_healed":0.0,"max_hp_gain":0.0,"max_hp_loss":0.0,"gold_gain":0.0,"event_name":"Cursed Tome","player_choice":"Obtained Book","floor":20.0,"gold_loss":0.0,"damage_taken":16.0}],"is_beta":false,"boss_relics":[{"not_picked":["Philosopher\u0027s Stone","Velvet Choker"],"picked":"Astrolabe"}],"items_purged_floors":[],"is_endless":false,"potions_floor_spawned":[6,8,10,11,18],"killed_by":"Snake Plant","ascension_level":9}}