{"host":"jsd6g3c2vo13e69c","time":1614460034,"event":{"mods":["2.2 Compatiblity","Act Like it!","BaseMod","Better Altar","Better Match","Better Note","Better Sensory Stone","Better Third Choice","BetterRewards","Colored Map","Colored Powertips","Downfall","Friendly Minions","GifTheSpireLib","Googly Eyes","Gremlin Mod","Hermit","Hubris","Infinite Spire","Melee Mod","Minty Spire (QoL Compilation)","Permanent Neow","Quick Restart","Random Character Button","Replay The Spire","Shop Mod","Spire Arcade","StSLib","The Cursed","The Disciple","The Forsaken","thorton"],"gold_per_floor":[99,110,128,144,163,191,218,257,289,289,307,307,321,350,360,360,360,360],"floor_reached":16,"language":"ENG","playtime":1286,"items_purged":[],"score":126,"play_id":"b5f8fcff-d7e3-4986-9b50-c1efa7cf1238","local_time":"20210227160714","is_ascension_mode":false,"campfire_choices":[{"data":"hexamod:HexaLevel","floor":1,"key":"SMITH"},{"data":"hexamod:Float","floor":10,"key":"SMITH"}],"circlet_count":0,"master_deck":["hexamod:Strike","hexamod:Strike","hexamod:Strike","hexamod:Strike","hexamod:Defend","hexamod:Defend","hexamod:Defend","hexamod:Defend","hexamod:Sear","hexamod:Float+1","hexamod:HexaLevel+1","hexamod:SkipABeat","hexamod:GhostOfSpirePast","hexamod:ApocalypseNow","hexamod:FastForward","hexamod:FastForward","hexamod:SearingWound","hexamod:Toasty","hexamod:EmpoweredFlame"],"relics":["hexamod:SpiritBrand","Pet Ghost","ReplayTheSpireMod:TigerMarble","Bag of Preparation"],"acts_visited":["Exordium"],"potions_floor_usage":[6,8,14,16],"damage_taken":[{"damage":0,"enemies":"Cultist","floor":2,"turns":4},{"damage":0,"enemies":"Small Slimes","floor":3,"turns":4},{"damage":0,"enemies":"2 Louse","floor":4,"turns":3},{"damage":3,"enemies":"Red Slaver","floor":5,"turns":3},{"damage":15,"enemies":"Lagavulin","floor":6,"turns":6},{"damage":25,"enemies":"3 Sentries","floor":8,"turns":7},{"damage":0,"enemies":"3 Louse","floor":9,"turns":3},{"damage":8,"enemies":"2 Fungi Beasts","floor":11,"turns":3},{"damage":5,"enemies":"Large Slime","floor":13,"turns":6},{"damage":3,"enemies":"Lagavulin","floor":14,"turns":6},{"damage":0,"enemies":"3 Louse","floor":15,"turns":3},{"damage":13,"enemies":"WA_ARCHETYPE_RETAIN","floor":16,"turns":4}],"seed_played":"769842427899111428","potions_obtained":[{"floor":2,"key":"Fire Potion"},{"floor":3,"key":"SkillPotion"},{"floor":9,"key":"infinitespire:BlackPotion"},{"floor":13,"key":"SkillPotion"}],"is_trial":false,"path_per_floor":["R","M","M","M","M","E","T","E","M","R","M","?","M","E","M","B"],"character_chosen":"THE_SPIRIT","items_purchased":[],"campfire_rested":0,"item_purchase_floors":[],"current_hp_per_floor":[70,70,70,70,67,52,52,27,27,27,19,19,14,11,11,0,0,0],"gold":360,"neow_bonus":"ONE_RANDOM_RARE_CARD","is_daily":false,"chose_seed":false,"campfire_upgraded":2,"win_rate":0.0,"timestamp":1614460034,"path_taken":["R","M","M","M","M","E","T","E","?","R","M","?","M","E","M","BOSS"],"items_purchased_type":[],"build_version":"2020-12-22","purchased_purges":0,"victory":false,"max_hp_per_floor":[70,70,70,70,70,70,70,70,70,70,70,70,70,70,70,70,70,70],"card_choices":[{"not_picked":["hexamod:AdvancingGuard","hexamod:ThermalTransfer"],"picked":"hexamod:SkipABeat","floor":2},{"not_picked":["hexamod:Firestarter","hexamod:FlamesFromBeyond","hexamod:HeatMetal"],"picked":"SKIP","floor":3},{"not_picked":["hexamod:NightmareGuise","hexamod:SpectralSpark","hexamod:SpectralAdrenaline"],"picked":"SKIP","floor":4},{"not_picked":["hexamod:InspiringFlames","hexamod:SoulSteal"],"picked":"hexamod:GhostOfSpirePast","floor":5},{"not_picked":["hexamod:Rewind","hexamod:NightmareStrike"],"picked":"hexamod:ApocalypseNow","floor":6},{"not_picked":["hexamod:FlamesFromBeyond","hexamod:NightmareStrike"],"picked":"hexamod:FastForward","floor":8},{"not_picked":["hexamod:AdvancingGuard","hexamod:InspiringFlames"],"picked":"hexamod:FastForward","floor":9},{"not_picked":["hexamod:ExtraCrispy","hexamod:GhostShield"],"picked":"hexamod:SearingWound","floor":11},{"not_picked":["hexamod:Haunt","hexamod:SpectralSpark","hexamod:NightmareStrike"],"picked":"SKIP","floor":13},{"not_picked":["hexamod:GhostShield","hexamod:EtherealExpedition"],"picked":"hexamod:EmpoweredFlame","floor":14},{"not_picked":["hexamod:SuperheatedStrike","hexamod:RecurringNightmare","hexamod:PhantomCloak"],"picked":"SKIP","floor":15}],"player_experience":551981,"relics_obtained":[{"floor":6,"key":"Pet Ghost"},{"floor":7,"key":"Replay:Bandana"},{"floor":8,"key":"ReplayTheSpireMod:TigerMarble"},{"floor":14,"key":"Bag of Preparation"}],"event_choices":[],"is_beta":false,"boss_relics":[],"items_purged_floors":[],"is_endless":false,"potions_floor_spawned":[2,3,9,13],"killed_by":"WA_ARCHETYPE_RETAIN","ascension_level":0}}