{"host":"7vlopc64487frs6y","time":1614428243,"event":{"mods":["Aspiration","BaseMod","BetterRewards","Colored Map","Decade(Õı–°√˜)","Downfall","Good Game Mod","Highlight Path","Minty Spire (QoL Compilation)","Quick Restart","Reimu£®≤©¿ˆ¡È√Œ£©","Remilia£®¿Ÿ√◊¿Ú—«£©","Replay The Spire","Shop Mod","StSLib","TestMod","Unceasing Turn Reminder","Youmu£®ªÍ∆«—˝√Œ£©"],"gold_per_floor":[117,117,74,74,93,93,103,131,157,157,157,190,217,252,252,329,329,339,339,264,29,29,58,74,103,103,135,149,168,193,193,193,268,268,283,433,433,443,443,468,483,499,524,449,479,494,526,546,546,546,546,546,546,117,143,143],"floor_reached":57,"language":"ZHS","playtime":2174,"items_purged":["Defend_R","Defend_R"],"score":3072,"play_id":"2a1f0f5e-842f-4e51-b644-9830f4aa98b5","local_time":"20210227201723","is_ascension_mode":true,"campfire_choices":[{"data":"Inflame","floor":6.0,"key":"SMITH"},{"data":"Carnage","floor":11.0,"key":"SMITH"},{"data":"Heavy Blade","floor":15.0,"key":"SMITH"},{"data":"Inflame","floor":32,"key":"SMITH"},{"floor":49,"key":"RECALL"},{"data":"Sword Boomerang","floor":53,"key":"SMITH"}],"circlet_count":0,"master_deck":["AscendersBane","Strike_R+1","Strike_R+1","Defend_R","Defend_R","Bash+1","Inflame+1","Whirlwind+1","Inflame+1","Warcry+1","Carnage+1","Accuracy","Heavy Blade+1","Bludgeon+1","Second Wind+1","Fire Breathing","True Grit+1","Shrug It Off+1","Flex+1","Offering+1","Apotheosis+1","Panacea+1","Sword Boomerang+1","Demon Form","Corruption"],"relics":["Burning Blood","testmod-TestBox","REME:ComplimentaryCards","testmod-Fanaticism","aspiration:Nostalgia","m_SlimeRing","Toxic Egg 2","Replay:Rubber Ducky","Lantern","Pen Nib","ScarletDevilRocket","testmod-HarvestTotem","Simple Rune","Charon\u0027s Ashes","Blue Doll","Question Card","Whetstone","Prayer Wheel","testmod-Prudence","Paper Frog","Replay:Mystery Machine","Happy Flower","Lee\u0027s Waffle","Blood Vial","testmod-HeartOfStrike"],"acts_visited":["Exordium","TheCity","TheBeyond","TheEnding"],"potions_floor_usage":[],"damage_taken":[{"damage":11.0,"enemies":"Small Slimes","floor":1.0,"turns":3.0},{"damage":0.0,"enemies":"2 Louse","floor":5.0,"turns":2.0},{"damage":0.0,"enemies":"Cultist","floor":7.0,"turns":2.0},{"damage":0.0,"enemies":"Lagavulin","floor":8.0,"turns":5.0},{"damage":9.0,"enemies":"Replay:BlueRogue","floor":12.0,"turns":2.0},{"damage":4.0,"enemies":"3 Sentries","floor":14.0,"turns":2.0},{"damage":48.0,"enemies":"Hexaghost","floor":16.0,"turns":4.0},{"damage":47.0,"enemies":"Shell Parasite","floor":18.0,"turns":3.0},{"damage":61,"enemies":"Replay:Snechameleon","floor":23,"turns":4},{"damage":0,"enemies":"Chosen","floor":24,"turns":3},{"damage":25,"enemies":"Book of Stabbing","floor":25,"turns":2},{"damage":36,"enemies":"Gremlin Leader","floor":27,"turns":3},{"damage":0,"enemies":"Snecko","floor":28,"turns":3},{"damage":28,"enemies":"Centurion and Healer","floor":29,"turns":3},{"damage":32,"enemies":"Book of Stabbing","floor":30,"turns":3},{"damage":96,"enemies":"Collector","floor":33,"turns":6},{"damage":22,"enemies":"3 Shapes","floor":35,"turns":2},{"damage":16,"enemies":"3 Darklings","floor":38,"turns":2},{"damage":36,"enemies":"R_Hoarder","floor":40,"turns":5},{"damage":54,"enemies":"Writhing Mass","floor":41,"turns":2},{"damage":54,"enemies":"Spire Growth","floor":42,"turns":4},{"damage":39,"enemies":"Reptomancer","floor":45,"turns":2},{"damage":152,"enemies":"Jaw Worm Horde","floor":46,"turns":4},{"damage":1,"enemies":"R_Hoarder","floor":47,"turns":2},{"damage":29,"enemies":"4 Shapes","floor":48,"turns":2},{"damage":115,"enemies":"Donu and Deca","floor":50,"turns":5},{"damage":126,"enemies":"Time Eater","floor":51,"turns":6},{"damage":210,"enemies":"Shield and Spear","floor":55,"turns":6},{"damage":528,"enemies":"The Heart","floor":56,"turns":10}],"seed_played":"1625069163616667731","potions_obtained":[{"floor":7.0,"key":"DuplicationPotion"},{"floor":12.0,"key":"LiquidMemories"}],"is_trial":false,"path_per_floor":["M","?","$","?","M","R","M","E","T","?","R","E","T","E","R","B",null,"M","?","?","$","?","E","M","E","T","E","M","M","E","T","R","B",null,"M","?","?","M","?","E","M","M","T","$","E","M","E","M","R","B","B",null,"R","$","E","B",null],"character_chosen":"IRONCLAD","items_purchased":["Whirlwind","Membership Card","Fire Breathing","True Grit+1","Lee\u0027s Waffle","Blood Vial"],"campfire_rested":0,"item_purchase_floors":[3,21,21,21,54,54],"current_hp_per_floor":[68,68,68,68,74,74,75,75,75,75,75,75,75,75,75,75,150,150,150,150,150,150,150,150,150,150,150,150,150,150,150,150,150,150,148,148,138,150,150,150,150,150,150,150,150,150,150,150,150,150,150,150,150,164,164,164],"gold":143,"neow_bonus":"NOSTALGIA","is_daily":false,"chose_seed":false,"campfire_upgraded":5,"win_rate":0.0,"timestamp":1614428243,"path_taken":["M","?","$","?","?","R","M","E","T","?","R","E","?","E","R","BOSS","M","?","?","$","?","E","M","E","T","E","?","M","E","?","R","BOSS","M","?","?","M","?","E","M","M","T","$","E","M","E","?","R","BOSS","BOSS","R","$","E","BOSS"],"items_purchased_type":["Card","Relic","Card","Card","Relic","Relic"],"build_version":"2020-12-22","purchased_purges":2,"victory":true,"max_hp_per_floor":[75,75,75,75,75,75,75,75,75,75,75,75,75,75,75,75,150,150,150,150,150,150,150,150,150,150,150,150,150,150,150,150,150,150,150,150,150,150,150,150,150,150,150,150,150,150,150,150,150,150,150,150,150,164,164,164],"card_choices":[{"not_picked":["Dropkick","ReplayTheSpireMod:Shiv Toss","Seeing Red"],"picked":"SKIP","floor":1.0},{"not_picked":["ReplayTheSpireMod:Strike From Hell","Perfected Strike"],"picked":"Inflame","floor":5.0},{"not_picked":["Headbutt","Replay:Undeath\u0027s Touch"],"picked":"Warcry+1","floor":7.0},{"not_picked":["Intimidate+1","Clothesline"],"picked":"Carnage","floor":8.0},{"not_picked":["Fire Breathing","Run Through","Body Slam"],"picked":"SKIP","floor":12.0},{"not_picked":["Anger","Slimebound:SlimeSpikes+1"],"picked":"Heavy Blade","floor":14.0},{"not_picked":["Fiend Fire","A Thousand Cuts"],"picked":"Bludgeon","floor":16.0},{"not_picked":["Rupture","Heavy Blade"],"picked":"Second Wind+1","floor":18.0},{"not_picked":["Body Slam","Exhume+1"],"picked":"Shrug It Off+1","floor":23},{"not_picked":["Entrench+1","Ghostly Armor+1","ReplayReversal+1"],"picked":"SKIP","floor":24},{"not_picked":["Perfected Strike+1","Shrug It Off+1"],"picked":"Flex+1","floor":25},{"not_picked":["Slimebound:Recycling","Disarm+1","Shockwave+1"],"picked":"SKIP","floor":27},{"not_picked":["Infinite Blades","Anger","Wild Strike","Flex+1"],"picked":"SKIP","floor":28},{"not_picked":["Dropkick","Clash","Headbutt","Clothesline+1"],"picked":"SKIP","floor":29},{"not_picked":["Twin Strike","Anger+1","Clothesline","Sever Soul"],"picked":"SKIP","floor":30},{"not_picked":["Brutality","Slimebound:WasteNot+1","Hemogenesis"],"picked":"Offering+1","floor":33},{"not_picked":["Anger","Dual Wield+1","Sever Soul","Rupture"],"picked":"SKIP","floor":35},{"not_picked":["Clothesline+1","Blood for Blood","Sever Soul","Headbutt"],"picked":"SKIP","floor":35},{"not_picked":["PanicButton+1","Jack Of All Trades+1","ReplayUltimateDefense"],"picked":"Apotheosis+1","floor":37},{"not_picked":["Swift Strike","Dramatic Entrance","Jack Of All Trades+1"],"picked":"Panacea+1","floor":37},{"not_picked":["Armaments+1","Dual Wield+1","Twin Strike+1","ReplayTheSpireMod:Strike From Hell"],"picked":"SKIP","floor":38},{"not_picked":["Feel No Pain+1","Armaments+1","Infernal Blade+1","Anger"],"picked":"SKIP","floor":38},{"not_picked":["Run Through","ReplayTheSpireMod:Strike From Hell","ReplayTheSpireMod:Corrosion Curse+1","Searing Blow"],"picked":"SKIP","floor":40},{"not_picked":["Iron Wave","Immolate","Twin Strike","Shrug It Off+1"],"picked":"SKIP","floor":41},{"not_picked":["Flex+1","Armaments+1","ReplayTheSpireMod:Stacked+1","ReplayTheSpireMod:Strike From Hell"],"picked":"SKIP","floor":41},{"not_picked":["Pommel Strike","Perfected Strike","Offering+1"],"picked":"Sword Boomerang","floor":42},{"not_picked":["Dual Wield+1","Searing Blow","Run Through","Body Slam"],"picked":"SKIP","floor":42},{"not_picked":["Heavy Blade+1","Twin Strike","Blood for Blood"],"picked":"Demon Form","floor":45},{"not_picked":["Rage+1","Replay:Undeath\u0027s Touch","Thunderclap","Anger"],"picked":"SKIP","floor":46},{"not_picked":["Entrench+1","ReplayTheSpireMod:Muscle Training+1","Fire Breathing","ReplayTheSpireMod:Stacked+1"],"picked":"SKIP","floor":46},{"not_picked":["Shockwave+1","Perfected Strike","Sever Soul","Armaments+1"],"picked":"SKIP","floor":47},{"not_picked":["Searing Blow","Iron Wave","Heavy Blade","Clothesline"],"picked":"SKIP","floor":48},{"not_picked":["Clash+1","True Grit+1","Twin Strike+1","Shrug It Off+1"],"picked":"SKIP","floor":48},{"not_picked":["Cleave","Fire Breathing","Feel No Pain"],"picked":"Corruption","floor":55}],"player_experience":795129,"relics_obtained":[{"floor":8.0,"key":"Replay:Rubber Ducky"},{"floor":12.0,"key":"Lantern"},{"floor":13.0,"key":"Pen Nib"},{"floor":14.0,"key":"ScarletDevilRocket"},{"floor":23,"key":"Simple Rune"},{"floor":25,"key":"Charon\u0027s Ashes"},{"floor":26,"key":"Blue Doll"},{"floor":27,"key":"Question Card"},{"floor":30,"key":"Whetstone"},{"floor":31,"key":"Prayer Wheel"},{"floor":40,"key":"Paper Frog"},{"floor":43,"key":"Replay:Mystery Machine"},{"floor":47,"key":"Happy Flower"},{"floor":55,"key":"testmod-HeartOfStrike"}],"event_choices":[{"cards_removed":["Injury"],"damage_healed":0.0,"max_hp_gain":0.0,"max_hp_loss":0.0,"gold_gain":0.0,"event_name":"Fountain of Cleansing","player_choice":"Removed Curses","floor":4.0,"gold_loss":0.0,"damage_taken":0.0},{"damage_healed":0.0,"max_hp_gain":0.0,"max_hp_loss":0.0,"gold_gain":0.0,"cards_transformed":["Strike_R"],"event_name":"Transmorgrifier","player_choice":"Transformed","floor":10.0,"gold_loss":0.0,"damage_taken":0.0,"cards_obtained":["Accuracy"]},{"cards_removed":["Strike_R"],"damage_healed":0.0,"max_hp_gain":0.0,"max_hp_loss":0.0,"gold_gain":0.0,"event_name":"Beggar","player_choice":"Gave Gold","floor":20.0,"gold_loss":75.0,"damage_taken":0.0},{"cards_removed":["Strike_R"],"damage_healed":0,"gold_gain":0,"player_choice":"Purged","damage_taken":0,"max_hp_gain":0,"max_hp_loss":0,"event_name":"Purifier","floor":22,"gold_loss":0},{"damage_healed":0,"gold_gain":150,"player_choice":"Sell","damage_taken":0,"max_hp_gain":0,"max_hp_loss":0,"event_name":"∂˜¬ÂÀπµƒ≈Ã◊”","floor":36,"relics_lost":["Membership Card"],"gold_loss":0},{"damage_healed":0,"gold_gain":0,"player_choice":"Memory 3","damage_taken":10,"max_hp_gain":0,"max_hp_loss":0,"event_name":"SensoryStone","floor":37,"gold_loss":0},{"damage_healed":0,"gold_gain":0,"player_choice":"Forge","damage_taken":0,"max_hp_gain":0,"max_hp_loss":0,"event_name":"Accursed Blacksmith","floor":39,"gold_loss":0,"cards_upgraded":["Bash"]}],"is_beta":false,"boss_relics":[{"not_picked":["aspiration:FutureDiary","Runic Dome"],"picked":"testmod-HarvestTotem"},{"not_picked":["Replay:Wanted Poster","Velvet Choker"],"picked":"testmod-Prudence"}],"items_purged_floors":[44,54],"is_endless":false,"potions_floor_spawned":[7,12,18,27,28,30,40,45,47,48],"ascension_level":20}}