{"host":"rqgzkpsifhykr0rp","time":1614399010,"event":{"mods":["BaseMod","Colored Map","Downfall","Minty Spire (QoL Compilation)","StSLib"],"gold_per_floor":[112,112,122,142,67,92,92,92,92,119,19,19,19,35,35,161,161,176,176,176,176,143,143,155,155,182,182,192,204,223,223,223],"floor_reached":31,"language":"ENG","playtime":2407,"items_purged":["Strike_B","Strike_B"],"score":235,"play_id":"8e100745-5fba-4973-87c0-704a26967dff","local_time":"20210226231010","is_ascension_mode":false,"campfire_choices":[{"data":"Zap","floor":8,"key":"SMITH"},{"data":"Zap","floor":12,"key":"SMITH"},{"data":"Dualcast","floor":15,"key":"SMITH"},{"data":"Redo","floor":23,"key":"SMITH"},{"data":"Creative AI","floor":25,"key":"SMITH"},{"data":"Chill","floor":27,"key":"SMITH"}],"circlet_count":0,"master_deck":["Strike_B","Defend_B","Defend_B","Defend_B","Defend_B","Zap+1","Dualcast+1","Glacier","Zap+1","Creative AI+1","Hologram","Chill+1","Redo+1","Streamline+1","Reinforced Body","Conserve Battery"],"relics":["Cracked Core","NeowsBlessing","InkBottle","Mercury Hourglass","Odd Mushroom","Bloody Idol","Inserter","Boot","Pen Nib"],"acts_visited":["Exordium","TheCity"],"potions_floor_usage":[16,16,24],"damage_taken":[{"damage":0.0,"enemies":"Small Slimes","floor":1.0,"turns":1.0},{"damage":0.0,"enemies":"Cultist","floor":3.0,"turns":1.0},{"damage":0.0,"enemies":"Jaw Worm","floor":4.0,"turns":1.0},{"damage":1,"enemies":"Lagavulin","floor":6,"turns":7},{"damage":7,"enemies":"The Mushroom Lair","floor":10,"turns":4},{"damage":0,"enemies":"Looter","floor":14,"turns":3},{"damage":15,"enemies":"Slime Boss","floor":16,"turns":7},{"damage":13,"enemies":"3 Byrds","floor":18,"turns":4},{"damage":7,"enemies":"2 Thieves","floor":22,"turns":5},{"damage":7,"enemies":"Snecko","floor":24,"turns":6},{"damage":13,"enemies":"Centurion and Healer","floor":28,"turns":8},{"damage":19,"enemies":"Cultist and Chosen","floor":29,"turns":8},{"damage":16,"enemies":"Shelled Parasite and Fungi","floor":30,"turns":8},{"damage":35,"enemies":"Slavers","floor":31,"turns":4}],"seed_played":"1885352014848797653","potions_obtained":[{"floor":4.0,"key":"sneckomod:MuddlingPotion"},{"floor":6,"key":"Swift Potion"},{"floor":10,"key":"Weak Potion"},{"floor":22,"key":"Weak Potion"}],"is_trial":false,"path_per_floor":["M","?","M","M","$","E","$","R","T","?","$","R","?","M","R","B",null,"M","?","?","?","M","R","M","R","T","R","M","M","M","E"],"character_chosen":"DEFECT","items_purchased":[],"campfire_rested":0,"item_purchase_floors":[],"current_hp_per_floor":[75,75,75,75,75,74,74,74,74,67,67,67,49,49,49,34,75,62,62,62,62,65,65,63,63,68,68,60,46,35,0,0],"gold":223,"neow_bonus":"THREE_ENEMY_KILL","is_daily":false,"chose_seed":false,"campfire_upgraded":6,"win_rate":0.0,"timestamp":1614399010,"path_taken":["M","?","?","M","$","E","$","R","T","?","$","R","?","M","R","BOSS","M","?","?","?","M","R","M","R","T","R","M","M","M","E"],"items_purchased_type":[],"build_version":"2020-12-22","purchased_purges":2,"victory":false,"max_hp_per_floor":[75,75,75,75,75,75,75,75,75,75,75,75,75,75,75,75,75,75,75,75,75,75,75,75,75,75,75,75,75,75,75,75],"card_choices":[{"not_picked":["Beam Cell","Steam"],"picked":"Glacier","floor":1.0},{"not_picked":["Beam Cell","Conserve Battery","Gash"],"picked":"SKIP","floor":3.0},{"not_picked":["Beam Cell","Aggregate"],"picked":"Hologram","floor":4.0},{"not_picked":["Hello World","Cold Snap"],"picked":"Chill","floor":6},{"not_picked":["Static Discharge","Chaos","Reinforced Body"],"picked":"SKIP","floor":14},{"not_picked":["Double Energy","Sweeping Beam","Hologram"],"picked":"SKIP","floor":18},{"not_picked":["Steam+1","Capacitor"],"picked":"Redo","floor":22},{"not_picked":["Cold Snap","Gash","Beam Cell"],"picked":"SKIP","floor":24},{"not_picked":["Capacitor","Sweeping Beam+1"],"picked":"Streamline+1","floor":28},{"not_picked":["Sweeping Beam","Double Energy"],"picked":"Reinforced Body","floor":29},{"not_picked":["Steam","Lockon+1"],"picked":"Conserve Battery","floor":30}],"player_experience":355417,"relics_obtained":[{"floor":6,"key":"InkBottle"},{"floor":9,"key":"Mercury Hourglass"},{"floor":10,"key":"Odd Mushroom"},{"floor":26,"key":"Pen Nib"}],"event_choices":[{"damage_healed":0.0,"max_hp_gain":0.0,"max_hp_loss":0.0,"gold_gain":0.0,"event_name":"Match and Keep!","player_choice":"2 cards matched","floor":2.0,"gold_loss":0.0,"damage_taken":0.0,"cards_obtained":["Zap","Creative AI"]},{"damage_healed":0,"gold_gain":0,"player_choice":"Fought Mushrooms","damage_taken":0,"max_hp_gain":0,"max_hp_loss":0,"event_name":"Mushrooms","floor":10,"gold_loss":0},{"damage_healed":0,"gold_gain":0,"player_choice":"Take Damage","damage_taken":18,"relics_obtained":["Golden Idol"],"max_hp_gain":0,"max_hp_loss":0,"event_name":"Golden Idol","floor":13,"gold_loss":0},{"damage_healed":0,"gold_gain":0,"player_choice":"Gave Idol","damage_taken":0,"relics_obtained":["Bloody Idol"],"max_hp_gain":0,"max_hp_loss":0,"event_name":"Forgotten Altar","floor":19,"relics_lost":["Golden Idol"],"gold_loss":0},{"cards_removed":["Strike_B"],"damage_healed":0,"gold_gain":0,"player_choice":"Elegance","damage_taken":0,"max_hp_gain":0,"max_hp_loss":0,"event_name":"Back to Basics","floor":20,"gold_loss":0},{"damage_healed":0,"gold_gain":0,"player_choice":"Gave Potion","damage_taken":0,"relics_obtained":["Boot"],"max_hp_gain":0,"max_hp_loss":0,"event_name":"WeMeetAgain","floor":21,"gold_loss":0}],"is_beta":false,"boss_relics":[{"not_picked":["bronze:MakeshiftBattery","Calling Bell"],"picked":"Inserter"}],"items_purged_floors":[5,11],"is_endless":false,"potions_floor_spawned":[4,6,10,22],"killed_by":"Slavers","ascension_level":0}}