{"host":"49pjgf1q9ev52n8z","time":1614400474,"event":{"mods":["BaseMod","Bestiary","Colored Map","Keyboard Shortcuts","Minty Spire (QoL Compilation)","Practice Mode","Relic Stats","StSLib"],"gold_per_floor":[369,380,392,403,41,41,69,69,69,85,85,108,122,141,141,242,242,254,267,267,537,547,547,580,580,633,668,681,693,693,693,693],"floor_reached":31,"language":"ENG","playtime":2151,"items_purged":[],"score":430,"play_id":"7fe8ae87-1859-4f6b-aa58-0805abf4b3a4","local_time":"20210226203434","is_ascension_mode":true,"campfire_choices":[{"floor":6.0,"key":"REST"},{"floor":8.0,"key":"REST"},{"data":"1","floor":15.0,"key":"LIFT"},{"data":"2","floor":23.0,"key":"LIFT"},{"floor":25.0,"key":"REST"}],"circlet_count":0,"master_deck":["Strike_R","Strike_R","Strike_R","Strike_R","Strike_R","Defend_R","Defend_R","Defend_R","Defend_R","Bash","Inflame","Disarm","Headbutt","Iron Wave","Combust","Shrug It Off","Dark Embrace","Pommel Strike","Feel No Pain","Twin Strike","Reaper","Armaments","Clothesline+1","Cleave+1","True Grit","Whirlwind+1","Inflame+1","Wild Strike","RitualDagger"],"relics":["Burning Blood","Medical Kit","Meat on the Bone","Girya","Charon\u0027s Ashes","Bag of Preparation","Velvet Choker","Prayer Wheel","Akabeko","Smiling Mask"],"acts_visited":["TheCity"],"potions_floor_usage":[],"damage_taken":[{"damage":3.0,"enemies":"Jaw Worm","floor":1.0,"turns":5.0},{"damage":7.0,"enemies":"2 Louse","floor":2.0,"turns":5.0},{"damage":12.0,"enemies":"Small Slimes","floor":3.0,"turns":4.0},{"damage":30.0,"enemies":"Gremlin Gang","floor":4.0,"turns":8.0},{"damage":33.0,"enemies":"3 Sentries","floor":7.0,"turns":7.0},{"damage":27.0,"enemies":"Lots of Slimes","floor":10.0,"turns":4.0},{"damage":11.0,"enemies":"2 Fungi Beasts","floor":13.0,"turns":3.0},{"damage":14.0,"enemies":"Looter","floor":14.0,"turns":3.0},{"damage":37.0,"enemies":"The Guardian","floor":16.0,"turns":14.0},{"damage":22.0,"enemies":"Chosen","floor":18.0,"turns":5.0},{"damage":24.0,"enemies":"2 Thieves","floor":19.0,"turns":4.0},{"damage":0.0,"enemies":"Masked Bandits","floor":20.0,"turns":1.0},{"damage":19.0,"enemies":"Cultist and Chosen","floor":22.0,"turns":6.0},{"damage":45.0,"enemies":"Gremlin Leader","floor":24.0,"turns":8.0},{"damage":28.0,"enemies":"Slavers","floor":27.0,"turns":5.0},{"damage":32.0,"enemies":"Centurion and Healer","floor":28.0,"turns":4.0},{"damage":5,"enemies":"3 Cultists","floor":29,"turns":4},{"damage":54,"enemies":"Gremlin Leader","floor":31,"turns":4}],"seed_played":"6866137918878170370","potions_obtained":[{"floor":1.0,"key":"DuplicationPotion"},{"floor":7.0,"key":"Dexterity Potion"},{"floor":13.0,"key":"SmokeBomb"},{"floor":18.0,"key":"SteroidPotion"},{"floor":22.0,"key":"FearPotion"},{"floor":27.0,"key":"GamblersBrew"}],"is_trial":false,"path_per_floor":["M","M","M","M","$","R","E","R","T","M","?","T","M","M","R","B",null,"M","M","?","?","M","R","E","R","T","E","M","M","?","E"],"character_chosen":"IRONCLAD","items_purchased":["Medical Kit","Combust","Shrug It Off","Energy Potion","LiquidBronze"],"campfire_rested":3,"item_purchase_floors":[5,5,5,5,5],"current_hp_per_floor":[54,53,47,23,23,47,20,44,44,35,35,35,42,46,46,27,67,56,57,63,36,55,55,46,70,70,60,54,55,49,0,0],"gold":693,"neow_bonus":"TWO_FIFTY_GOLD","is_daily":false,"chose_seed":false,"campfire_upgraded":0,"win_rate":0.0,"timestamp":1614400474,"path_taken":["M","M","M","M","$","R","E","R","T","M","?","?","M","M","R","BOSS","M","M","?","?","?","R","E","R","T","E","?","M","?","E"],"items_purchased_type":["Relic","Card","Card","Potion","Potion"],"build_version":"2020-12-22","purchased_purges":0,"victory":false,"max_hp_per_floor":[80,80,80,80,80,80,80,80,80,80,80,80,80,80,80,80,80,80,80,80,80,80,80,80,80,80,80,80,80,80,80,80],"relic_stats":{"counters":[14,72],"Prayer Wheel":3,"Charon\u0027s Ashes":[54],"Bag of Preparation":[24],"Medical Kit":[1],"Smiling Mask":0,"obtain_stats":[{"Girya":9,"Velvet Choker":17,"Prayer Wheel":24,"Charon\u0027s Ashes":11,"Bag of Preparation":12,"Medical Kit":5,"Smiling Mask":27,"Burning Blood":0,"Akabeko":26,"Meat on the Bone":7},{"Girya":1,"Velvet Choker":5,"Prayer Wheel":10,"Charon\u0027s Ashes":2,"Bag of Preparation":2,"Medical Kit":0,"Smiling Mask":11,"Burning Blood":0,"Akabeko":10,"Meat on the Bone":1},{"Girya":7,"Velvet Choker":31,"Prayer Wheel":55,"Charon\u0027s Ashes":11,"Bag of Preparation":11,"Medical Kit":0,"Smiling Mask":60,"Burning Blood":0,"Akabeko":55,"Meat on the Bone":7}],"Burning Blood":78,"Meat on the Bone":84},"card_choices":[{"not_picked":["Sword Boomerang","Headbutt"],"picked":"Inflame","floor":1.0},{"not_picked":["Bloodletting","Shockwave"],"picked":"Disarm","floor":2.0},{"not_picked":["Searing Blow","Shrug It Off"],"picked":"Headbutt","floor":3.0},{"not_picked":["Combust","Hemokinesis"],"picked":"Iron Wave","floor":4.0},{"not_picked":["Warcry","Power Through"],"picked":"Dark Embrace","floor":7.0},{"not_picked":["Infernal Blade","Havoc"],"picked":"Pommel Strike","floor":10.0},{"not_picked":["True Grit","Fire Breathing"],"picked":"Feel No Pain","floor":13.0},{"not_picked":["Iron Wave","Clash"],"picked":"Twin Strike","floor":14.0},{"not_picked":["Double Tap","Brutality"],"picked":"Reaper","floor":16.0},{"not_picked":["Iron Wave","Havoc+1"],"picked":"Armaments","floor":18.0},{"not_picked":["Flex","Dark Embrace"],"picked":"Clothesline+1","floor":19.0},{"not_picked":["Pommel Strike","Shrug It Off+1","Twin Strike"],"picked":"SKIP","floor":22.0},{"not_picked":["Body Slam+1","Bloodletting+1"],"picked":"Cleave+1","floor":24.0},{"not_picked":["Second Wind","Shockwave+1"],"picked":"True Grit","floor":27.0},{"not_picked":["Twin Strike+1","Corruption"],"picked":"Whirlwind+1","floor":28},{"not_picked":["Flex","Carnage","Havoc+1"],"picked":"SKIP","floor":28},{"not_picked":["Perfected Strike","Anger"],"picked":"Inflame+1","floor":29},{"not_picked":["Wild Strike","Anger","Body Slam+1"],"picked":"SKIP","floor":29},{"not_picked":["Anger","Body Slam+1"],"picked":"Wild Strike","floor":29}],"player_experience":885431,"relics_obtained":[{"floor":7.0,"key":"Meat on the Bone"},{"floor":9.0,"key":"Girya"},{"floor":12.0,"key":"Bag of Preparation"},{"floor":24.0,"key":"Prayer Wheel"},{"floor":26.0,"key":"Akabeko"},{"floor":27.0,"key":"Smiling Mask"}],"event_choices":[{"damage_healed":0.0,"max_hp_gain":0.0,"max_hp_loss":0.0,"gold_gain":0.0,"event_name":"Dead Adventurer","player_choice":"Searched \u00271\u0027 times","floor":11.0,"gold_loss":0.0,"damage_taken":0.0,"relics_obtained":["Charon\u0027s Ashes"]},{"damage_healed":0.0,"max_hp_gain":0.0,"max_hp_loss":0.0,"gold_gain":0.0,"event_name":"Masked Bandits","player_choice":"Fought Bandits","floor":20.0,"gold_loss":0.0,"damage_taken":0.0},{"damage_healed":0.0,"max_hp_gain":0.0,"max_hp_loss":0.0,"gold_gain":270.0,"event_name":"Knowing Skull","player_choice":"GOLD GOLD GOLD ","floor":21.0,"potions_obtained":[],"gold_loss":0.0,"damage_taken":27.0,"cards_obtained":[]},{"damage_healed":0,"gold_gain":0,"player_choice":"Joined the Cult","damage_taken":6,"max_hp_gain":0,"max_hp_loss":0,"event_name":"Nest","floor":30,"gold_loss":0,"cards_obtained":["RitualDagger"]}],"is_beta":false,"boss_relics":[{"not_picked":["Snecko Eye","Runic Cube"],"picked":"Velvet Choker"}],"items_purged_floors":[],"is_endless":false,"potions_floor_spawned":[1,7,13,18,22,27],"killed_by":"Gremlin Leader","ascension_level":9}}