{"host":"jmumkimrafwvkspb","time":1614424756,"event":{"mods":["AchievementEnabler","BaseMod","Colored Map","Minty Spire (QoL Compilation)"],"gold_per_floor":[116,133,133,143,143,175,175,203,203,236,266,336,348,103,103,178,178,194,194,211,211,102,102,130,130,130,130,130,141,141,151,151,224,224,265,305,324,364,414,444,444],"floor_reached":40,"language":"ENG","playtime":1564,"items_purged":["Strike_P","Strike_P"],"score":1052,"play_id":"96a32468-0d0c-494c-a5ef-6cb073d67b24","local_time":"20210227121916","is_ascension_mode":true,"campfire_choices":[{"data":"BowlingBash","floor":7.0,"key":"SMITH"},{"data":"Adaptation","floor":13.0,"key":"SMITH"},{"data":"CrushJoints","floor":15.0,"key":"SMITH"},{"data":"Meditate","floor":23,"key":"SMITH"},{"data":"Meditate","floor":25,"key":"SMITH"},{"data":"FlyingSleeves","floor":27,"key":"SMITH"},{"data":"Tantrum","floor":30,"key":"SMITH"},{"data":"Adaptation","floor":32,"key":"SMITH"}],"circlet_count":0,"master_deck":["AscendersBane","Strike_P","Defend_P","Defend_P","Eruption+1","Vigilance","CrushJoints+1","BowlingBash+1","Tantrum+1","ClearTheMind","FlyingSleeves+1","EmptyFist","Adaptation+1","InnerPeace","DeusExMachina","EmptyMind","Meditate+1","Crescendo+1","Adaptation+1","Wish+1","Scrawl+1"],"relics":["PureWater","Lantern","The Courier","PreservedInsect","White Beast Statue","MawBank","Centennial Puzzle","Sling","VioletLotus","Toxic Egg 2","Ornamental Fan","HornCleat","Empty Cage"],"acts_visited":["Exordium","TheCity","TheBeyond"],"potions_floor_usage":[33,35,40],"damage_taken":[{"damage":0.0,"enemies":"Jaw Worm","floor":1.0,"turns":3.0},{"damage":0.0,"enemies":"Cultist","floor":2.0,"turns":2.0},{"damage":0.0,"enemies":"2 Louse","floor":4.0,"turns":2.0},{"damage":0.0,"enemies":"Gremlin Nob","floor":6.0,"turns":2.0},{"damage":9.0,"enemies":"3 Sentries","floor":8.0,"turns":6.0},{"damage":0.0,"enemies":"Lagavulin","floor":10.0,"turns":2.0},{"damage":0.0,"enemies":"Looter","floor":11.0,"turns":1.0},{"damage":5.0,"enemies":"3 Sentries","floor":12.0,"turns":3.0},{"damage":0.0,"enemies":"Slime Boss","floor":16.0,"turns":3.0},{"damage":0.0,"enemies":"Spheric Guardian","floor":18.0,"turns":2.0},{"damage":0,"enemies":"Chosen","floor":20,"turns":2},{"damage":14,"enemies":"Book of Stabbing","floor":24,"turns":2},{"damage":0,"enemies":"3 Cultists","floor":29,"turns":3},{"damage":0,"enemies":"Sentry and Sphere","floor":31,"turns":3},{"damage":8,"enemies":"Automaton","floor":33,"turns":6},{"damage":3,"enemies":"3 Shapes","floor":35,"turns":3},{"damage":16,"enemies":"Orb Walker","floor":36,"turns":2},{"damage":3,"enemies":"Sphere and 2 Shapes","floor":37,"turns":3},{"damage":6,"enemies":"Maw","floor":38,"turns":4},{"damage":8,"enemies":"Writhing Mass","floor":39,"turns":3},{"damage":19,"enemies":"Reptomancer","floor":40,"turns":2}],"seed_played":"2528327169655914350","potions_obtained":[{"floor":2.0,"key":"SmokeBomb"},{"floor":6.0,"key":"SpeedPotion"},{"floor":10.0,"key":"DistilledChaos"},{"floor":11.0,"key":"FearPotion"},{"floor":18.0,"key":"DuplicationPotion"},{"floor":24,"key":"StancePotion"},{"floor":33,"key":"Ancient Potion"},{"floor":35,"key":"Strength Potion"},{"floor":36,"key":"Block Potion"}],"is_trial":false,"path_per_floor":["M","M","?","M","?","E","R","E","T","E","M","?","R","$","R","B",null,"M","?","M","?","$","R","E","R","T","R","T","M","R","M","R","B",null,"M","M","M","M","M","E"],"character_chosen":"WATCHER","items_purchased":["InnerPeace","Sling","Meditate"],"campfire_rested":0,"item_purchase_floors":[14,14,22],"current_hp_per_floor":[61,61,61,61,43,43,43,34,34,34,34,29,29,29,29,29,54,54,54,54,54,54,54,40,40,40,40,40,40,40,40,40,32,55,52,36,33,27,19,0,0],"gold":444,"neow_bonus":"REMOVE_TWO","is_daily":false,"chose_seed":false,"campfire_upgraded":8,"win_rate":0.0,"timestamp":1614424756,"path_taken":["M","M","?","?","?","E","R","E","T","E","M","?","R","$","R","BOSS","M","?","M","?","$","R","E","R","T","R","?","M","R","M","R","BOSS","M","M","M","M","?","E"],"items_purchased_type":["Card","Relic","Card"],"build_version":"2020-12-22","purchased_purges":2,"victory":false,"max_hp_per_floor":[62,62,62,62,62,62,62,62,62,62,62,62,62,62,62,62,62,62,62,62,62,62,62,62,62,62,62,62,62,62,62,62,62,62,62,62,62,62,62,62,62],"card_choices":[{"not_picked":["SashWhip","WaveOfTheHand"],"picked":"CrushJoints","floor":1.0},{"not_picked":["FlurryOfBlows","Protect"],"picked":"BowlingBash","floor":2.0},{"not_picked":["Nirvana","EmptyFist"],"picked":"Tantrum","floor":4.0},{"not_picked":["Pray","FollowUp"],"picked":"ClearTheMind","floor":6.0},{"not_picked":["Perseverance","PathToVictory"],"picked":"FlyingSleeves","floor":8.0},{"not_picked":["Blasphemy","DevaForm"],"picked":"EmptyFist","floor":10.0},{"not_picked":["Fasting2","FearNoEvil"],"picked":"Adaptation","floor":11.0},{"not_picked":["MasterReality","ConjureBlade"],"picked":"DeusExMachina","floor":16.0},{"not_picked":["JustLucky+1","Sanctity"],"picked":"EmptyMind","floor":18.0},{"not_picked":["ThirdEye","BowlingBash","ClearTheMind"],"picked":"SKIP","floor":20},{"not_picked":["Wallop","ThirdEye+1","CutThroughFate"],"picked":"SKIP","floor":24},{"not_picked":["LessonLearned","Prostrate+1"],"picked":"Crescendo+1","floor":29},{"not_picked":["BowlingBash","FlurryOfBlows"],"picked":"Adaptation","floor":31},{"not_picked":["ConjureBlade+1","Blasphemy+1"],"picked":"Wish+1","floor":33},{"not_picked":["Crescendo+1","WreathOfFlame+1","SashWhip"],"picked":"SKIP","floor":35},{"not_picked":["Fasting2","Protect+1","JustLucky+1"],"picked":"SKIP","floor":36},{"not_picked":["SandsOfTime+1","Meditate+1"],"picked":"Scrawl+1","floor":37},{"not_picked":["CutThroughFate","CrushJoints","SignatureMove"],"picked":"SKIP","floor":38},{"not_picked":["Crescendo+1","Protect+1","CrushJoints"],"picked":"SKIP","floor":39}],"player_experience":1677570,"relics_obtained":[{"floor":6.0,"key":"The Courier"},{"floor":8.0,"key":"PreservedInsect"},{"floor":9.0,"key":"White Beast Statue"},{"floor":10.0,"key":"MawBank"},{"floor":12.0,"key":"Centennial Puzzle"},{"floor":24,"key":"Toxic Egg 2"},{"floor":26,"key":"Ornamental Fan"},{"floor":28,"key":"HornCleat"}],"event_choices":[{"damage_healed":0.0,"max_hp_gain":0.0,"max_hp_loss":0.0,"gold_gain":0.0,"event_name":"Upgrade Shrine","player_choice":"Upgraded","floor":3.0,"gold_loss":0.0,"damage_taken":0.0,"cards_upgraded":["Eruption"]},{"damage_healed":0.0,"max_hp_gain":0.0,"max_hp_loss":0.0,"gold_gain":0.0,"event_name":"Scrap Ooze","player_choice":"Success","floor":5.0,"gold_loss":0.0,"damage_taken":18.0,"relics_obtained":["Lantern"]},{"damage_healed":0.0,"max_hp_gain":0.0,"max_hp_loss":0.0,"gold_gain":0.0,"event_name":"Dead Adventurer","player_choice":"Searched \u00271\u0027 times","floor":12.0,"gold_loss":0.0,"damage_taken":0.0},{"damage_healed":0,"gold_gain":0,"player_choice":"Ignored","damage_taken":0,"max_hp_gain":0,"max_hp_loss":0,"event_name":"Cursed Tome","floor":19,"gold_loss":0},{"damage_healed":0,"gold_gain":0,"player_choice":"Read","damage_taken":0,"max_hp_gain":0,"max_hp_loss":0,"event_name":"The Library","floor":21,"gold_loss":0,"cards_obtained":["Meditate"]}],"is_beta":false,"boss_relics":[{"not_picked":["Cursed Key","Runic Dome"],"picked":"VioletLotus"},{"not_picked":["Calling Bell","Sozu"],"picked":"Empty Cage"}],"items_purged_floors":[14,22],"is_endless":false,"potions_floor_spawned":[2,6,10,11,12,16,18,20,24,29,31,33,35,36,37,38,39],"killed_by":"Reptomancer","ascension_level":20}}