{"host":"iao9zlhzdan4iyha","time":1614447043,"event":{"mods":["BaseMod","Bestiary","BetterRewards","Curses Come First","Downfall","Hermit","Ironclad Rager","Minty Spire (QoL Compilation)","Quick Restart","Reliquary","Replay The Spire","Shop Mod","StSLib","The Bug Knight","The Runesmith"],"gold_per_floor":[110,164,164,175,194,194,220,220,275,275,293,323,323,498,498,597,597,615,93,93,106,106,106,137,155,155,155,172,24,24,24,24],"floor_reached":31,"language":"ENG","playtime":1705,"items_purged":["Doubt"],"score":274,"play_id":"43dbf13e-3797-4a4a-adf6-4bc9c6f48203","local_time":"20210227173043","is_ascension_mode":true,"campfire_choices":[{"data":"Bash","floor":6,"key":"SMITH"},{"data":"Anger","floor":10,"key":"SMITH"},{"floor":13,"key":"REST"},{"data":"Limit Break","floor":15,"key":"SMITH"},{"floor":23,"key":"REST"},{"floor":30,"key":"REST"}],"circlet_count":0,"master_deck":["Strike_R+1","Strike_R","Strike_R","Strike_R+1","Strike_R+1","Defend_R","Defend_R","Defend_R","Defend_R","Bash+1","Cleave","Cleave","Anger+1","Iron Wave","Limit Break+1","Impervious+1","Sword Boomerang","Apotheosis+1","Combust","Shrug It Off","Slimebound:CheckThePlaybook","downfall:Icky","Rupture+1","Infernal Blade","Run Through","Clash+1"],"relics":["Burning Blood","Potion Belt","Bag of Marbles","Orichalcum","Whetstone","Runic Cube","Membership Card","Runesmith:AutoHammer","Vajra","MerchantsRug","Blood Vial","Bottled Flame","reliquary:FerryPass","Guide Book"],"acts_visited":["Exordium","TheCity"],"potions_floor_usage":[7,12,24,28],"damage_taken":[{"damage":7,"enemies":"2 Louse","floor":1,"turns":3},{"damage":6,"enemies":"Cultist","floor":4,"turns":3},{"damage":15,"enemies":"Small Slimes","floor":5,"turns":4},{"damage":16,"enemies":"3 Sentries","floor":7,"turns":5},{"damage":4,"enemies":"Looter","floor":11,"turns":3},{"damage":11,"enemies":"Gremlin Nob","floor":12,"turns":3},{"damage":73,"enemies":"Hexaghost","floor":16,"turns":11},{"damage":20,"enemies":"3 Byrds","floor":18,"turns":6},{"damage":17,"enemies":"Shell Parasite","floor":21,"turns":5},{"damage":27,"enemies":"Gremlin Leader","floor":24,"turns":6},{"damage":27,"enemies":"Sentry and Sphere","floor":25,"turns":6},{"damage":9,"enemies":"Snecko","floor":28,"turns":4},{"damage":53,"enemies":"Book of Stabbing","floor":31,"turns":5}],"seed_played":"-1822077940686570090","potions_obtained":[{"floor":4,"key":"Fire Potion"},{"floor":7,"key":"Energy Potion"},{"floor":11,"key":"FearPotion"},{"floor":12,"key":"SteroidPotion"},{"floor":21,"key":"SkillPotion"},{"floor":25,"key":"FearPotion"}],"is_trial":false,"path_per_floor":["M","?","?","M","M","R","E","$","T","R","M","E","R","?","R","B",null,"M","$","?","M","?","R","E","M","T","?","M","$","R","E"],"character_chosen":"IRONCLAD","items_purchased":["Membership Card","Apotheosis","Runesmith:AutoHammer","Vajra","Combust","Shrug It Off","MerchantsRug","reliquary:FerryPass","Guide Book"],"campfire_rested":3,"item_purchase_floors":[19,19,19,19,19,19,19,29,29],"current_hp_per_floor":[79,79,79,79,70,70,60,60,60,60,62,57,80,80,80,13,80,66,66,66,55,40,65,44,25,25,25,24,24,49,0,0],"gold":24,"neow_bonus":"RANDOM_EVENT","is_daily":false,"chose_seed":false,"campfire_upgraded":3,"win_rate":0.0,"timestamp":1614447043,"path_taken":["M","?","?","M","?","R","E","$","T","R","M","E","R","?","R","BOSS","M","$","?","M","?","R","E","M","T","?","M","$","R","E"],"items_purchased_type":["Relic","Card","Relic","Relic","Card","Card","Relic","Relic","Relic"],"build_version":"2020-12-22","purchased_purges":1,"victory":false,"max_hp_per_floor":[80,80,80,80,80,80,80,80,80,80,80,80,80,80,80,80,80,80,80,80,80,85,85,85,85,85,85,85,85,85,85,85],"card_choices":[{"not_picked":["ReplayTheSpireMod:Strike From Hell","Feel No Pain"],"picked":"Heavy Blade","floor":1},{"not_picked":["Pommel Strike","Warcry"],"picked":"Cleave","floor":4},{"not_picked":["ReplayTheSpireMod:Strike From Hell","Evolve"],"picked":"Cleave","floor":5},{"not_picked":["Burning Pact","Shrug It Off"],"picked":"Anger","floor":7},{"not_picked":["Blood for Blood","Entrench"],"picked":"Iron Wave","floor":11},{"not_picked":["Blood for Blood","Inflame"],"picked":"Limit Break","floor":12},{"not_picked":["Replay:Many Hands","Brutality"],"picked":"Impervious","floor":16},{"not_picked":["ReplayTheSpireMod:Strike From Hell","Headbutt"],"picked":"Sword Boomerang","floor":18},{"not_picked":["Warcry","ReplayTheSpireMod:Strike From Hell"],"picked":"Rupture+1","floor":21},{"not_picked":["Body Slam","Dual Wield"],"picked":"Infernal Blade","floor":24},{"not_picked":["Impervious","True Grit"],"picked":"Run Through","floor":25},{"not_picked":["Pommel Strike+1","Havoc"],"picked":"Clash+1","floor":28}],"player_experience":113737,"relics_obtained":[{"floor":7,"key":"Bag of Marbles"},{"floor":9,"key":"Orichalcum"},{"floor":12,"key":"Whetstone"},{"floor":24,"key":"Blood Vial"},{"floor":26,"key":"Bottled Flame"}],"event_choices":[{"damage_healed":0,"gold_gain":54,"player_choice":"Gained Gold","damage_taken":0,"max_hp_gain":0,"max_hp_loss":0,"event_name":"Golden Wing","floor":2,"gold_loss":0},{"cards_removed":["Heavy Blade"],"damage_healed":0,"gold_gain":0,"player_choice":"Gave Card","damage_taken":0,"relics_obtained":["Potion Belt"],"max_hp_gain":0,"max_hp_loss":0,"event_name":"WeMeetAgain","floor":3,"gold_loss":0},{"damage_healed":0,"gold_gain":175,"player_choice":"AGREE","damage_taken":0,"max_hp_gain":0,"max_hp_loss":0,"event_name":"Liars Game","floor":14,"gold_loss":0,"cards_obtained":["Doubt"]},{"damage_healed":0,"gold_gain":0,"player_choice":"Shed Blood","damage_taken":20,"max_hp_gain":5,"max_hp_loss":0,"event_name":"Forgotten Altar","floor":22,"gold_loss":0}],"is_beta":false,"boss_relics":[{"not_picked":["reliquary:Ember","Empty Cage"],"picked":"Runic Cube"}],"items_purged_floors":[19],"is_endless":false,"potions_floor_spawned":[4,7,11,12,21,25],"killed_by":"Book of Stabbing","ascension_level":1}}