{"host":"jyt8vqv30ansoqx1","time":1614443535,"event":{"mods":["BaseMod","Colored Map","DeckTracker","Highlight Path","Minty Spire (QoL Compilation)","Relic Stats","StSLib","SuperFastMode"],"gold_per_floor":[111,130,130,80,93,93,134,134,157,193,216,216,216,229,229,229,229],"floor_reached":16,"language":"ENG","playtime":625,"items_purged":[],"score":220,"play_id":"9f7cd2c3-8d02-40a0-9166-1c3c17b4ff65","local_time":"20210227113215","is_ascension_mode":true,"campfire_choices":[{"data":"Wraith Form v2","floor":6.0,"key":"SMITH"},{"data":"Poisoned Stab","floor":8.0,"key":"SMITH"},{"data":"Finisher","floor":13.0,"key":"SMITH"},{"data":"Prepared","floor":15.0,"key":"SMITH"}],"circlet_count":0,"master_deck":["AscendersBane","Strike_G","Strike_G","Strike_G","Strike_G","Strike_G","Defend_G","Defend_G","Defend_G","Defend_G","Defend_G","Survivor","Neutralize","Wraith Form v2+1","Endless Agony","Blade Dance","Poisoned Stab+1","Deadly Poison","Escape Plan","Accuracy+1","Finisher+1","Prepared+1"],"relics":["Ring of the Snake","Golden Idol","Oddly Smooth Stone","Omamori","Bottled Tornado"],"acts_visited":["Exordium"],"potions_floor_usage":[],"damage_taken":[{"damage":0.0,"enemies":"Cultist","floor":1.0,"turns":4.0},{"damage":0.0,"enemies":"2 Louse","floor":2.0,"turns":3.0},{"damage":3.0,"enemies":"Small Slimes","floor":5.0,"turns":4.0},{"damage":12.0,"enemies":"3 Sentries","floor":7.0,"turns":8.0},{"damage":8.0,"enemies":"Gremlin Nob","floor":10.0,"turns":4.0},{"damage":0.0,"enemies":"Red Slaver","floor":11.0,"turns":3.0},{"damage":1.0,"enemies":"Looter","floor":14.0,"turns":3.0},{"damage":37,"enemies":"Slime Boss","floor":16,"turns":8}],"seed_played":"-8684998952750920657","potions_obtained":[{"floor":1.0,"key":"DistilledChaos"},{"floor":2.0,"key":"LiquidMemories"}],"is_trial":false,"path_per_floor":["M","M","?","$","M","R","E","R","T","E","M","?","R","M","R","B"],"character_chosen":"THE_SILENT","items_purchased":["Poisoned Stab"],"campfire_rested":0,"item_purchase_floors":[4],"current_hp_per_floor":[59,59,59,59,56,56,44,44,44,36,36,36,36,35,35,0,0],"gold":229,"neow_bonus":"ONE_RANDOM_RARE_CARD","is_daily":false,"chose_seed":false,"campfire_upgraded":4,"win_rate":0.0,"timestamp":1614443535,"path_taken":["M","?","?","$","M","R","E","R","T","E","M","?","R","?","R","BOSS"],"items_purchased_type":["Card"],"build_version":"2020-12-22","purchased_purges":0,"victory":false,"max_hp_per_floor":[66,66,60,60,60,60,60,60,60,60,60,60,60,60,60,60,60],"relic_stats":{"counters":[8,37],"Golden Idol":26,"obtain_stats":[{"Golden Idol":3,"Oddly Smooth Stone":7,"Omamori":9,"Bottled Tornado":10,"Ring of the Snake":0},{"Golden Idol":2,"Oddly Smooth Stone":4,"Omamori":4,"Bottled Tornado":5,"Ring of the Snake":0},{"Golden Idol":7,"Oddly Smooth Stone":19,"Omamori":19,"Bottled Tornado":23,"Ring of the Snake":0}],"Ring of the Snake":[18]},"card_choices":[{"not_picked":["Setup","Concentrate"],"picked":"Endless Agony","floor":1.0},{"not_picked":["Prepared","PiercingWail"],"picked":"Blade Dance","floor":2.0},{"not_picked":["Leg Sweep","Footwork"],"picked":"Deadly Poison","floor":5.0},{"not_picked":["Expertise","Footwork"],"picked":"Escape Plan","floor":7.0},{"not_picked":["Acrobatics","Grand Finale"],"picked":"Accuracy","floor":10.0},{"not_picked":["Deflect","Outmaneuver"],"picked":"Finisher","floor":11.0},{"not_picked":["Flying Knee","Cloak And Dagger"],"picked":"Prepared","floor":14.0}],"player_experience":1724632,"relics_obtained":[{"floor":7.0,"key":"Oddly Smooth Stone"},{"floor":9.0,"key":"Omamori"},{"floor":10.0,"key":"Bottled Tornado"}],"event_choices":[{"damage_healed":0.0,"max_hp_gain":0.0,"max_hp_loss":6.0,"gold_gain":0.0,"event_name":"Golden Idol","player_choice":"Lose Max HP","floor":3.0,"gold_loss":0.0,"damage_taken":0.0,"relics_obtained":["Golden Idol"]},{"damage_healed":0.0,"max_hp_gain":0.0,"max_hp_loss":0.0,"gold_gain":0.0,"event_name":"Upgrade Shrine","player_choice":"Upgraded","floor":12.0,"gold_loss":0.0,"damage_taken":0.0,"cards_upgraded":["Accuracy"]}],"is_beta":false,"boss_relics":[],"items_purged_floors":[],"is_endless":false,"potions_floor_spawned":[1,2],"killed_by":"Slime Boss","ascension_level":20}}