{"host":"v0dnu0zs4qo0v13s","time":1614389408,"event":{"mods":["BaseMod","Colored Map","Colored Powertips","Minty Spire (QoL Compilation)","Relic Stats","StSLib","SuperFastMode","everything is the same but u backflip on backflip"],"gold_per_floor":[109,209,228,248,248,248,291,316,316,316,316],"floor_reached":10,"language":"ENG","playtime":251,"items_purged":[],"score":109,"play_id":"7dcc336f-1178-452f-9d44-6f7c9efb98a5","local_time":"20210226203008","is_ascension_mode":true,"campfire_choices":[{"data":"Zap","floor":6,"key":"SMITH"}],"circlet_count":0,"master_deck":["AscendersBane","Strike_B","Strike_B","Strike_B","Strike_B","Defend_B","Defend_B","Defend_B","Defend_B","Zap+1","Dualcast","Self Repair","Streamline","Thunder Strike","Beam Cell","Self Repair"],"relics":["Cracked Core","NeowsBlessing","Golden Idol","Potion Belt","Sundial"],"acts_visited":["Exordium"],"potions_floor_usage":[7,10],"damage_taken":[{"damage":0,"enemies":"Cultist","floor":1,"turns":1},{"damage":0,"enemies":"Small Slimes","floor":3,"turns":1},{"damage":0,"enemies":"2 Louse","floor":4,"turns":1},{"damage":30,"enemies":"Lagavulin","floor":7,"turns":5},{"damage":25,"enemies":"Exordium Wildlife","floor":8,"turns":4},{"damage":16,"enemies":"Gremlin Nob","floor":10,"turns":2}],"seed_played":"-619473706566836688","potions_obtained":[{"floor":1,"key":"Swift Potion"},{"floor":4,"key":"CultistPotion"}],"is_trial":false,"path_per_floor":["M","?","M","M","?","R","E","M","T","E"],"character_chosen":"DEFECT","items_purchased":[],"campfire_rested":0,"item_purchase_floors":[],"current_hp_per_floor":[68,68,75,75,57,57,34,16,16,0,0],"gold":316,"neow_bonus":"THREE_ENEMY_KILL","is_daily":false,"chose_seed":false,"campfire_upgraded":1,"win_rate":0.0,"timestamp":1614389408,"path_taken":["M","?","?","M","?","R","E","M","T","E"],"items_purchased_type":[],"build_version":"2020-12-22","purchased_purges":0,"victory":false,"max_hp_per_floor":[75,75,75,75,75,75,75,75,75,75,75],"relic_stats":{"counters":[6,14],"Golden Idol":14,"Sundial":[0],"obtain_stats":[{"Potion Belt":7,"NeowsBlessing":0,"Golden Idol":5,"Sundial":9,"Cracked Core":0},{"Potion Belt":4,"NeowsBlessing":0,"Golden Idol":3,"Sundial":5,"Cracked Core":0},{"Potion Belt":8,"NeowsBlessing":0,"Golden Idol":3,"Sundial":12,"Cracked Core":0}]},"card_choices":[{"not_picked":["Capacitor","Stack"],"picked":"Self Repair","floor":1},{"not_picked":["Rebound","Ball Lightning"],"picked":"Streamline","floor":3},{"not_picked":["Chaos","Reinforced Body"],"picked":"Thunder Strike","floor":4},{"not_picked":["Streamline","Hyperbeam"],"picked":"Beam Cell","floor":7},{"not_picked":["Turbo","Leap"],"picked":"Self Repair","floor":8}],"player_experience":790258,"relics_obtained":[{"floor":7,"key":"Potion Belt"},{"floor":9,"key":"Sundial"}],"event_choices":[{"damage_healed":0,"gold_gain":100,"player_choice":"Gold","damage_taken":0,"max_hp_gain":0,"max_hp_loss":0,"event_name":"Wheel of Change","floor":2,"gold_loss":0},{"damage_healed":0,"gold_gain":0,"player_choice":"Take Damage","damage_taken":18,"relics_obtained":["Golden Idol"],"max_hp_gain":0,"max_hp_loss":0,"event_name":"Golden Idol","floor":5,"gold_loss":0}],"is_beta":false,"boss_relics":[],"items_purged_floors":[],"is_endless":false,"potions_floor_spawned":[1,4],"killed_by":"Gremlin Nob","ascension_level":12}}