{"host":"syse7109pvnv9ewm","time":1614451379,"event":{"mods":["Act Like it!","Aspiration","BaseMod","Beaked The Cultist","Better Altar","Better Match","Better Note","Better Sensory Stone","Better Skull","Better Third Choice","BetterRewards","CCEM2","Challenge The Spire","Colored Map","Conspire","Dio Mod","Elementarium","Energized Spire","Halation","Hallownest","Highlight Path","Hubris","Infinite Spire","Mad Scientist","Menagerie","Minty Spire (QoL Compilation)","Replay The Spire","Retaliation","Spicy Shops","StSLib","The Blue Laboratory","The Bug Knight","The Cursed","The Death Knight","The Disciple","The Jungle","Thieving Mod"],"gold_per_floor":[114,125,125,125,125,125,50,50,50],"floor_reached":8,"language":"ENG","playtime":192,"items_purged":["Strike_R"],"score":88,"play_id":"9cbad426-1bd7-4004-9463-4e207e07f81d","local_time":"20210227194259","is_ascension_mode":true,"campfire_choices":[],"circlet_count":0,"master_deck":["AscendersBane","Strike_R","Strike_R","Strike_R","Strike_R","Defend_R","Defend_R","Defend_R","Defend_R","Bash","Cleave","ReplayTheSpireMod:Strike From Hell"],"relics":["Burning Blood","halation:EternalFortune"],"acts_visited":["Exordium"],"potions_floor_usage":[],"damage_taken":[{"damage":16,"enemies":"Jaw Worm","floor":1,"turns":5},{"damage":7,"enemies":"Small Slimes","floor":2,"turns":3},{"damage":73,"enemies":"Lagavulin","floor":8,"turns":8}],"seed_played":"3472544411726140902","potions_obtained":[],"is_trial":false,"path_per_floor":["M","M","?","?","PTL","PTL","$","E"],"character_chosen":"IRONCLAD","items_purchased":[],"campfire_rested":0,"item_purchase_floors":[],"current_hp_per_floor":[65,64,69,72,72,72,72,0,0],"gold":50,"neow_bonus":"TEN_PERCENT_HP_BONUS","is_daily":false,"chose_seed":false,"campfire_upgraded":0,"win_rate":0.0,"timestamp":1614451379,"path_taken":["M","M","?","?","PTL","PTL","$","E"],"items_purchased_type":[],"build_version":"2020-12-22","purchased_purges":1,"victory":false,"max_hp_per_floor":[82,82,87,90,90,90,90,90,90],"card_choices":[{"not_picked":["Pommel Strike","Clothesline"],"picked":"Cleave","floor":1},{"not_picked":["Body Slam","Sword Boomerang"],"picked":"ReplayTheSpireMod:Strike From Hell","floor":2}],"player_experience":171405,"relics_obtained":[],"event_choices":[{"damage_healed":0,"gold_gain":0,"player_choice":"Donut","damage_taken":0,"max_hp_gain":5,"max_hp_loss":0,"event_name":"Big Fish","floor":3,"gold_loss":0}],"is_beta":false,"boss_relics":[],"items_purged_floors":[7],"is_endless":false,"potions_floor_spawned":[],"killed_by":"Lagavulin","ascension_level":20}}