{"host":"lktusdb9orijgc6z","time":1614433767,"event":{"mods":["BaseMod","Bestiary","Colored Map","Colored Powertips","Minty Spire (QoL Compilation)","Permanent Neow","Quick Restart","Relic Stats","StSLib","everything is the same but u backflip on backflip","slay the spire mod where everything is the same but ironclad has a cowboy hat"],"gold_per_floor":[115,115,265,265,276,276,8,8,35,35,45,79,79,99,99,99,99],"floor_reached":16,"language":"ENG","playtime":327,"items_purged":[],"score":196,"play_id":"38ac7971-0887-41f5-b67f-cb89252b9cd6","local_time":"20210227144927","is_ascension_mode":true,"campfire_choices":[{"data":"Sweeping Beam","floor":6.0,"key":"SMITH"},{"floor":10.0,"key":"REST"},{"data":"Sunder","floor":15.0,"key":"SMITH"}],"circlet_count":0,"master_deck":["AscendersBane","Strike_B","Strike_B","Defend_B","Defend_B+1","Defend_B","Zap","Dualcast+1","Sweeping Beam+1","Barrage","Sunder+1","Go for the Eyes","Glacier","Biased Cognition"],"relics":["Empty Cage","Matryoshka","Eternal Feather","Strawberry","Vajra","Art of War"],"acts_visited":["Exordium"],"potions_floor_usage":[16],"damage_taken":[{"damage":6.0,"enemies":"2 Louse","floor":1.0,"turns":3.0},{"damage":0.0,"enemies":"Jaw Worm","floor":5.0,"turns":4.0},{"damage":11.0,"enemies":"Small Slimes","floor":11.0,"turns":3.0},{"damage":32.0,"enemies":"Lagavulin","floor":12.0,"turns":7.0},{"damage":0.0,"enemies":"Looter","floor":14.0,"turns":2.0},{"damage":21,"enemies":"Slime Boss","floor":16,"turns":4}],"seed_played":"-5908470440981853539","potions_obtained":[{"floor":12.0,"key":"AttackPotion"},{"floor":14.0,"key":"Ancient Potion"}],"is_trial":false,"path_per_floor":["M","?","?","?","M","R","$","?","T","R","M","E","?","M","R","B"],"character_chosen":"DEFECT","items_purchased":["Matryoshka"],"campfire_rested":1,"item_purchase_floors":[7],"current_hp_per_floor":[58,37,37,30,30,30,30,12,19,48,37,5,5,5,11,0,0],"gold":99,"neow_bonus":"BOSS_RELIC","is_daily":false,"chose_seed":false,"campfire_upgraded":2,"win_rate":0.0,"timestamp":1614433767,"path_taken":["M","?","?","?","M","R","$","?","T","R","M","E","?","M","R","BOSS"],"items_purchased_type":["Relic"],"build_version":"2020-12-22","purchased_purges":0,"victory":false,"max_hp_per_floor":[71,71,71,71,71,71,71,71,78,78,78,78,78,78,78,78,78],"relic_stats":{"counters":[6,23],"Eternal Feather":12,"Art of War":[0],"obtain_stats":[{"Matryoshka":7,"Strawberry":9,"Vajra":9,"Eternal Feather":8,"Art of War":12,"Cracked Core":0,"Empty Cage":0},{"Matryoshka":2,"Strawberry":2,"Vajra":2,"Eternal Feather":2,"Art of War":4,"Cracked Core":0,"Empty Cage":0},{"Matryoshka":7,"Strawberry":7,"Vajra":7,"Eternal Feather":7,"Art of War":17,"Cracked Core":0,"Empty Cage":0}]},"card_choices":[{"not_picked":["Scrape","Undo"],"picked":"Sweeping Beam","floor":1.0},{"not_picked":["Steam Power","Loop"],"picked":"Barrage","floor":5.0},{"not_picked":["Chill","Streamline"],"picked":"Sunder","floor":11.0},{"not_picked":["Recycle","Skim"],"picked":"Go for the Eyes","floor":12.0},{"not_picked":["Ball Lightning","Go for the Eyes"],"picked":"Biased Cognition","floor":14.0}],"player_experience":845675,"relics_obtained":[{"floor":9.0,"key":"Strawberry"},{"floor":9.0,"key":"Vajra"},{"floor":12.0,"key":"Art of War"}],"event_choices":[{"damage_healed":0.0,"max_hp_gain":0.0,"max_hp_loss":0.0,"gold_gain":0.0,"event_name":"Shining Light","player_choice":"Entered Light","floor":2.0,"gold_loss":0.0,"damage_taken":21.0,"cards_upgraded":["Defend_B","Dualcast"]},{"damage_healed":0.0,"max_hp_gain":0.0,"max_hp_loss":0.0,"gold_gain":150.0,"event_name":"Liars Game","player_choice":"AGREE","floor":3.0,"gold_loss":0.0,"damage_taken":0.0,"cards_obtained":["Doubt"]},{"cards_removed":["Doubt"],"damage_healed":0.0,"max_hp_gain":0.0,"max_hp_loss":0.0,"gold_gain":0.0,"event_name":"Golden Wing","player_choice":"Card Removal","floor":4.0,"gold_loss":0.0,"damage_taken":7.0},{"damage_healed":0.0,"max_hp_gain":0.0,"max_hp_loss":0.0,"gold_gain":0.0,"event_name":"Scrap Ooze","player_choice":"Success","floor":8.0,"gold_loss":0.0,"damage_taken":18.0,"relics_obtained":["Eternal Feather"]},{"damage_healed":0.0,"max_hp_gain":0.0,"max_hp_loss":0.0,"gold_gain":0.0,"cards_transformed":["Strike_B"],"event_name":"Living Wall","player_choice":"Change","floor":13.0,"gold_loss":0.0,"damage_taken":0.0,"cards_obtained":["Glacier"]}],"is_beta":false,"boss_relics":[],"items_purged_floors":[],"is_endless":false,"potions_floor_spawned":[12,14],"killed_by":"Slime Boss","ascension_level":20}}