{"host":"0rn20prxkpuv2e47","time":1614428937,"event":{"mods":["100% Spire Juice","ATMod(阿瑾Mod)","Act Like it!","Arknights","BaseMod","Downfall","Gensokyo","Hallownest","Library of Ruina","Minty Spire (QoL Compilation)","MostiFishMod","Reimu（博丽灵梦）","Remilia（蕾米莉亚）","Robot Space Explorer","StSLib","The Animator","The Construct","The Cursed","The Mystic","The Servant 0.9.4","Warlord Emblem","[GremlinLeader]The Maniac","[IsaacMod]以撒尖塔","[功能]功能增强和修复MOD","noobMod","【功能Mod】聪明的最终Boss","【遗物卡牌】REMEMod"],"gold_per_floor":[125,149,51,51,16,16,121,121,121,154,154,154,154,468,468,966,966,979,969,235,235,235,270,270,270,270,270,520,545,545,542,542,863,863,891,891,858,733,733,980,800,800,800,816,853,830,895,882,882,903],"floor_reached":51,"language":"ZHS","playtime":1686,"items_purged":["Strike_S","Defend_S","Defend_S","Defend_S","Strike_S","Strike_S","Strike_S","FastForward","Revamp","MostiFishMod:ButterFly","Hallownest:curseDreamersLament","SoulSculpture+1","KidneyShot+1","SilverBlades","SurpressingFire+1","Embodiment+1","Finesse","Spin+1","Duplication","Unruled+1","LightFlow","DoubleEdge+1","Rearm","FlawlessForm","SilverBlades"],"score":1380,"play_id":"4995c8da-e1ed-4e4a-b0a3-8eb1e7b6cb75","local_time":"20210227202857","is_ascension_mode":true,"campfire_choices":[{"data":"maniac:Collecting","floor":6,"key":"SMITH"},{"data":"Luminosity","floor":8,"key":"SMITH"},{"data":"AT_EssenceShift","floor":15,"key":"SMITH"},{"data":"TheWorld","floor":24,"key":"SMITH"},{"data":"DoubleEdge","floor":25,"key":"SMITH"},{"data":"SurpressingFire","floor":27,"key":"SMITH"},{"data":"Embodiment","floor":30,"key":"SMITH"},{"data":"Spin","floor":32,"key":"SMITH"},{"data":"Unruled","floor":42,"key":"SMITH"},{"data":"Manipulate","floor":49,"key":"SMITH"}],"circlet_count":0,"master_deck":["AT_EssenceShift+1","maniac:Collecting+1","Luminosity+1","TheWorld+1","Master of Strategy+1","BottledTime+1","DoubleEdge+1","Comet+1","MostiFishMod:ButterFly+1","LightFlow+1","SpecialFormula","BottledTime","Manipulate+1","Orbit+1","Panache"],"relics":["Uniform","ice","AT_ATBox","REME_ComplimentaryCards","HushsDoor","DaveBox","SalivaCoin","ShadowXiaoBlade","SynthV:TestCard","Meat on the Bone","Gensokyo:PortableGap","MetatronsCube","Dream Catcher","DoctorsRemote","AT_GuinsooRageblade","AT_SunfireAegis","DeathBook","Gremlin Horn","Whetstone","AT_BladeRuinedKing","WarlordEmblem:MantleLazz","ClockworkSouvenir","Gensokyo:Justice","Lee\u0027s Waffle","Unceasing Top","WarlordEmblem:MantleWalana","AT_DeathDance","Mummified Hand","Singing Bowl","Black Star","PageOfLittleHelper","PageOfNosferatu","Toolbox","Eternal Feather","Civilization","Technique","REME_CardOfGreed","Dodecahedron","Molten Egg 2","Matryoshka","Frozen Eye","AT_ChloranthyRing","SteamSale","PageOfScorchedGirl","Bag of Preparation","StrikeDummy","Calipers","REME_ArchaeologicalTools","Mercury Hourglass","Centennial Puzzle","PageOfTodaysShyLook","HandDrill","StoneCalendar","ChiXiaoBlade","Hallownest:BeastSealRelic","AT_EbonyIvory","WarlordEmblem:OldTorch","TheAbacus","WarlordEmblem:BreastProtector","GuppysPaw","Medical Kit","WarlordEmblem:QuestShaman","Ornamental Fan","Ancient Tea Set","WarlordEmblem:BrokenMantle","Hallownest:StagBellRelic1","REME_LimitBreaker","Blue Candle","Peace Pipe","PageOfPunishingBird","PreservedInsect","Strange Spoon","PageOfLaetitia","PageOfGreed","SharpPlug","TheBible","Chaos"],"acts_visited":["Gensokyo:Gensokyo","Gensokyo:Gensokyoer","Hallownest:KingdomsEdge"],"potions_floor_usage":[23,33],"damage_taken":[{"damage":5,"enemies":"Gensokyo:3_Fairies","floor":1,"turns":3},{"damage":8,"enemies":"Gensokyo:Gryphon","floor":2,"turns":3},{"damage":109,"enemies":"Hiden Room Battle","floor":7,"turns":5},{"damage":0,"enemies":"Gensokyo:Aya","floor":10,"turns":1},{"damage":0,"enemies":"Gensokyo:Python","floor":14,"turns":1},{"damage":0,"enemies":"Gensokyo:Yukari","floor":16,"turns":2},{"damage":0,"enemies":"Gensokyo:CosmicMonolith","floor":18,"turns":1},{"damage":0,"enemies":"Gensokyo:Tenshi","floor":23,"turns":1},{"damage":0,"enemies":"Gensokyo:Reisen","floor":29,"turns":1},{"damage":0,"enemies":"Gensokyo:Eiki","floor":33,"turns":1},{"damage":0,"enemies":"Hallownest:Shield_Heavy","floor":35,"turns":1},{"damage":0,"enemies":"Hallownest:eliteCollector","floor":40,"turns":1},{"damage":0,"enemies":"Hallownest:3_Siblings","floor":44,"turns":1},{"damage":0,"enemies":"Hallownest:StalkingDevout","floor":45,"turns":1},{"damage":0,"enemies":"Hiden Room Battle","floor":47,"turns":1},{"damage":0,"enemies":"Hallownest:Radiance","floor":50,"turns":1}],"seed_played":"-6388421912700779776","potions_obtained":[{"floor":2,"key":"Fire Potion"},{"floor":16,"key":"champ:CounterPotion"},{"floor":23,"key":"REME_GoldPotion"},{"floor":33,"key":"REME_GoldPotion"},{"floor":40,"key":"PowerPotion"}],"is_trial":false,"path_per_floor":["M","M","COS","?","$","R","?","R","T","E","$","?","$","M","R","B",null,"M","$","COS","$","$","E","R","R","T","R","?","E","R","$","R","B",null,"M","?","$","?","$","E","?","R","T","M","E","$","?","$","R","B",null],"character_chosen":"THE_SERVANT","items_purchased":["MetatronsCube","Dream Catcher","DoctorsRemote","SilverBlades","Energy Potion","Revamp","AT_BladeRuinedKing","WarlordEmblem:MantleLazz","ClockworkSouvenir","SurpressingFire","Master of Strategy","Lee\u0027s Waffle","Unceasing Top","WarlordEmblem:MantleWalana","BottledTime","Spin","MostiFishMod:ButterFly","PageOfNosferatu","Toolbox","Eternal Feather","DoubleEdge","Molten Egg 2","Matryoshka","Frozen Eye","AT_ChloranthyRing","SteamSale","PageOfScorchedGirl","Centennial Puzzle","MostiFishMod:ButterFly+1","PageOfTodaysShyLook","HandDrill","SpecialFormula","Finesse","AT_EbonyIvory","WarlordEmblem:OldTorch","TheAbacus","DoubleEdge+1","GuppysPaw","Medical Kit","WarlordEmblem:QuestShaman","PreservedInsect","Strange Spoon","PageOfLaetitia","Manipulate","Orbit+1","SilverBlades","SharpPlug","TheBible","Chaos","Panache"],"campfire_rested":0,"item_purchase_floors":[5,5,5,5,5,5,11,11,11,11,11,13,13,13,13,13,17,19,19,19,19,21,21,21,22,22,22,31,31,31,31,34,34,37,37,37,39,39,39,39,46,46,46,46,46,46,48,48,48,48],"current_hp_per_floor":[60,52,52,52,52,52,42,42,42,42,42,42,65,65,65,65,63,65,13,13,13,13,32,44,56,56,68,68,74,86,86,98,105,102,107,107,107,107,107,119,119,131,131,142,153,150,157,157,157,162],"gold":903,"neow_bonus":"REMOVE_CARD","is_daily":false,"chose_seed":false,"campfire_upgraded":10,"win_rate":0.0,"timestamp":1614428937,"path_taken":["M","M","COS","?","$","R","?","R","T","E","$","?","$","?","R","BOSS","M","$","COS","$","$","E","R","R","T","R","?","E","R","$","R","BOSS","M","?","$","?","$","E","?","R","T","?","E","$","?","$","R","BOSS"],"items_purchased_type":["Relic","Relic","Relic","Card","Potion","Card","Relic","Relic","Relic","Card","Card","Relic","Relic","Relic","Card","Card","Card","Relic","Relic","Relic","Card","Relic","Relic","Relic","Relic","Relic","Relic","Relic","Card","Relic","Relic","Card","Card","Relic","Relic","Relic","Card","Relic","Relic","Relic","Relic","Relic","Relic","Card","Card","Card","Relic","Relic","Card","Card"],"build_version":"2020-12-22","purchased_purges":25,"victory":true,"max_hp_per_floor":[65,65,65,59,56,56,61,61,61,61,61,58,65,65,65,65,63,65,114,111,108,108,111,108,108,108,108,102,104,104,104,104,107,102,107,107,107,132,132,139,139,139,139,146,153,150,157,157,157,162],"card_choices":[{"not_picked":["Revamp","GearUp"],"picked":"FastForward","floor":1},{"not_picked":["Ricochet","FastForward","ShiftingGears","KillingDoll"],"picked":"Rearm","floor":2},{"not_picked":["Unruled","Foresight","Alleviate","Rearm"],"picked":"Luminosity","floor":7},{"not_picked":["Gouge","Alleviate","ShatteredReality","Comet"],"picked":"TheWorld","floor":10},{"not_picked":["Potential","Manipulate","Gouge","Replace"],"picked":"Unruled","floor":14},{"not_picked":["Embodiment","Duplication","SoulSculpture","SilverMatrix"],"picked":"LightFlow","floor":16},{"not_picked":["ForgedInTime","TheWorld","Embodiment","Solidify"],"picked":"Duplication","floor":16},{"not_picked":["SoulSculpture","Initiator","Duplication","MurderousAura"],"picked":"Embodiment","floor":16},{"not_picked":["Desolation","Replace","Snipe","SurpressingFire+1","Defy+1"],"picked":"Singing Bowl","floor":18},{"not_picked":["Misdirection","Alleviate","Unruled+1","Ricochet+1","Advance"],"picked":"Singing Bowl","floor":23},{"not_picked":["Defy","DoubleEdge+1","Unruled+1","Revamp+1"],"picked":"Comet+1","floor":29},{"not_picked":["Duplication","Embodiment","SilverMatrix","TrueSight"],"picked":"LightFlow+1","floor":33},{"not_picked":["PendulumOfEternity+1","Initiator+1","Sunlight+1","Embodiment"],"picked":"SoulSculpture+1","floor":33},{"not_picked":["Deny","Duplication","Initiator+1","MurderousAura"],"picked":"FlawlessForm","floor":33},{"not_picked":["Ricochet+1","Collapse+1","Defy+1","InstantArmor+1"],"picked":"BottledTime","floor":35},{"not_picked":["DoubleEdge+1","Misdirection","InstantArmor","Comet+1","RealityMarble"],"picked":"Singing Bowl","floor":40},{"not_picked":["Barrier+1","Misdirection+1","Defy+1","FastForward+1","Potential+1"],"picked":"Singing Bowl","floor":44},{"not_picked":["FanOfKnives+1","Potential+1","Defy","Spin+1","Reset"],"picked":"Singing Bowl","floor":45},{"not_picked":["DoubleEdge+1","Ricochet+1","Barrier+1","Replace+1","InstantArmor"],"picked":"Singing Bowl","floor":47}],"player_experience":165870,"relics_obtained":[{"floor":1,"key":"SynthV:TestCard"},{"floor":7,"key":"AT_SunfireAegis"},{"floor":7,"key":"DeathBook"},{"floor":9,"key":"Gremlin Horn"},{"floor":10,"key":"Whetstone"},{"floor":16,"key":"Singing Bowl"},{"floor":23,"key":"StrikeDummy"},{"floor":26,"key":"Calipers"},{"floor":29,"key":"REME_ArchaeologicalTools"},{"floor":29,"key":"Mercury Hourglass"},{"floor":33,"key":"StoneCalendar"},{"floor":40,"key":"Ancient Tea Set"},{"floor":40,"key":"WarlordEmblem:BrokenMantle"},{"floor":43,"key":"REME_LimitBreaker"},{"floor":43,"key":"Blue Candle"},{"floor":45,"key":"PageOfPunishingBird"},{"floor":47,"key":"PageOfGreed"}],"event_choices":[{"damage_healed":0,"gold_gain":0,"player_choice":"Fight","damage_taken":0,"max_hp_gain":0,"max_hp_loss":0,"event_name":"HidenRoomEvent","floor":7,"gold_loss":0},{"damage_healed":0,"gold_gain":0,"player_choice":"Fight","damage_taken":0,"max_hp_gain":0,"max_hp_loss":0,"event_name":"HidenRoomEvent","floor":47,"gold_loss":0}],"is_beta":false,"boss_relics":[{"not_picked":["REME_DemonsWealth","Runic Pyramid"],"picked":"Black Star"},{"not_picked":[]},{"not_picked":["WarlordEmblem:SaveLoadDisk","JellyFishMachine"],"picked":"ChiXiaoBlade"},{"not_picked":[]}],"items_purged_floors":[5,5,5,5,5,5,5,19,19,31,37,37,37,37,37,37,37,46,46,46,46,46,48,48,48],"is_endless":false,"potions_floor_spawned":[1,2,2,14,14,16,23,23,23,29,33,33,35,40,40,44,45,47],"ascension_level":4}}