{"host":"g5zc4ej6zn2at89o","time":1614432862,"event":{"mods":["2.2 Compatiblity","AchievementEnabler","BaseMod","Colored Map","DeckTracker","Highlight Path","KOR Keyword Fix","Keyboard Shortcuts","Minty Spire (QoL Compilation)","Permanent Neow","Quick Restart","Say the Spire","StSLib","SuperFastMode","everything is the same but u backflip on backflip"],"gold_per_floor":[118,118,131,145,74,103,103,123,204,204,204,223,236,124,124,222,222,236,212,231,330,330,330,345,358,383,383,397,67,94,108,108,208,208,222,234,254,10,0,0,0,0,0,0,0,0,31,31,31,31],"floor_reached":51,"language":"KOR","playtime":2838,"items_purged":["Strike_G","A Thousand Cuts"],"score":745,"play_id":"bb8db68e-f0d9-4846-a4fa-266fb5335f9f","local_time":"20210227223422","is_ascension_mode":false,"campfire_choices":[{"floor":7.0,"key":"REST"},{"floor":11.0,"key":"REST"},{"floor":15.0,"key":"REST"},{"floor":23.0,"key":"REST"},{"floor":32,"key":"REST"},{"floor":40,"key":"REST"},{"floor":44,"key":"REST"},{"floor":46,"key":"RECALL"},{"floor":49,"key":"REST"}],"circlet_count":0,"master_deck":["Survivor","Neutralize","Outmaneuver","Dagger Spray","PiercingWail","Dagger Spray","Burst","Backflip","Prepared","Footwork","Masterful Stab","Tools of the Trade","Wraith Form v2","Catalyst","Backflip","Dagger Throw","Noxious Fumes","Blur","Bouncing Flask","Crippling Poison","Deadly Poison","Deadly Poison+1","Acrobatics","Deflect+1","Corpse Explosion","Bullet Time","Catalyst+1","Madness","Madness"],"relics":["Fusion Hammer","CultistMask","Lizard Tail","Singing Bowl","HornCleat","Pandora\u0027s Box","Bronze Scales","Tiny Chest","Blue Candle","Paper Crane","Bottled Lightning","Busted Crown","Juzu Bracelet","Red Mask","Bag of Preparation","Incense Burner","Pen Nib"],"acts_visited":["Exordium","TheCity","TheBeyond"],"potions_floor_usage":[33,33],"damage_taken":[{"damage":0.0,"enemies":"Jaw Worm","floor":1.0,"turns":4.0},{"damage":1.0,"enemies":"Cultist","floor":3.0,"turns":4.0},{"damage":0.0,"enemies":"2 Louse","floor":4.0,"turns":2.0},{"damage":47.0,"enemies":"Lagavulin","floor":6.0,"turns":10.0},{"damage":19.0,"enemies":"Exordium Thugs","floor":8.0,"turns":6.0},{"damage":1.0,"enemies":"2 Fungi Beasts","floor":12.0,"turns":2.0},{"damage":9.0,"enemies":"Gremlin Gang","floor":13.0,"turns":6.0},{"damage":26.0,"enemies":"Hexaghost","floor":16.0,"turns":11.0},{"damage":12.0,"enemies":"Shell Parasite","floor":18.0,"turns":6.0},{"damage":0.0,"enemies":"Chosen","floor":20.0,"turns":4.0},{"damage":0.0,"enemies":"Sentry and Sphere","floor":24.0,"turns":5.0},{"damage":0.0,"enemies":"Snake Plant","floor":25.0,"turns":4.0},{"damage":0,"enemies":"Snecko","floor":28,"turns":3},{"damage":11,"enemies":"Book of Stabbing","floor":30,"turns":4},{"damage":7,"enemies":"Centurion and Healer","floor":31,"turns":3},{"damage":11,"enemies":"Collector","floor":33,"turns":7},{"damage":3,"enemies":"3 Shapes","floor":35,"turns":3},{"damage":24,"enemies":"3 Darklings","floor":36,"turns":3},{"damage":4,"enemies":"Writhing Mass","floor":37,"turns":3},{"damage":17,"enemies":"Reptomancer","floor":47,"turns":3},{"damage":0,"enemies":"Time Eater","floor":50,"turns":5}],"seed_played":"-8424342406145205817","potions_obtained":[{"floor":6.0,"key":"BlessingOfTheForge"},{"floor":8.0,"key":"ColorlessPotion"},{"floor":13.0,"key":"SkillPotion"},{"floor":24.0,"key":"Ancient Potion"},{"floor":30,"key":"DistilledChaos"},{"floor":31,"key":"Poison Potion"},{"floor":36,"key":"Weak Potion"},{"floor":37,"key":"Strength Potion"}],"is_trial":false,"path_per_floor":["M","?","M","M","$","E","R","M","T","T","R","M","M","$","R","B",null,"M","$","M","?","?","R","M","M","T","?","M","$","E","M","R","B",null,"M","M","M","$","?","R","?","T","T","R","?","R","E","?","R","B",null],"character_chosen":"THE_SILENT","items_purchased":["PiercingWail","Dagger Spray","Footwork","Deadly Poison","Paper Crane","Corpse Explosion","Juzu Bracelet"],"campfire_rested":8,"item_purchase_floors":[5,5,14,19,29,29,38],"current_hp_per_floor":[70,70,69,69,69,22,43,24,24,24,45,46,37,37,58,32,72,60,60,60,60,60,72,72,74,74,74,74,74,65,60,78,67,78,77,53,51,51,51,75,65,65,65,82,82,82,67,67,84,84],"gold":31,"neow_bonus":"BOSS_RELIC","is_daily":false,"chose_seed":false,"campfire_upgraded":0,"win_rate":0.0,"timestamp":1614432862,"path_taken":["M","?","M","M","?","E","R","M","T","?","R","?","M","$","R","BOSS","M","$","M","?","?","R","?","M","T","?","M","$","E","M","R","BOSS","M","M","M","$","?","R","?","?","T","R","?","R","E","?","R","BOSS"],"items_purchased_type":["Card","Card","Card","Card","Relic","Card","Relic"],"build_version":"2020-12-22","purchased_purges":2,"victory":true,"max_hp_per_floor":[70,70,70,70,70,70,70,70,70,70,70,72,72,72,72,72,72,72,72,72,72,72,72,72,74,74,74,74,74,76,78,78,78,78,80,80,82,82,82,82,82,82,82,82,82,82,84,84,84,84],"card_choices":[{"not_picked":["Underhanded Strike","Leg Sweep"],"picked":"Slice","floor":1.0},{"not_picked":["Backflip","Flying Knee"],"picked":"Outmaneuver","floor":3.0},{"not_picked":["PiercingWail","Backflip"],"picked":"Dagger Spray","floor":4.0},{"not_picked":["Deadly Poison","Underhanded Strike"],"picked":"Burst","floor":6.0},{"not_picked":["Dagger Spray","Expertise"],"picked":"Backflip","floor":8.0},{"not_picked":["PiercingWail","Underhanded Strike","Sucker Punch"],"picked":"Singing Bowl","floor":12.0},{"not_picked":["Sucker Punch","Poisoned Stab"],"picked":"Prepared","floor":13.0},{"not_picked":["Burst","Grand Finale"],"picked":"A Thousand Cuts","floor":16.0},{"not_picked":["Reflex","Sucker Punch+1"],"picked":"Crippling Poison","floor":18.0},{"not_picked":["Cloak And Dagger","Caltrops"],"picked":"Deadly Poison+1","floor":20.0},{"not_picked":["Underhanded Strike+1","Sucker Punch"],"picked":"Acrobatics","floor":24.0},{"not_picked":["Outmaneuver","Cloak And Dagger+1","Noxious Fumes"],"picked":"Singing Bowl","floor":25.0},{"not_picked":["Dagger Throw+1","Flying Knee"],"picked":"Deflect+1","floor":28},{"not_picked":["Infinite Blades","Flying Knee","Cloak And Dagger"],"picked":"Singing Bowl","floor":30},{"not_picked":["Flying Knee","Outmaneuver","Deflect"],"picked":"Singing Bowl","floor":31},{"not_picked":["Venomology","Burst"],"picked":"Bullet Time","floor":33},{"not_picked":["PiercingWail"],"picked":"Singing Bowl","floor":35},{"not_picked":[],"picked":"Catalyst+1","floor":36},{"not_picked":["Flechettes+1"],"picked":"Singing Bowl","floor":37},{"not_picked":["Masterful Stab"],"picked":"Singing Bowl","floor":47}],"player_experience":126900,"relics_obtained":[{"floor":6.0,"key":"Lizard Tail"},{"floor":9.0,"key":"Singing Bowl"},{"floor":10.0,"key":"HornCleat"},{"floor":22.0,"key":"Bronze Scales"},{"floor":26.0,"key":"Tiny Chest"},{"floor":30,"key":"Bottled Lightning"},{"floor":42,"key":"Bag of Preparation"},{"floor":43,"key":"Incense Burner"},{"floor":47,"key":"Pen Nib"}],"event_choices":[{"damage_healed":0.0,"max_hp_gain":0.0,"max_hp_loss":0.0,"gold_gain":0.0,"event_name":"FaceTrader","player_choice":"Trade","floor":2.0,"gold_loss":0.0,"damage_taken":0.0,"relics_obtained":["CultistMask"]},{"damage_healed":0.0,"max_hp_gain":0.0,"max_hp_loss":0.0,"gold_gain":99.0,"event_name":"Nest","player_choice":"Stole From Cult","floor":21.0,"gold_loss":0.0,"damage_taken":0.0},{"damage_healed":0.0,"max_hp_gain":0.0,"max_hp_loss":0.0,"gold_gain":0.0,"event_name":"Wheel of Change","player_choice":"Relic","floor":22.0,"gold_loss":0.0,"damage_taken":0.0},{"damage_healed":0.0,"max_hp_gain":0.0,"max_hp_loss":0.0,"gold_gain":0.0,"event_name":"WeMeetAgain","player_choice":"Gave Potion","floor":27.0,"gold_loss":0.0,"damage_taken":0.0,"relics_obtained":["Blue Candle"]},{"damage_healed":0,"gold_gain":0,"player_choice":"Paid","damage_taken":0,"relics_obtained":["Red Mask"],"max_hp_gain":0,"max_hp_loss":0,"event_name":"Tomb of Lord Red Mask","floor":39,"gold_loss":10},{"damage_healed":0,"gold_gain":0,"player_choice":"Embrace Madness","damage_taken":10,"max_hp_gain":0,"max_hp_loss":0,"event_name":"Winding Halls","floor":41,"gold_loss":0,"cards_obtained":["Madness","Madness"]},{"cards_removed":["Slice"],"damage_healed":0,"gold_gain":0,"player_choice":"Removed Attack","damage_taken":0,"max_hp_gain":0,"max_hp_loss":0,"event_name":"Falling","floor":45,"gold_loss":0},{"damage_healed":0,"gold_gain":0,"player_choice":"Ignored","damage_taken":0,"max_hp_gain":0,"max_hp_loss":0,"event_name":"Mysterious Sphere","floor":48,"gold_loss":0}],"is_beta":false,"boss_relics":[{"not_picked":["Philosopher\u0027s Stone","HoveringKite"],"picked":"Pandora\u0027s Box"},{"not_picked":["SlaversCollar","Snecko Eye"],"picked":"Busted Crown"}],"items_purged_floors":[14,38],"is_endless":false,"potions_floor_spawned":[6,8,13,24,30,31,36,37],"ascension_level":0}}