{"host":"32dedufnxebqtmo3","time":1614423041,"event":{"mods":["AchievementEnabler","Aya Shameimaru","BaseMod","Better Third Choice","Bossed Relics","Card Filter","Colored Powertips","Defuse TimeMaze Blight","GifTheSpireLib","Minty Spire (QoL Compilation)","Permanent Neow","Relic Filter","Relic Stats","Remove Card Discount Mod","Shop Mod","StSLib","The Cursed","Unceasing Turn Reminder"],"gold_per_floor":[117,130,147,65,78,78,103,115,115,115,146,146,25,25,25,127,127,146,146,178,192,192,223,238,251,322,334,365,365,17,17,17,121,121,133,22,41,52,52,52,78,92,92,106,106,116,132,144,144,144],"floor_reached":51,"language":"ENG","playtime":4521,"items_purged":["shameimaru:Strike","shameimaru:Strike","shameimaru:Strike","shameimaru:Strike","Regret","shameimaru:Defend"],"score":831,"play_id":"f7553998-b94c-4bdf-9c6c-c05ec765297a","local_time":"20210227025041","is_ascension_mode":false,"campfire_choices":[{"data":"shameimaru:CandidShot","floor":6,"key":"SMITH"},{"data":"shameimaru:Tailwind","floor":15,"key":"SMITH"},{"data":"shameimaru:WidespreadPropaganda","floor":29,"key":"SMITH"},{"data":"shameimaru:Tailwind","floor":32,"key":"SMITH"},{"data":"shameimaru:PlayfulTaunt","floor":40,"key":"SMITH"},{"data":"shameimaru:IllusoryDominance","floor":49,"key":"SMITH"}],"circlet_count":0,"master_deck":["shameimaru:Defend","shameimaru:Defend","shameimaru:Defend","shameimaru:PlayfulTaunt+1","shameimaru:SnapshotStrike","shameimaru:GatherEvidence","shameimaru:Opportunity","shameimaru:Foresight+1","shameimaru:CandidShot+1","shameimaru:QuickReporting","shameimaru:Preparation","shameimaru:Tailwind+1","shameimaru:IllusoryDominance+1","shameimaru:WidespreadPropaganda+1","shameimaru:SkywardSonnet+1","shameimaru:Tailwind+1","Bandage Up","Bandage Up","shameimaru:AutumnalFallWind","shameimaru:Opportunity+1","shameimaru:Preparation+1","shameimaru:Tailwind","shameimaru:DoctoredImage+1","shameimaru:Foresight+1","shameimaru:LibraryResearch"],"relics":["shameimaru:blackbirdfeather","Ornamental Fan","The Courier","Oddly Smooth Stone","Boot","Membership Card","Mercury Hourglass","Pandora\u0027s Box","Red Mask","Thread and Needle","Gremlin Horn","Potion Belt","Medical Kit","Orichalcum","Torii","Lizard Tail","SlaversCollar","Toxic Egg 2","HornCleat","Toy Ornithopter"],"acts_visited":["Exordium","TheCity","TheBeyond"],"potions_floor_usage":[23,41,44,50,50,50],"damage_taken":[{"damage":0,"enemies":"Cultist","floor":1,"turns":6},{"damage":0,"enemies":"2 Louse","floor":2,"turns":3},{"damage":2,"enemies":"Small Slimes","floor":3,"turns":6},{"damage":2,"enemies":"Looter","floor":5,"turns":4},{"damage":0,"enemies":"Lagavulin","floor":7,"turns":5},{"damage":0,"enemies":"Blue Slaver","floor":8,"turns":5},{"damage":4,"enemies":"3 Sentries","floor":11,"turns":8},{"damage":8,"enemies":"The Guardian","floor":16,"turns":9},{"damage":6,"enemies":"2 Thieves","floor":18,"turns":4},{"damage":9,"enemies":"Masked Bandits","floor":20,"turns":4},{"damage":0,"enemies":"Chosen","floor":21,"turns":4},{"damage":12,"enemies":"Book of Stabbing","floor":23,"turns":7},{"damage":0,"enemies":"Snecko","floor":24,"turns":4},{"damage":0,"enemies":"3 Cultists","floor":25,"turns":6},{"damage":0,"enemies":"Snake Plant","floor":27,"turns":4},{"damage":1,"enemies":"Slavers","floor":28,"turns":5},{"damage":0,"enemies":"Collector","floor":33,"turns":8},{"damage":0,"enemies":"3 Darklings","floor":35,"turns":5},{"damage":0,"enemies":"Orb Walker","floor":37,"turns":4},{"damage":13,"enemies":"Maw","floor":38,"turns":7},{"damage":0,"enemies":"Reptomancer","floor":41,"turns":3},{"damage":1,"enemies":"Spire Growth","floor":42,"turns":6},{"damage":0,"enemies":"4 Shapes","floor":44,"turns":5},{"damage":0,"enemies":"Sphere and 2 Shapes","floor":46,"turns":5},{"damage":0,"enemies":"Jaw Worm Horde","floor":47,"turns":4},{"damage":0,"enemies":"3 Darklings","floor":48,"turns":4},{"damage":0,"enemies":"Awakened One","floor":50,"turns":6}],"seed_played":"641279846792620955","potions_obtained":[{"floor":5,"key":"Weak Potion"},{"floor":8,"key":"PowerPotion"},{"floor":16,"key":"Weak Potion"},{"floor":24,"key":"Dexterity Potion"},{"floor":28,"key":"Swift Potion"},{"floor":33,"key":"CultistPotion"},{"floor":41,"key":"AttackPotion"},{"floor":48,"key":"Dexterity Potion"}],"is_trial":false,"path_per_floor":["M","M","M","$","M","R","E","M","T","?","E","?","$","?","R","B",null,"M","?","?","M","?","E","M","M","T","M","E","R","$","T","R","B",null,"M","$","M","M","?","R","E","M","T","M","?","M","M","M","R","B",null],"character_chosen":"AYA","items_purchased":["shameimaru:QuickReporting","Membership Card","Medical Kit","shameimaru:Tailwind","Orichalcum","Torii","Bandage Up","Bandage Up","Toxic Egg 2","shameimaru:Opportunity+1"],"campfire_rested":0,"item_purchase_floors":[4,13,30,30,30,30,30,30,36,36],"current_hp_per_floor":[80,80,78,78,76,76,76,76,76,76,72,72,72,54,54,46,80,74,74,65,65,65,53,53,53,53,53,52,52,52,52,52,60,80,80,80,80,68,68,68,76,80,80,80,80,80,80,80,80,80],"gold":144,"neow_bonus":"ONE_RANDOM_RARE_CARD","is_daily":false,"chose_seed":false,"campfire_upgraded":6,"win_rate":0.0,"timestamp":1614423041,"path_taken":["M","M","M","$","M","R","E","M","T","?","E","?","$","?","R","BOSS","M","?","?","M","?","E","M","M","T","M","E","R","$","?","R","BOSS","M","$","M","M","?","R","E","?","T","M","?","M","M","?","R","BOSS"],"items_purchased_type":["Card","Relic","Relic","Card","Relic","Relic","Card","Card","Relic","Card"],"build_version":"2020-12-22","purchased_purges":6,"victory":true,"max_hp_per_floor":[80,80,80,80,80,80,80,80,80,80,80,80,80,80,80,80,80,80,80,80,80,80,80,80,80,80,80,80,80,80,80,80,80,80,80,80,80,80,80,80,80,80,80,80,80,80,80,80,80,80],"relic_stats":{"Lizard Tail":0,"Gremlin Horn":[19,19],"Torii":5,"counters":[27,141],"Ornamental Fan":[8],"Pandora\u0027s Box":[],"Orichalcum":[48],"Boot":[23],"Medical Kit":[6],"obtain_stats":[{"Potion Belt":28,"shameimaru:blackbirdfeather":0,"Gremlin Horn":26,"Torii":30,"Oddly Smooth Stone":11,"Thread and Needle":23,"The Courier":9,"Orichalcum":30,"Boot":12,"Medical Kit":30,"Mercury Hourglass":14,"SlaversCollar":34,"Lizard Tail":31,"HornCleat":41,"Ornamental Fan":7,"Pandora\u0027s Box":17,"Red Mask":20,"Membership Card":13,"Toxic Egg 2":36,"Toy Ornithopter":43},{"Potion Belt":16,"shameimaru:blackbirdfeather":0,"Gremlin Horn":14,"Torii":16,"Oddly Smooth Stone":7,"Thread and Needle":12,"The Courier":6,"Orichalcum":16,"Boot":7,"Medical Kit":16,"Mercury Hourglass":7,"SlaversCollar":17,"Lizard Tail":16,"HornCleat":21,"Ornamental Fan":5,"Pandora\u0027s Box":8,"Red Mask":10,"Membership Card":7,"Toxic Egg 2":18,"Toy Ornithopter":22},{"Potion Belt":84,"shameimaru:blackbirdfeather":0,"Gremlin Horn":75,"Torii":84,"Oddly Smooth Stone":37,"Thread and Needle":65,"The Courier":29,"Orichalcum":84,"Boot":37,"Medical Kit":84,"Mercury Hourglass":37,"SlaversCollar":92,"Lizard Tail":84,"HornCleat":111,"Ornamental Fan":24,"Pandora\u0027s Box":46,"Red Mask":54,"Membership Card":37,"Toxic Egg 2":97,"Toy Ornithopter":117}],"Toy Ornithopter":0,"Mercury Hourglass":[480]},"card_choices":[{"not_picked":["shameimaru:GaleBullet","shameimaru:GustFan"],"picked":"shameimaru:Opportunity","floor":1},{"not_picked":["shameimaru:Imitation","shameimaru:BlindingSpeed"],"picked":"shameimaru:Foresight","floor":2},{"not_picked":["shameimaru:Opportunity","shameimaru:LoadedStatement"],"picked":"shameimaru:CandidShot","floor":3},{"not_picked":["shameimaru:Foresight","shameimaru:EvasiveManeuver","shameimaru:QuickReporting"],"picked":"SKIP","floor":5},{"not_picked":["shameimaru:AirSlash","shameimaru:CandidShot"],"picked":"shameimaru:Preparation","floor":7},{"not_picked":["shameimaru:GatherEvidence","shameimaru:Imitation","shameimaru:GroupPhoto"],"picked":"SKIP","floor":8},{"not_picked":["shameimaru:ReporterInstinct","shameimaru:IntertwinedWinds"],"picked":"shameimaru:Tailwind","floor":11},{"not_picked":["shameimaru:EvasiveForm","shameimaru:OutburstingGust"],"picked":"shameimaru:IllusoryDominance","floor":16},{"not_picked":["shameimaru:GustFan","shameimaru:EvasiveManeuver","shameimaru:ReporterInstinct"],"picked":"SKIP","floor":18},{"not_picked":["shameimaru:BlindingSpeed","shameimaru:LoadedStatement+1","shameimaru:Persuade"],"picked":"SKIP","floor":21},{"not_picked":["shameimaru:GroupPhoto+1","shameimaru:DashingGrace"],"picked":"shameimaru:SkywardSonnet+1","floor":23},{"not_picked":["shameimaru:FlutteringFeyFan","shameimaru:AirSlash","shameimaru:GaleBullet"],"picked":"SKIP","floor":24},{"not_picked":["shameimaru:Photoshoot","shameimaru:ForseenReaction","shameimaru:GustFan"],"picked":"SKIP","floor":25},{"not_picked":["shameimaru:BlindingSpeed","shameimaru:SuddenOutburst+1","shameimaru:CandidShot+1"],"picked":"SKIP","floor":27},{"not_picked":["shameimaru:MassDeletion+1","shameimaru:MountainProcession","shameimaru:AirSlash+1"],"picked":"SKIP","floor":28},{"not_picked":["shameimaru:WindSickleVeiling","shameimaru:PhotographicDisposal"],"picked":"shameimaru:AutumnalFallWind","floor":33},{"not_picked":["shameimaru:InvertedColours","shameimaru:Persuade","shameimaru:ExclusiveScoop"],"picked":"SKIP","floor":35},{"not_picked":["shameimaru:Persuade","shameimaru:AdverseWind+1","shameimaru:ReporterInstinct+1"],"picked":"SKIP","floor":37},{"not_picked":["shameimaru:SuddenOutburst+1","shameimaru:BlindingSpeed+1"],"picked":"shameimaru:Preparation+1","floor":38},{"not_picked":["shameimaru:HitAndRun","shameimaru:BreezeOfReminiscence+1"],"picked":"shameimaru:Tailwind","floor":41},{"not_picked":["shameimaru:Preparation+1","shameimaru:InvertedColours+1"],"picked":"shameimaru:DoctoredImage+1","floor":42},{"not_picked":["shameimaru:AirSlash+1","shameimaru:CandidShot+1"],"picked":"shameimaru:Foresight+1","floor":44},{"not_picked":["shameimaru:AdverseWind+1","shameimaru:Persuade+1","shameimaru:DashingGrace+1"],"picked":"SKIP","floor":46},{"not_picked":["shameimaru:Opportunity+1","shameimaru:GuidingBreeze+1"],"picked":"shameimaru:LibraryResearch","floor":47},{"not_picked":["shameimaru:AirCutter","shameimaru:BlindingSpeed","shameimaru:FreezeFrame"],"picked":"SKIP","floor":48}],"player_experience":680359,"relics_obtained":[{"floor":7,"key":"Ornamental Fan"},{"floor":9,"key":"The Courier"},{"floor":11,"key":"Oddly Smooth Stone"},{"floor":20,"key":"Red Mask"},{"floor":23,"key":"Thread and Needle"},{"floor":26,"key":"Gremlin Horn"},{"floor":28,"key":"Potion Belt"},{"floor":31,"key":"Lizard Tail"},{"floor":41,"key":"HornCleat"},{"floor":43,"key":"Toy Ornithopter"}],"event_choices":[{"damage_healed":0,"gold_gain":0,"player_choice":"Grow","damage_taken":0,"max_hp_gain":0,"max_hp_loss":0,"event_name":"Living Wall","floor":10,"gold_loss":0,"cards_upgraded":["shameimaru:Foresight"]},{"damage_healed":0,"gold_gain":0,"player_choice":"Box","damage_taken":0,"relics_obtained":["Boot"],"max_hp_gain":0,"max_hp_loss":0,"event_name":"Big Fish","floor":12,"gold_loss":0,"cards_obtained":["Regret"]},{"damage_healed":0,"gold_gain":0,"player_choice":"Relic ","damage_taken":18,"max_hp_gain":0,"max_hp_loss":0,"event_name":"betterThird:BetterScrap","floor":14,"gold_loss":0,"cards_obtained":["Finisher"]},{"damage_healed":0,"gold_gain":0,"player_choice":"Read","damage_taken":0,"max_hp_gain":0,"max_hp_loss":0,"event_name":"The Library","floor":19,"gold_loss":0,"cards_obtained":["shameimaru:WidespreadPropaganda"]},{"damage_healed":0,"gold_gain":0,"player_choice":"Fought Bandits","damage_taken":0,"max_hp_gain":0,"max_hp_loss":0,"event_name":"Masked Bandits","floor":20,"gold_loss":0},{"damage_healed":0,"gold_gain":0,"player_choice":"Ignored","damage_taken":0,"max_hp_gain":0,"max_hp_loss":0,"event_name":"Ghosts","floor":22,"gold_loss":0},{"damage_healed":0,"gold_gain":0,"player_choice":"Cursed","damage_taken":0,"max_hp_gain":0,"max_hp_loss":0,"event_name":"Wheel of Change","floor":39,"gold_loss":0,"cards_obtained":["Decay"]},{"cards_removed":["Decay"],"damage_healed":0,"gold_gain":0,"player_choice":"Removed Curses","damage_taken":0,"max_hp_gain":0,"max_hp_loss":0,"event_name":"Fountain of Cleansing","floor":45,"gold_loss":0}],"is_beta":false,"boss_relics":[{"not_picked":["Busted Crown","Ectoplasm"],"picked":"Pandora\u0027s Box"},{"not_picked":["Philosopher\u0027s Stone","Sozu"],"picked":"SlaversCollar"}],"items_purged_floors":[4,4,4,4,13,36],"is_endless":false,"potions_floor_spawned":[5,8,16,18,24,25,28,33,35,37,41,42,48],"ascension_level":0}}