{"host":"tr0r177cvmpvg89h","time":1614440908,"event":{"mods":["BaseMod","Colored Map","DeckTracker","Minty Spire (QoL Compilation)","StSLib","SuperFastMode"],"gold_per_floor":[117,42,55,55,55,55,88,88,88,103,103,178,197,217,217,313,313,330,330,230,250,269,301,301,301,301,321,321,321,321,336,336,336,336],"floor_reached":33,"language":"KOR","playtime":1361,"items_purged":["Strike_B","Writhe"],"score":265,"play_id":"b95b83f2-2d20-483c-8add-0af6ba82b147","local_time":"20210228004828","is_ascension_mode":false,"campfire_choices":[{"data":"Chaos","floor":6,"key":"SMITH"},{"data":"Tempest","floor":8,"key":"SMITH"},{"data":"Streamline","floor":11,"key":"SMITH"},{"data":"Thunder Strike","floor":15,"key":"SMITH"},{"floor":24,"key":"REST"},{"data":"Electrodynamics","floor":29,"key":"SMITH"},{"data":"Self Repair","floor":30,"key":"SMITH"},{"data":"Zap","floor":32,"key":"SMITH"}],"circlet_count":0,"master_deck":["Strike_B","Strike_B","Strike_B","Defend_B","Defend_B","Defend_B","Defend_B","Zap+1","Dualcast","Chaos+1","Tempest+1","Aggregate","Streamline+1","Thunder Strike+1","Electrodynamics+1","Self Repair+1","Leap+1"],"relics":["Cracked Core","Blood Vial","Eternal Feather","White Beast Statue","Sozu","Regal Pillow","WingedGreaves","Bird Faced Urn"],"acts_visited":["Exordium","TheCity"],"potions_floor_usage":[7,7,7,33,33,33],"damage_taken":[{"damage":1,"enemies":"Cultist","floor":1,"turns":3},{"damage":3,"enemies":"Jaw Worm","floor":3,"turns":4},{"damage":22,"enemies":"3 Sentries","floor":7,"turns":7},{"damage":7,"enemies":"Small Slimes","floor":10,"turns":2},{"damage":11,"enemies":"3 Louse","floor":13,"turns":2},{"damage":5,"enemies":"Looter","floor":14,"turns":3},{"damage":41,"enemies":"The Guardian","floor":16,"turns":8},{"damage":14,"enemies":"Shell Parasite","floor":18,"turns":4},{"damage":17,"enemies":"3 Byrds","floor":21,"turns":3},{"damage":0,"enemies":"Cultist and Chosen","floor":22,"turns":4},{"damage":27,"enemies":"Gremlin Leader","floor":23,"turns":4},{"damage":14,"enemies":"Centurion and Healer","floor":27,"turns":4},{"damage":5,"enemies":"Sentry and Sphere","floor":31,"turns":3},{"damage":77,"enemies":"Champ","floor":33,"turns":10}],"seed_played":"-3988866208541779961","potions_obtained":[{"floor":1,"key":"Ancient Potion"},{"floor":4,"key":"LiquidBronze"},{"floor":4,"key":"CultistPotion"},{"floor":4,"key":"SpeedPotion"},{"floor":10,"key":"DistilledChaos"},{"floor":13,"key":"Energy Potion"},{"floor":14,"key":"SpeedPotion"}],"is_trial":false,"path_per_floor":["M","$","M","?","$","R","E","R","T","M","R","?","M","M","R","B",null,"M","?","$","M","M","E","R","?","T","M","?","R","R","M","R","B"],"character_chosen":"DEFECT","items_purchased":[],"campfire_rested":1,"item_purchase_floors":[],"current_hp_per_floor":[74,74,72,72,72,72,52,58,58,53,59,48,39,36,42,3,75,61,61,61,46,48,23,69,69,69,68,68,75,75,75,75,0,0],"gold":336,"neow_bonus":"RANDOM_COMMON_RELIC","is_daily":false,"chose_seed":false,"campfire_upgraded":7,"win_rate":0.0,"timestamp":1614440908,"path_taken":["M","$","?","?","?","R","E","R","T","M","R","?","M","M","R","BOSS","M","?","$","M","M","E","R","?","T","M","?","R","R","?","R","BOSS"],"items_purchased_type":[],"build_version":"2020-12-22","purchased_purges":2,"victory":false,"max_hp_per_floor":[75,75,75,75,75,75,75,75,75,75,75,75,75,75,75,75,75,75,75,75,75,75,75,75,75,75,75,75,75,75,75,75,75,75],"card_choices":[{"not_picked":["Aggregate","Hologram"],"picked":"Chaos","floor":1},{"not_picked":["Lockon","Steam"],"picked":"Tempest","floor":3},{"not_picked":["Stack","Scrape"],"picked":"Aggregate","floor":7},{"not_picked":["Barrage","Sweeping Beam"],"picked":"Streamline","floor":10},{"not_picked":["Streamline","Stack"],"picked":"Thunder Strike","floor":13},{"not_picked":["Redo","Rip and Tear","Scrape"],"picked":"SKIP","floor":14},{"not_picked":["All For One","Reboot"],"picked":"Electrodynamics","floor":16},{"not_picked":["Scrape","Sweeping Beam","Heatsinks"],"picked":"SKIP","floor":18},{"not_picked":["Force Field","Rebound","Hello World"],"picked":"SKIP","floor":21},{"not_picked":["Barrage","Glacier","Rip and Tear"],"picked":"SKIP","floor":22},{"not_picked":["Conserve Battery","Gash"],"picked":"Self Repair","floor":23},{"not_picked":["Streamline+1","Genetic Algorithm"],"picked":"Leap+1","floor":27},{"not_picked":["Barrage","Reprogram","Steam+1"],"picked":"SKIP","floor":31}],"player_experience":152334,"relics_obtained":[{"floor":7,"key":"Eternal Feather"},{"floor":9,"key":"White Beast Statue"},{"floor":23,"key":"WingedGreaves"},{"floor":26,"key":"Bird Faced Urn"}],"event_choices":[{"damage_healed":0,"gold_gain":0,"player_choice":"Got Potions","damage_taken":0,"max_hp_gain":0,"max_hp_loss":0,"event_name":"Lab","floor":4,"gold_loss":0},{"damage_healed":0,"gold_gain":75,"player_choice":"Gather Gold","damage_taken":11,"max_hp_gain":0,"max_hp_loss":0,"event_name":"World of Goop","floor":12,"gold_loss":0},{"damage_healed":0,"gold_gain":0,"player_choice":"Opened","damage_taken":0,"relics_obtained":["Regal Pillow"],"max_hp_gain":0,"max_hp_loss":0,"event_name":"The Mausoleum","floor":19,"gold_loss":0,"cards_obtained":["Writhe"]},{"damage_healed":0,"gold_gain":0,"player_choice":"Ignored","damage_taken":0,"max_hp_gain":0,"max_hp_loss":0,"event_name":"Vampires","floor":25,"gold_loss":0},{"damage_healed":0,"gold_gain":0,"player_choice":"Ignored","damage_taken":0,"max_hp_gain":0,"max_hp_loss":0,"event_name":"Ghosts","floor":28,"gold_loss":0}],"is_beta":false,"boss_relics":[{"not_picked":["Busted Crown","FrozenCore"],"picked":"Sozu"}],"items_purged_floors":[2,20],"is_endless":false,"potions_floor_spawned":[1,10,13,14,16,18,21,22,23,27,31],"killed_by":"Champ","ascension_level":0}}