{"host":"xltl1aroowo69o4n","time":1614409947,"event":{"mods":["BaseMod","Colored Map","Colored Powertips","Downfall","Koishi","Marisa????????","Minty Spire (QoL Compilation)","Replay The Spire","StSLib","The Cursed","The Hierophant","The Mystic","The Necromancer","The Servant 0.9.4"],"gold_per_floor":[99,117,127,127,143,143,143,162,193,193,227,227,246,257,271,271,271],"floor_reached":16,"language":"ENG","playtime":1058,"items_purged":[],"score":120,"play_id":"1d232f0e-2620-4121-9e67-f9f52747f8fe","local_time":"20210227021227","is_ascension_mode":true,"campfire_choices":[{"floor":6,"key":"RECALL"}],"circlet_count":0,"master_deck":["Koishi:BasicStrike","Koishi:BasicStrike","Koishi:BasicDefend","Koishi:BasicDefend","Koishi:BasicDefend","Koishi:Provoke","Koishi:HauntingSlash","Koishi:HeartStoppingHorror","Koishi:Bloodlust","Koishi:StingingMind","Koishi:Possession","Regret","Koishi:Untouchable","Koishi:RacingHeart","Koishi:PredatoryInstincts","Koishi:Vanish","Koishi:JumpScare+1","Koishi:TraumaticStroke","Koishi:MassHysteria","Koishi:EmbersOfLove"],"relics":["Koishi:ImaginaryFriend","Replay:PocketPolymizer","Ice Cream","Replay:Bottled Snecko","ReplayTheSpireMod:TigerMarble"],"acts_visited":["Exordium"],"potions_floor_usage":[11,11,14,16],"damage_taken":[{"damage":1,"enemies":"Cultist","floor":2,"turns":6},{"damage":1,"enemies":"Jaw Worm","floor":3,"turns":4},{"damage":2,"enemies":"Small Slimes","floor":5,"turns":4},{"damage":18,"enemies":"Exordium Thugs","floor":8,"turns":6},{"damage":16,"enemies":"Gremlin Nob","floor":9,"turns":6},{"damage":15,"enemies":"3 Sentries","floor":11,"turns":10},{"damage":21,"enemies":"Lots of Slimes","floor":13,"turns":2},{"damage":7,"enemies":"Exordium Wildlife","floor":14,"turns":6},{"damage":0,"enemies":"Large Slime","floor":15,"turns":3},{"damage":61,"enemies":"DF_ARCHETYPE_STREAMLINE","floor":16,"turns":9}],"seed_played":"2786636526234764321","potions_obtained":[{"floor":1,"key":"Energy Potion"},{"floor":1,"key":"Energy Potion"},{"floor":2,"key":"BlessingOfTheForge"},{"floor":11,"key":"BlessingOfTheForge"}],"is_trial":false,"path_per_floor":["R_BF","M","M","?","M","R","T","M","E","?","E","?","M","M","M","B"],"character_chosen":"KOISHI","items_purchased":[],"campfire_rested":0,"item_purchase_floors":[],"current_hp_per_floor":[42,45,50,50,53,53,53,42,35,35,35,35,26,33,43,0,0],"gold":271,"neow_bonus":"TRANSFORM_TWO_CARDS","is_daily":false,"chose_seed":false,"campfire_upgraded":0,"win_rate":0.0,"timestamp":1614409947,"path_taken":["R_BF","M","M","?","M","R","T","M","E","?","E","?","?","M","M","BOSS"],"items_purchased_type":[],"build_version":"2020-12-13","purchased_purges":0,"victory":false,"max_hp_per_floor":[60,60,60,60,60,60,60,60,60,60,60,60,60,60,60,60,60],"card_choices":[{"not_picked":["Koishi:RorschachInDanmaku","Koishi:UnconsciousUrges"],"picked":"Koishi:StingingMind","floor":2},{"not_picked":["Koishi:EmbryosDream","Koishi:UnansweredLove"],"picked":"Koishi:Possession","floor":3},{"not_picked":["Koishi:Jaunt","Koishi:ParalyzingFear"],"picked":"Koishi:Untouchable","floor":5},{"not_picked":["Koishi:RacingHeart","Koishi:SubterraneanRose"],"picked":"Koishi:PredatoryInstincts","floor":8},{"not_picked":["Koishi:Jaunt","Koishi:Whimsy"],"picked":"Koishi:Vanish","floor":9},{"not_picked":["Koishi:RollingInRichesHeart","Koishi:PhantomBarrier"],"picked":"Koishi:JumpScare","floor":11},{"not_picked":["Koishi:CatchAndRose","Koishi:SubconsciousSweep"],"picked":"Koishi:TraumaticStroke","floor":13},{"not_picked":["Koishi:DanmakuParanoia","Koishi:ParalyzingFear"],"picked":"Koishi:MassHysteria","floor":14},{"not_picked":["Koishi:JumpScare","Koishi:SpiritedAway"],"picked":"Koishi:EmbersOfLove","floor":15}],"player_experience":285520,"relics_obtained":[{"floor":7,"key":"Ice Cream"},{"floor":9,"key":"Replay:Bottled Snecko"},{"floor":11,"key":"ReplayTheSpireMod:TigerMarble"}],"event_choices":[{"damage_healed":0,"gold_gain":0,"player_choice":"Box","damage_taken":0,"relics_obtained":["Replay:PocketPolymizer"],"max_hp_gain":0,"max_hp_loss":0,"event_name":"Big Fish","floor":4,"gold_loss":0,"cards_obtained":["Regret"]},{"damage_healed":0,"gold_gain":0,"player_choice":"Grow","damage_taken":0,"max_hp_gain":0,"max_hp_loss":0,"event_name":"Living Wall","floor":12,"gold_loss":0,"cards_upgraded":["Koishi:JumpScare"]}],"is_beta":false,"boss_relics":[],"items_purged_floors":[],"is_endless":false,"potions_floor_spawned":[2,8,9,11],"killed_by":"DF_ARCHETYPE_STREAMLINE","ascension_level":1}}