{"host":"7zq0fgva91iwgkd5","time":1614440476,"event":{"mods":["AchievementEnabler","BaseMod","Bestiary","Card Forge","Colored Map","Curses Come First","DeckTracker","Minty Spire (QoL Compilation)","Quick Restart","Rare Cards Sparkle","Remove Card Discount Mod","StSLib"],"gold_per_floor":[109,123,143,167,167,195,28,28,99,128,128,147,147,159,159,237,237,254,289,21,21,39,67,67,101,169,204,219,246,246,264,264,335,335,351,369,381,381,395,423,423,454,454,484,509,539,25,247,247,247,247,247,74,107,107],"floor_reached":56,"language":"ENG","playtime":2260,"items_purged":[],"score":2718,"play_id":"b20b0cce-e93f-40cc-9880-5e7e6e6cc08e","local_time":"20210227164116","is_ascension_mode":true,"campfire_choices":[{"floor":8,"key":"REST"},{"floor":13,"key":"RECALL"},{"floor":15,"key":"REST"},{"floor":32,"key":"REST"},{"floor":41,"key":"REST"},{"floor":49,"key":"REST"},{"floor":52,"key":"REST"}],"circlet_count":0,"master_deck":["AscendersBane","Bash+1","Cleave+1","Carnage+1","Demon Form+1","Entrench+1","Ghostly Armor+1","Flame Barrier+1","Heavy Blade+1","Immolate+1","Iron Wave+1","Limit Break+1","Pommel Strike+1","Seeing Red+1","Shockwave+1","Shrug It Off+1","Shrug It Off+1","Shrug It Off+1","CurseOfTheBell","Barricade+1","Feed+1"],"relics":["Burning Blood","Hammer of Thor","Seething Fire","Anvil of the Gods","Gremlin Horn","Vajra","ClockworkSouvenir","Singing Bowl","Du-Vu Doll","Calling Bell","Centennial Puzzle","Meat on the Bone","Lizard Tail","Red Mask","Pantograph","MealTicket","War Paint","Kunai","Pocketwatch","White Beast Statue","Juzu Bracelet","Sozu","Smiling Mask","Bottled Tornado","Charon\u0027s Ashes","Question Card","Incense Burner","Dead Branch","FossilizedHelix","Membership Card","Ginger","Letter Opener"],"acts_visited":["Exordium","TheCity","TheBeyond","TheEnding"],"potions_floor_usage":[16,54,55],"damage_taken":[{"damage":0,"enemies":"Cultist","floor":1,"turns":2},{"damage":0,"enemies":"Jaw Worm","floor":2,"turns":2},{"damage":8,"enemies":"2 Louse","floor":3,"turns":3},{"damage":21,"enemies":"Gremlin Nob","floor":6,"turns":5},{"damage":0,"enemies":"3 Sentries","floor":10,"turns":5},{"damage":1,"enemies":"Exordium Thugs","floor":12,"turns":2},{"damage":0,"enemies":"3 Louse","floor":14,"turns":2},{"damage":0,"enemies":"Slime Boss","floor":16,"turns":6},{"damage":11,"enemies":"Spheric Guardian","floor":18,"turns":4},{"damage":8,"enemies":"Masked Bandits","floor":19,"turns":2},{"damage":0,"enemies":"Chosen","floor":22,"turns":5},{"damage":24,"enemies":"Slavers","floor":23,"turns":4},{"damage":30,"enemies":"Book of Stabbing","floor":25,"turns":5},{"damage":0,"enemies":"Gremlin Leader","floor":27,"turns":4},{"damage":24,"enemies":"Snake Plant","floor":28,"turns":3},{"damage":24,"enemies":"Slavers","floor":29,"turns":4},{"damage":11,"enemies":"Snecko","floor":31,"turns":3},{"damage":43,"enemies":"Collector","floor":33,"turns":7},{"damage":0,"enemies":"3 Darklings","floor":35,"turns":2},{"damage":14,"enemies":"3 Shapes","floor":36,"turns":2},{"damage":8,"enemies":"Sphere and 2 Shapes","floor":37,"turns":2},{"damage":1,"enemies":"Jaw Worm Horde","floor":39,"turns":2},{"damage":30,"enemies":"Reptomancer","floor":40,"turns":4},{"damage":18,"enemies":"Giant Head","floor":42,"turns":5},{"damage":3,"enemies":"Nemesis","floor":44,"turns":9},{"damage":43,"enemies":"Mind Bloom Boss Battle","floor":45,"turns":4},{"damage":0,"enemies":"Reptomancer","floor":46,"turns":3},{"damage":14,"enemies":"Time Eater","floor":50,"turns":5},{"damage":69,"enemies":"Shield and Spear","floor":54,"turns":6},{"damage":72,"enemies":"The Heart","floor":55,"turns":8}],"seed_played":"3325381475912281441","potions_obtained":[{"floor":2,"key":"DistilledChaos"},{"floor":10,"key":"FairyPotion"},{"floor":19,"key":"ElixirPotion"},{"floor":31,"key":"BlessingOfTheForge"}],"is_trial":false,"path_per_floor":["M","M","M","T","?","E","$","R","T","E","?","M","R","M","R","B",null,"M","?","$","?","M","E","?","E","T","E","M","E","T","M","R","B",null,"M","M","M","?","M","E","R","E","T","E","?","E","$","?","R","B",null,"R","$","E","B",null],"character_chosen":"IRONCLAD","items_purchased":["ClockworkSouvenir","Pantograph","FossilizedHelix","Membership Card","Ginger"],"campfire_rested":6,"item_purchase_floors":[7,20,47,47,53],"current_hp_per_floor":[74,75,73,73,68,53,53,75,75,81,81,87,87,89,89,95,95,92,96,96,103,105,93,98,76,76,84,68,64,64,77,114,92,120,128,122,122,122,133,111,143,133,133,138,112,120,135,135,151,143,149,151,151,90,61],"gold":107,"neow_bonus":"THREE_CARDS","is_daily":false,"chose_seed":false,"campfire_upgraded":0,"win_rate":0.0,"timestamp":1614440476,"path_taken":["M","?","M","?","?","E","?","R","T","E","?","M","R","M","R","BOSS","M","?","$","?","M","E","?","E","T","E","?","E","?","M","R","BOSS","M","M","M","?","M","E","R","E","T","E","?","E","$","?","R","BOSS","R","$","E","BOSS"],"items_purchased_type":["Relic","Relic","Relic","Relic","Relic"],"build_version":"2020-12-22","purchased_purges":0,"victory":true,"max_hp_per_floor":[75,75,75,75,75,75,75,75,75,81,81,87,87,89,89,95,95,97,103,103,103,105,111,111,113,113,115,117,119,119,125,125,129,129,131,133,135,135,141,143,143,145,145,147,149,151,151,151,151,151,151,151,151,153,153],"card_choices":[{"not_picked":["Power Through","Sentinel"],"picked":"Shrug It Off","floor":0},{"not_picked":["Heavy Blade","Body Slam","Uppercut"],"picked":"SKIP","floor":1},{"not_picked":["Clothesline","Pommel Strike","Iron Wave"],"picked":"SKIP","floor":2},{"not_picked":["Dropkick","Power Through","Heavy Blade"],"picked":"SKIP","floor":3},{"not_picked":["Cleave","Entrench","Wild Strike"],"picked":"SKIP","floor":6},{"not_picked":["Bludgeon","Searing Blow","Clothesline"],"picked":"Singing Bowl","floor":10},{"not_picked":["Flex","Perfected Strike","Dual Wield"],"picked":"Singing Bowl","floor":12},{"not_picked":["Headbutt","Anger","Clothesline"],"picked":"Singing Bowl","floor":14},{"not_picked":["Feed","Juggernaut","Bludgeon"],"picked":"Singing Bowl","floor":16},{"not_picked":["Anger","Fire Breathing","Hemokinesis"],"picked":"Singing Bowl","floor":18},{"not_picked":["Disarm","Thunderclap","Clash"],"picked":"Singing Bowl","floor":19},{"not_picked":["Clash","Perfected Strike","Pummel"],"picked":"Singing Bowl","floor":22},{"not_picked":["Twin Strike","Feed","Juggernaut"],"picked":"Singing Bowl","floor":23},{"not_picked":["Second Wind","Battle Trance","Cleave"],"picked":"Singing Bowl","floor":25},{"not_picked":["Sword Boomerang","Pummel","Intimidate"],"picked":"Singing Bowl","floor":27},{"not_picked":["Shrug It Off","Heavy Blade","Clash"],"picked":"Singing Bowl","floor":28},{"not_picked":["Warcry","Dropkick+1","Flex"],"picked":"Singing Bowl","floor":29},{"not_picked":["Dropkick","Flame Barrier","Flex"],"picked":"Singing Bowl","floor":31},{"not_picked":["Corruption","Fiend Fire"],"picked":"Barricade","floor":33},{"not_picked":["Thunderclap","Perfected Strike","Heavy Blade+1"],"picked":"Singing Bowl","floor":35},{"not_picked":["True Grit","Searing Blow","Disarm"],"picked":"Singing Bowl","floor":36},{"not_picked":["Clothesline","Thunderclap","Iron Wave"],"picked":"Singing Bowl","floor":37},{"not_picked":["Iron Wave","Fire Breathing+1","Hemokinesis"],"picked":"Singing Bowl","floor":39},{"not_picked":["True Grit+1","Bloodletting+1","Exhume"],"picked":"Singing Bowl","floor":40},{"not_picked":["Clash","Dropkick","Wild Strike"],"picked":"Singing Bowl","floor":42},{"not_picked":["Entrench","Power Through","Metallicize"],"picked":"Singing Bowl","floor":44},{"not_picked":["Armaments","Shrug It Off","Battle Trance","Warcry"],"picked":"Singing Bowl","floor":45},{"not_picked":["Berserk","Cleave","Spot Weakness","Uppercut"],"picked":"Singing Bowl","floor":46},{"not_picked":["Battle Trance","Headbutt","Flex","Shockwave+1"],"picked":"Singing Bowl","floor":54}],"player_experience":190254,"relics_obtained":[{"floor":6,"key":"Vajra"},{"floor":9,"key":"Singing Bowl"},{"floor":10,"key":"Du-Vu Doll"},{"floor":17,"key":"Centennial Puzzle"},{"floor":17,"key":"Meat on the Bone"},{"floor":17,"key":"Lizard Tail"},{"floor":19,"key":"Red Mask"},{"floor":23,"key":"MealTicket"},{"floor":25,"key":"War Paint"},{"floor":26,"key":"Kunai"},{"floor":27,"key":"Pocketwatch"},{"floor":29,"key":"White Beast Statue"},{"floor":30,"key":"Juzu Bracelet"},{"floor":40,"key":"Smiling Mask"},{"floor":42,"key":"Bottled Tornado"},{"floor":43,"key":"Charon\u0027s Ashes"},{"floor":44,"key":"Question Card"},{"floor":45,"key":"Incense Burner"},{"floor":46,"key":"Dead Branch"},{"floor":54,"key":"Letter Opener"}],"event_choices":[{"damage_healed":0,"gold_gain":0,"player_choice":"Success","damage_taken":5,"relics_obtained":["Gremlin Horn"],"max_hp_gain":0,"max_hp_loss":0,"event_name":"Scrap Ooze","floor":5,"gold_loss":0},{"damage_healed":0,"gold_gain":0,"cards_transformed":["Metallicize"],"player_choice":"Transformed","damage_taken":0,"max_hp_gain":0,"max_hp_loss":0,"event_name":"Transmorgrifier","floor":11,"gold_loss":0,"cards_obtained":["Pummel"]},{"damage_healed":0,"gold_gain":0,"player_choice":"Fought Bandits","damage_taken":0,"max_hp_gain":0,"max_hp_loss":0,"event_name":"Masked Bandits","floor":19,"gold_loss":0},{"damage_healed":21,"gold_gain":0,"player_choice":"Heal","damage_taken":0,"max_hp_gain":0,"max_hp_loss":0,"event_name":"The Library","floor":21,"gold_loss":0},{"cards_removed":["Shrug It Off"],"damage_healed":5,"gold_gain":0,"player_choice":"Offered Common","damage_taken":0,"max_hp_gain":0,"max_hp_loss":0,"event_name":"Bonfire Elementals","floor":24,"gold_loss":0},{"cards_removed":["Shrug It Off"],"damage_healed":5,"gold_gain":0,"player_choice":"Offered Special","damage_taken":0,"max_hp_gain":0,"max_hp_loss":0,"event_name":"Bonfire Elementals","floor":24,"gold_loss":0},{"cards_removed":["Feed"],"damage_healed":0,"gold_gain":0,"player_choice":"Removed Attack","damage_taken":0,"max_hp_gain":0,"max_hp_loss":0,"event_name":"Falling","floor":38,"gold_loss":0},{"damage_healed":0,"gold_gain":0,"player_choice":"Fight","damage_taken":0,"max_hp_gain":0,"max_hp_loss":0,"event_name":"MindBloom","floor":45,"gold_loss":0},{"damage_healed":0,"gold_gain":222,"player_choice":"Wore Mask","damage_taken":0,"max_hp_gain":0,"max_hp_loss":0,"event_name":"Tomb of Lord Red Mask","floor":48,"gold_loss":0}],"is_beta":false,"boss_relics":[{"not_picked":["Velvet Choker","SlaversCollar"],"picked":"Calling Bell"},{"not_picked":["Runic Cube","Astrolabe"],"picked":"Sozu"}],"items_purged_floors":[],"is_endless":false,"potions_floor_spawned":[2,10,19,23,27,31,33,35,36,37,39,40,42,44,45,46,54],"ascension_level":19}}