{"host":"3wucmrsmney0jioo","time":1614401343,"event":{"mods":["BaseMod","Minty Spire (QoL Compilation)","MostiFishMod","Prisma Mod","Reliquary","Replay The Spire","Spicy Shops","StSLib","¡¾ÒÅÎï¿¨ÅÆ¡¿REMEMod"],"gold_per_floor":[111,111,111,237,850,850,153,1392,1392,2025,2025,2646,2646,2690,2690,2821,2821,3434,2097,2097,2113,2113,2748,3369,4000,4024,4024,2169,2784,2784,3425,3425,4779,4779,5404,4266,4599,5253,5903,5903,6514,7145,7171,6032,6667,5370,5402,5402,5402,6002,6002,6002,4433,4465,4465],"floor_reached":56,"language":"ZHS","playtime":3319,"items_purged":["Defend_P","Defend_P","Defend_P","Strike_P","Strike_P","Regret","Defend_P","Prostrate","Prostrate"],"score":2397,"play_id":"f97c150d-a399-45a3-8e4c-e6ca3fd5bbfd","local_time":"20210227124903","is_ascension_mode":true,"campfire_choices":[{"data":"Eruption","floor":6.0,"key":"SMITH"},{"floor":11.0,"key":"REST"},{"data":"Vault","floor":13.0,"key":"SMITH"},{"data":"Strike_P","floor":15.0,"key":"PURGE"},{"data":"Replay:Battleflow","floor":27,"key":"SMITH"},{"floor":32,"key":"RECALL"},{"data":"MostiFishMod:KamiSmash","floor":40,"key":"SMITH"},{"data":"Apotheosis","floor":49,"key":"SMITH"},{"data":"ReplayUltimateDefense","floor":52,"key":"SMITH"}],"circlet_count":0,"master_deck":["Eruption+1","Vigilance","MostiFishMod:DeathFromBelow+1","Replay:ManipulateFuture","Replay:Vibes+1","Swivel","Vault+1","Replay:Battleflow+1","MostiFishMod:LegendTransform","REME_CRH","CutThroughFate+1","MostiFishMod:Nomercy","Apotheosis+1","Worship","Swivel+1","MostiFishMod:StoryBook","ReplayUltimateDefense+1","MostiFishMod:KamiSmash+1","MostiFishMod:KamiSmash","Brilliance","ReachHeaven","MostiFishMod:Minus+1"],"relics":["DaveBox","REME_ComplimentaryCards","reliquary:RedCape","ChiXiaoBlade","SynthV:TestCard","Juzu Bracelet","Guide Book","SynthV","Gremlin Horn","reliquary:WeakTea","Happy Flower","Kunai","Odd Mushroom","reliquary:IridiumChain","ExusiaiGun","Gremlin Horn","Yang","White Beast Statue","CaptainsWheel","ClockworkSouvenir","reliquary:Stiletto","Dream Catcher","Akabeko","ImprovedEquipment","Sling","WingedGreaves","REME_PuzzleBoxRelic","REME_CardOfGreed","MutagenicStrength","reliquary:QuartzCube","ChewingGum","reliquary:FingerTrap","ReplayTheSpireMod:ShopPack","Mummified Hand","Replay:Wax Seal","Snack Pack","Pen Nib","Du-Vu Doll","StoneCalendar","Eternal Feather","Blue Doll","Centennial Puzzle","Dodecahedron","BargainBundle","Vajra","reliquary:Aerogel","DaCapo","Whetstone","Torii","Durian","Nunchaku","reliquary:PorcupineQuills","reliquary:ExpiredCoupon","MostiFishMod:AdaptiveDefenses","Pear","Turnip","ReplayFunnel","reliquary:SharkskinSheath"],"acts_visited":["Exordium","TheCity","TheBeyond","TheEnding"],"potions_floor_usage":[29,33,38],"damage_taken":[{"damage":0.0,"enemies":"Small Slimes","floor":1.0,"turns":3.0},{"damage":0.0,"enemies":"2 Louse","floor":5.0,"turns":5.0},{"damage":16.0,"enemies":"3 Sentries","floor":8.0,"turns":13.0},{"damage":3.0,"enemies":"The Mushroom Lair","floor":10.0,"turns":4.0},{"damage":0.0,"enemies":"Cultist","floor":12.0,"turns":6.0},{"damage":0.0,"enemies":"Lagavulin","floor":14.0,"turns":4.0},{"damage":9.0,"enemies":"The Guardian","floor":16.0,"turns":9.0},{"damage":0.0,"enemies":"Spheric Guardian","floor":18.0,"turns":3.0},{"damage":0,"enemies":"Shell Parasite","floor":21,"turns":3},{"damage":0,"enemies":"Replay:Snechameleon","floor":23,"turns":1},{"damage":0,"enemies":"Snake Plant","floor":24,"turns":1},{"damage":0,"enemies":"Book of Stabbing","floor":25,"turns":1},{"damage":0,"enemies":"3 Cultists","floor":29,"turns":2},{"damage":0,"enemies":"Gremlin Leader","floor":31,"turns":2},{"damage":0,"enemies":"Pondfish","floor":33,"turns":4},{"damage":4,"enemies":"3 Shapes","floor":35,"turns":1},{"damage":0,"enemies":"2 Orb Walkers","floor":38,"turns":2},{"damage":0,"enemies":"Mind Bloom Boss Battle","floor":39,"turns":2},{"damage":0,"enemies":"Orb Walker","floor":41,"turns":1},{"damage":0,"enemies":"R_Hoarder","floor":42,"turns":4},{"damage":0,"enemies":"Nemesis","floor":45,"turns":1},{"damage":0,"enemies":"R_Hoarder","floor":47,"turns":1},{"damage":0,"enemies":"Awakened One","floor":50,"turns":2},{"damage":0,"enemies":"Shield and Spear","floor":54,"turns":1},{"damage":0,"enemies":"The Heart","floor":55,"turns":3}],"seed_played":"-6906043841916393727","potions_obtained":[{"floor":10.0,"key":"Adrenaline Potion"},{"floor":16.0,"key":"Block Potion"},{"floor":21,"key":"Swift Potion"},{"floor":29,"key":"SkillPotion"},{"floor":31,"key":"BottledMiracle"},{"floor":33,"key":"SpeedPotion"},{"floor":35,"key":"Dexterity Potion"},{"floor":38,"key":"Adrenaline Potion"},{"floor":45,"key":"Ambrosia"}],"is_trial":false,"path_per_floor":["M","?","?","?","M","R","$","E","T","?","R","M","R","E","R","B",null,"M","$","?","M","?","E","M","E","T","R","$","M","?","E","R","B",null,"M","$","?","?","?","R","M","E","T","$","E","$","E","?","R","B",null,"R","$","E","B",null],"character_chosen":"WATCHER","items_purchased":["Guide Book","SynthV","Gremlin Horn","reliquary:WeakTea","reliquary:SculptingSteel","Yang","White Beast Statue","CaptainsWheel","ClockworkSouvenir","CutThroughFate","Akabeko","ImprovedEquipment","Sling","WingedGreaves","REME_PuzzleBoxRelic","REME_CardOfGreed","Apotheosis","Worship","reliquary:FingerTrap","ReplayTheSpireMod:ShopPack","Mummified Hand","Replay:Wax Seal","Snack Pack","Pen Nib","BlessingOfTheForge","Centennial Puzzle","Dodecahedron","BargainBundle","Vajra","reliquary:Aerogel","DaCapo","MostiFishMod:KamiSmash","Torii","Durian","Nunchaku","reliquary:PorcupineQuills","Brilliance","MostiFishMod:AdaptiveDefenses","Pear","Turnip","ReplayFunnel","MostiFishMod:Minus+1"],"campfire_rested":1,"item_purchase_floors":[7,7,7,7,19,19,19,19,19,19,28,28,28,28,28,28,28,28,36,36,36,36,36,36,36,44,44,44,44,44,44,44,46,46,46,46,46,53,53,53,53,53],"current_hp_per_floor":[72,54,36,36,36,36,36,20,20,17,38,38,38,38,38,29,72,72,72,72,72,72,72,72,72,72,72,72,72,72,72,72,72,72,68,68,68,70,72,72,72,72,72,72,72,77,77,77,77,77,77,77,87,87,87],"gold":4465,"neow_bonus":"BOSS_RELIC","is_daily":false,"chose_seed":false,"campfire_upgraded":6,"win_rate":0.0,"timestamp":1614401343,"path_taken":["M","?","?","?","M","R","$","E","T","?","R","M","R","E","R","BOSS","M","$","?","M","?","E","M","E","T","R","$","M","?","E","R","BOSS","M","$","?","?","?","R","M","E","T","$","E","?","E","?","R","BOSS","R","$","E","BOSS"],"items_purchased_type":["Relic","Relic","Relic","Relic","Relic","Relic","Relic","Relic","Relic","Card","Relic","Relic","Relic","Relic","Relic","Relic","Card","Card","Relic","Relic","Relic","Relic","Relic","Relic","Potion","Relic","Relic","Relic","Relic","Relic","Relic","Card","Relic","Relic","Relic","Relic","Card","Relic","Relic","Relic","Relic","Card"],"build_version":"2020-12-22","purchased_purges":9,"victory":true,"max_hp_per_floor":[72,72,72,72,72,72,72,72,72,72,72,72,72,72,72,72,72,72,72,72,72,72,72,72,72,72,72,72,72,72,72,72,72,72,72,72,72,72,72,72,72,72,72,72,72,77,77,77,77,77,77,77,87,87,87],"card_choices":[{"not_picked":["Halt","SandsOfTime"],"picked":"Replay:ManipulateFuture","floor":1.0},{"not_picked":["MostiFishMod:Clarity","MostiFishMod:Speedup","CrushJoints","FlurryOfBlows"],"picked":"Replay:Vibes","floor":4.0},{"not_picked":["CrushJoints","FlyingSleeves","SashWhip","EmptyFist"],"picked":"Swivel","floor":4.0},{"not_picked":["MostiFishMod:Clarity","EmptyMind","JustLucky","LikeWater"],"picked":"Prostrate","floor":4.0},{"not_picked":["Replay:Cycle","Consecrate","MostiFishMod:FlowState","Replay:AtTheReady","WheelKick"],"picked":"SKIP","floor":5.0},{"not_picked":["REME_Repentance","MostiFishMod:Clarity","Replay:Cycle","EmptyBody"],"picked":"Vault","floor":8.0},{"not_picked":["PathToVictory","CrushJoints","WreathOfFlame","Consecrate"],"picked":"Prostrate","floor":10.0},{"not_picked":["WreathOfFlame","Replay:ManipulateFuture","MostiFishMod:StarOceanP","Halt"],"picked":"Replay:Battleflow","floor":12.0},{"not_picked":["SashWhip","EmptyBody","SignatureMove","Replay:ManipulateFuture"],"picked":"MostiFishMod:LegendTransform","floor":14.0},{"not_picked":["SpiritShield","MostiFishMod:DustFall","Alpha","MostiFishMod:StarLaLaLa"],"picked":"REME_CRH","floor":16.0},{"not_picked":["SashWhip","EmptyBody","MostiFishMod:Clarity","EmptyFist","ThirdEye+1"],"picked":"SKIP","floor":18.0},{"not_picked":["Sanctity","Crescendo","FlyingSleeves","MostiFishMod:PathToVictory","Protect+1"],"picked":"SKIP","floor":21},{"not_picked":["WindmillStrike+1","Replay:Battleflow","FollowUp","MentalFortress"],"picked":"MostiFishMod:Nomercy","floor":23},{"not_picked":["Swivel","ClearTheMind","EmptyBody","JustLucky","CutThroughFate"],"picked":"SKIP","floor":24},{"not_picked":["Protect+1","ReachHeaven","MostiFishMod:DisColor","Consecrate","Evaluate+1"],"picked":"SKIP","floor":25},{"not_picked":["DeceiveReality","Halt","Replay:AtTheReady+1","CutThroughFate","Devotion"],"picked":"SKIP","floor":29},{"not_picked":["Wireheading+1","REME_MusicOfDeath","Replay:BluntJabs","MostiFishMod:ScryFuture","Nirvana"],"picked":"SKIP","floor":31},{"not_picked":["Replay:AtTheReady","Replay:Cycle+1","FlyingSleeves+1","Nirvana"],"picked":"Swivel+1","floor":35},{"not_picked":["Magnetism","REME_HeartOfCthun","The Bomb","REME_Flogging"],"picked":"MostiFishMod:StoryBook","floor":36},{"not_picked":["MostiFishMod:TheLastGuard","MostiFishMod:StoryBook","REME_EyeOfCthun","Replay:Parry"],"picked":"ReplayUltimateDefense","floor":36},{"not_picked":["SashWhip","JustLucky","Crescendo","TalkToTheHand"],"picked":"MostiFishMod:KamiSmash","floor":39},{"not_picked":["ThirdEye+1","ClearTheMind+1","MentalFortress","SashWhip+1","Replay:Battleflow+1"],"picked":"SKIP","floor":41},{"not_picked":["CarveReality+1","Protect+1","JustLucky","Prostrate+1","Indignation"],"picked":"SKIP","floor":42},{"not_picked":["ThirdEye+1","FollowUp+1","EmptyMind","MostiFishMod:LegendTransform+1","EmptyFist"],"picked":"SKIP","floor":45},{"not_picked":["InnerPeace+1","Wallop+1","Judgement","Replay:Battleflow+1","Replay:DivineShield"],"picked":"SKIP","floor":47},{"not_picked":["EmptyFist","REME_Repentance+1","ThirdEye+1","Replay:DivineShield","Conclude+1"],"picked":"SKIP","floor":54}],"player_experience":131407,"relics_obtained":[{"floor":1.0,"key":"SynthV:TestCard"},{"floor":8.0,"key":"Happy Flower"},{"floor":9.0,"key":"Kunai"},{"floor":10.0,"key":"Odd Mushroom"},{"floor":14.0,"key":"reliquary:IridiumChain"},{"floor":23,"key":"reliquary:Stiletto"},{"floor":25,"key":"Dream Catcher"},{"floor":31,"key":"reliquary:QuartzCube"},{"floor":38,"key":"Du-Vu Doll"},{"floor":39,"key":"StoneCalendar"},{"floor":42,"key":"Eternal Feather"},{"floor":43,"key":"Blue Doll"},{"floor":45,"key":"Whetstone"},{"floor":47,"key":"reliquary:ExpiredCoupon"},{"floor":54,"key":"reliquary:SharkskinSheath"}],"event_choices":[{"damage_healed":0.0,"max_hp_gain":0.0,"max_hp_loss":0.0,"gold_gain":0.0,"event_name":"Golden Idol","player_choice":"Take Damage","floor":2.0,"gold_loss":0.0,"damage_taken":18.0,"relics_obtained":["Golden Idol"]},{"damage_healed":0.0,"max_hp_gain":0.0,"max_hp_loss":0.0,"gold_gain":0.0,"event_name":"Scrap Ooze","player_choice":"Success","floor":3.0,"gold_loss":0.0,"damage_taken":18.0,"relics_obtained":["Juzu Bracelet"]},{"damage_healed":0.0,"max_hp_gain":0.0,"max_hp_loss":0.0,"gold_gain":0.0,"event_name":"Mushrooms","player_choice":"Fought Mushrooms","floor":10.0,"gold_loss":0.0,"damage_taken":0.0},{"damage_healed":0,"gold_gain":0,"player_choice":"Ignored","damage_taken":0,"max_hp_gain":0,"max_hp_loss":0,"event_name":"Vampires","floor":20,"gold_loss":0},{"damage_healed":0,"gold_gain":0,"player_choice":"Ignored","damage_taken":0,"max_hp_gain":0,"max_hp_loss":0,"event_name":"Ghosts","floor":22,"gold_loss":0},{"damage_healed":0,"gold_gain":0,"player_choice":"Inject Mutagens","damage_taken":0,"relics_obtained":["MutagenicStrength"],"max_hp_gain":0,"max_hp_loss":0,"event_name":"Drug Dealer","floor":30,"gold_loss":0},{"damage_healed":0,"gold_gain":333,"player_choice":"Gave Idol","damage_taken":0,"max_hp_gain":0,"max_hp_loss":0,"event_name":"The Moai Head","floor":37,"relics_lost":["Golden Idol"],"gold_loss":0},{"damage_healed":0,"gold_gain":0,"player_choice":"Fight","damage_taken":0,"max_hp_gain":0,"max_hp_loss":0,"event_name":"Mysterious Sphere","floor":38,"gold_loss":0},{"damage_healed":0,"gold_gain":0,"player_choice":"Fight","damage_taken":0,"max_hp_gain":0,"max_hp_loss":0,"event_name":"MindBloom","floor":39,"gold_loss":0},{"damage_healed":0,"gold_gain":0,"cards_transformed":["Strike_P"],"player_choice":"Transformed","damage_taken":0,"max_hp_gain":0,"max_hp_loss":0,"event_name":"Transmorgrifier","floor":48,"gold_loss":0,"cards_obtained":["ReachHeaven"]}],"is_beta":false,"boss_relics":[{"not_picked":["Black Star","RhineSuit"],"picked":"ExusiaiGun"},{"not_picked":["Runic Dome","TimeKeys"],"picked":"ChewingGum"}],"items_purged_floors":[7,19,28,36,44,46,46,53,53],"is_endless":false,"potions_floor_spawned":[10,16,21,23,24,25,29,31,33,35,38,39,41,42,45,47,54],"ascension_level":4}}