{"host":"sav7uxregyirlf69","time":1614440697,"event":{"mods":["AchievementEnabler","BaseMod","Colored Map","DeckTracker","Keyboard Shortcuts","Minty Spire (QoL Compilation)","READ ME - Guardian Mod","StSLib","SuperFastMode"],"gold_per_floor":[115,130,147,159,84,84,98,98,122,134,167,186,186,206,206,206,206],"floor_reached":16,"language":"KOR","playtime":288,"items_purged":["Defend_G"],"score":212,"play_id":"48bf43d3-9856-414c-ae06-ec396e4623c3","local_time":"20210228004457","is_ascension_mode":true,"campfire_choices":[{"floor":6,"key":"REST"},{"data":"Blade Dance","floor":8,"key":"SMITH"},{"floor":15,"key":"REST"}],"circlet_count":0,"master_deck":["AscendersBane","Strike_G","Strike_G","Strike_G","Strike_G","Defend_G","Defend_G","Defend_G","Survivor","Neutralize","Cloak And Dagger","Dagger Spray","Blade Dance+1","Corpse Explosion","Backflip"],"relics":["Ring of the Snake","Happy Flower","Blood Vial","SsserpentHead"],"acts_visited":["Exordium"],"potions_floor_usage":[10,11,16,16],"damage_taken":[{"damage":3,"enemies":"Cultist","floor":1,"turns":4},{"damage":1,"enemies":"Small Slimes","floor":2,"turns":5},{"damage":7,"enemies":"Jaw Worm","floor":3,"turns":5},{"damage":21,"enemies":"Large Slime","floor":4,"turns":7},{"damage":4,"enemies":"Red Slaver","floor":7,"turns":3},{"damage":0,"enemies":"2 Fungi Beasts","floor":10,"turns":2},{"damage":9,"enemies":"Gremlin Nob","floor":11,"turns":3},{"damage":1,"enemies":"3 Louse","floor":12,"turns":3},{"damage":2,"enemies":"Exordium Thugs","floor":14,"turns":4},{"damage":44,"enemies":"Slime Boss","floor":16,"turns":6}],"seed_played":"-7475123885895328234","potions_obtained":[{"floor":2,"key":"SkillPotion"},{"floor":4,"key":"BlessingOfTheForge"},{"floor":11,"key":"SkillPotion"},{"floor":14,"key":"Explosive Potion"}],"is_trial":false,"path_per_floor":["M","M","M","M","$","R","M","R","T","M","E","M","?","M","R","B"],"character_chosen":"THE_SILENT","items_purchased":[],"campfire_rested":2,"item_purchase_floors":[],"current_hp_per_floor":[41,40,33,12,12,31,27,27,27,27,18,19,19,19,38,0,0],"gold":206,"neow_bonus":"REMOVE_TWO","is_daily":false,"chose_seed":false,"campfire_upgraded":1,"win_rate":0.0,"timestamp":1614440697,"path_taken":["M","M","?","M","?","R","M","R","T","?","E","M","?","M","R","BOSS"],"items_purchased_type":[],"build_version":"2020-12-22","purchased_purges":1,"victory":false,"max_hp_per_floor":[66,66,66,66,66,66,66,66,66,66,66,66,66,66,66,66,66],"card_choices":[{"not_picked":["Dagger Spray","Backflip"],"picked":"Cloak And Dagger","floor":1},{"not_picked":["Slice","All Out Attack"],"picked":"Dagger Spray","floor":2},{"not_picked":["Acrobatics","Dagger Spray"],"picked":"Blade Dance","floor":3},{"not_picked":["Deadly Poison","Underhanded Strike"],"picked":"Corpse Explosion","floor":4},{"not_picked":["Deadly Poison","Calculated Gamble","Acrobatics"],"picked":"SKIP","floor":7},{"not_picked":["Prepared","Underhanded Strike"],"picked":"Backflip","floor":10},{"not_picked":["Underhanded Strike","Envenom","Deadly Poison"],"picked":"SKIP","floor":11},{"not_picked":["Expertise","Poisoned Stab","Quick Slash"],"picked":"SKIP","floor":12},{"not_picked":["Quick Slash","Setup","Deadly Poison"],"picked":"SKIP","floor":14}],"player_experience":1721862,"relics_obtained":[{"floor":9,"key":"Happy Flower"},{"floor":11,"key":"Blood Vial"}],"event_choices":[{"damage_healed":0,"gold_gain":0,"player_choice":"Trade","damage_taken":0,"relics_obtained":["SsserpentHead"],"max_hp_gain":0,"max_hp_loss":0,"event_name":"FaceTrader","floor":13,"gold_loss":0}],"is_beta":false,"boss_relics":[],"items_purged_floors":[5],"is_endless":false,"potions_floor_spawned":[2,4,11,14],"killed_by":"Slime Boss","ascension_level":20}}