{"host":"bvc3bp2iol2n355r","time":1614390828,"event":{"mods":["AchievementEnabler","BaseMod","Dark Map","Downfall","Minty Spire (QoL Compilation)","Relic Stats","StSLib"],"gold_per_floor":[118,134,153,9,9,41,41,73,73,84,101,120,139,139,139,215,215,235,248,267,284,284,284],"floor_reached":22,"language":"ENG","playtime":1017,"items_purged":[],"score":354,"play_id":"78ac15b2-e2e4-4808-8193-c37ee4aca339","local_time":"20210226205348","is_ascension_mode":true,"campfire_choices":[{"floor":7,"key":"REST"},{"floor":15,"key":"REST"}],"circlet_count":0,"master_deck":["AscendersBane","Strike_R","Strike_R","Strike_R","Strike_R","Defend_R","Defend_R","Defend_R","Defend_R","Bash","Shrug It Off","Shrug It Off","Pommel Strike","Power Through+1","Thunderclap","Battle Trance+1","Iron Wave","Feed","Headbutt","Reaper","Pommel Strike+1","Feel No Pain","True Grit+1","Armaments+1"],"relics":["Mark of Pain","Medical Kit","PreservedInsect","Toxic Egg 2","Incense Burner","Akabeko","Sozu"],"acts_visited":["Exordium","TheCity"],"potions_floor_usage":[6,16],"damage_taken":[{"damage":3,"enemies":"2 Louse","floor":1,"turns":2},{"damage":7,"enemies":"Jaw Worm","floor":2,"turns":2},{"damage":0,"enemies":"Cultist","floor":3,"turns":3},{"damage":27,"enemies":"Lagavulin","floor":6,"turns":6},{"damage":29,"enemies":"Gremlin Nob","floor":8,"turns":4},{"damage":3,"enemies":"Large Slime","floor":10,"turns":7},{"damage":0,"enemies":"Exordium Wildlife","floor":11,"turns":4},{"damage":1,"enemies":"Looter","floor":12,"turns":2},{"damage":0,"enemies":"2 Fungi Beasts","floor":13,"turns":3},{"damage":3,"enemies":"Hexaghost","floor":16,"turns":10},{"damage":7,"enemies":"3 Byrds","floor":18,"turns":6},{"damage":25,"enemies":"Spheric Guardian","floor":19,"turns":4},{"damage":27,"enemies":"Shelled Parasite and Fungi","floor":20,"turns":6},{"damage":18,"enemies":"Snake Plant","floor":21,"turns":7},{"damage":18,"enemies":"Snecko","floor":22,"turns":4}],"seed_played":"-980628549602230642","potions_obtained":[{"floor":2,"key":"DistilledChaos"},{"floor":8,"key":"DuplicationPotion"},{"floor":10,"key":"FearPotion"}],"is_trial":false,"path_per_floor":["M","M","M","$","?","E","R","E","T","M","M","M","M","?","R","B",null,"M","M","M","M","M"],"character_chosen":"IRONCLAD","items_purchased":["Medical Kit"],"campfire_rested":2,"item_purchase_floors":[4],"current_hp_per_floor":[65,58,58,58,47,20,42,13,13,10,10,9,12,12,35,32,67,69,44,20,8,0,0],"gold":284,"neow_bonus":"BOSS_RELIC","is_daily":false,"chose_seed":false,"campfire_upgraded":0,"win_rate":0.0,"timestamp":1614390828,"path_taken":["M","M","M","$","?","E","R","E","T","M","M","M","M","?","R","BOSS","M","M","M","M","?"],"items_purchased_type":["Relic"],"build_version":"2020-12-22","purchased_purges":0,"victory":false,"max_hp_per_floor":[75,75,75,75,75,75,75,75,75,75,75,75,78,78,78,78,78,81,81,84,87,87,87],"relic_stats":{"Sozu":2,"counters":[15,70],"PreservedInsect":56,"Medical Kit":[45],"obtain_stats":[{"Sozu":17,"Mark of Pain":0,"PreservedInsect":5,"Incense Burner":8,"Toxic Egg 2":6,"Medical Kit":4,"Burning Blood":0,"Akabeko":9},{"Sozu":10,"Mark of Pain":0,"PreservedInsect":3,"Incense Burner":5,"Toxic Egg 2":4,"Medical Kit":3,"Burning Blood":0,"Akabeko":5},{"Sozu":43,"Mark of Pain":0,"PreservedInsect":7,"Incense Burner":17,"Toxic Egg 2":13,"Medical Kit":7,"Burning Blood":0,"Akabeko":17}]},"card_choices":[{"not_picked":["Iron Wave","Clash"],"picked":"Shrug It Off","floor":1},{"not_picked":["Perfected Strike","Dual Wield"],"picked":"Shrug It Off","floor":2},{"not_picked":["True Grit","Wild Strike"],"picked":"Pommel Strike","floor":3},{"not_picked":["Hemokinesis","Clothesline"],"picked":"Power Through+1","floor":6},{"not_picked":["Cleave","Sword Boomerang"],"picked":"Thunderclap","floor":8},{"not_picked":["Sword Boomerang","Evolve"],"picked":"Battle Trance+1","floor":10},{"not_picked":["Cleave","Dark Embrace"],"picked":"Iron Wave","floor":11},{"not_picked":["Blood for Blood","Intimidate+1"],"picked":"Feed","floor":12},{"not_picked":["Heavy Blade","Armaments+1"],"picked":"Headbutt","floor":13},{"not_picked":["Fiend Fire","Bludgeon"],"picked":"Reaper","floor":16},{"not_picked":["Sword Boomerang+1","Fire Breathing"],"picked":"Pommel Strike+1","floor":18},{"not_picked":["Battle Trance+1","Clothesline+1"],"picked":"Feel No Pain","floor":19},{"not_picked":["Headbutt","Fire Breathing"],"picked":"True Grit+1","floor":20},{"not_picked":["Iron Wave","Anger"],"picked":"Armaments+1","floor":21}],"player_experience":610576,"relics_obtained":[{"floor":6,"key":"Toxic Egg 2"},{"floor":8,"key":"Incense Burner"},{"floor":9,"key":"Akabeko"}],"event_choices":[{"damage_healed":0,"gold_gain":0,"player_choice":"Success","damage_taken":11,"relics_obtained":["PreservedInsect"],"max_hp_gain":0,"max_hp_loss":0,"event_name":"Scrap Ooze","floor":5,"gold_loss":0},{"cards_removed":["Strike_R"],"damage_healed":0,"gold_gain":0,"player_choice":"Purged","damage_taken":0,"max_hp_gain":0,"max_hp_loss":0,"event_name":"Purifier","floor":14,"gold_loss":0}],"is_beta":false,"boss_relics":[{"not_picked":["Snecko Eye","Velvet Choker"],"picked":"Sozu"}],"items_purged_floors":[],"is_endless":false,"potions_floor_spawned":[2,8,10,11,18,21],"killed_by":"Snecko","ascension_level":15}}