{"host":"szp1d6dso4pv7ddl","time":1614443559,"event":{"mods":["AchievementEnabler","Alarm Clock","BaseMod","Bestiary","Block Reminder","Colored Map","Colored Powertips","Curses Come First","Dark Map","Displayed Cursed Tome","Highlight Path","Minty Spire (QoL Compilation)","Permanent Neow","Quick Restart","Relic Sorter","Relic Stats","StSLib","Synergy Search"],"gold_per_floor":[112,112,112,112,132,132,171,10,10,31,31,47,61,84,84,173,173,198,198,198,221,221,221,241,99,125,125,125],"floor_reached":27,"language":"ENG","playtime":1829,"items_purged":["Strike_B","Defend_B"],"score":440,"play_id":"cd4a374f-a3db-492a-bd3b-7e20ff0711fb","local_time":"20210227083239","is_ascension_mode":true,"campfire_choices":[{"floor":6,"key":"REST"},{"floor":11,"key":"REST"},{"floor":15,"key":"REST"},{"data":"White Noise","floor":23,"key":"SMITH"}],"circlet_count":0,"master_deck":["AscendersBane","Strike_B","Defend_B","Defend_B","Zap","Dualcast","Compile Driver","Gash","Defragment","Seek","Defragment","Stack","Cold Snap","Cold Snap","Barrage","Echo Form","Cold Snap","White Noise+1","Heatsinks","Force Field","Loop"],"relics":["FrozenCore","NeowsBlessing","Dream Catcher","Golden Idol","StrikeDummy","Meat on the Bone","Enchiridion","Centennial Puzzle"],"acts_visited":["Exordium","TheCity"],"potions_floor_usage":[27],"damage_taken":[{"damage":0,"enemies":"Jaw Worm","floor":1,"turns":1},{"damage":0,"enemies":"2 Louse","floor":5,"turns":1},{"damage":0,"enemies":"3 Sentries","floor":7,"turns":1},{"damage":5,"enemies":"Small Slimes","floor":10,"turns":3},{"damage":21,"enemies":"Exordium Wildlife","floor":12,"turns":5},{"damage":1,"enemies":"3 Louse","floor":13,"turns":5},{"damage":29,"enemies":"Lots of Slimes","floor":14,"turns":4},{"damage":21,"enemies":"Hexaghost","floor":16,"turns":12},{"damage":4,"enemies":"Spheric Guardian","floor":18,"turns":8},{"damage":27,"enemies":"3 Byrds","floor":21,"turns":9},{"damage":4,"enemies":"Snecko","floor":24,"turns":8},{"damage":29,"enemies":"Book of Stabbing","floor":27,"turns":4}],"seed_played":"3476712064516864176","potions_obtained":[{"floor":5,"key":"Strength Potion"},{"floor":13,"key":"Strength Potion"}],"is_trial":false,"path_per_floor":["M","?","?","?","M","R","E","$","T","M","R","M","M","M","R","B",null,"M","?","?","M","?","R","M","$","T","E"],"character_chosen":"DEFECT","items_purchased":["Defragment","Loop"],"campfire_rested":3,"item_purchase_floors":[8,25],"current_hp_per_floor":[64,57,46,22,22,43,43,43,43,38,59,38,37,20,41,32,61,57,57,36,21,21,21,29,29,29,0,0],"gold":125,"neow_bonus":"THREE_ENEMY_KILL","is_daily":false,"chose_seed":false,"campfire_upgraded":1,"win_rate":0.0,"timestamp":1614443559,"path_taken":["M","?","?","?","M","R","E","$","T","M","R","M","M","M","R","BOSS","M","?","?","M","?","R","M","$","T","E"],"items_purchased_type":["Card","Card"],"build_version":"2020-12-22","purchased_purges":2,"victory":false,"max_hp_per_floor":[71,71,71,71,71,71,71,71,71,71,71,71,71,71,71,71,71,71,71,71,71,71,71,71,71,71,71,71],"relic_stats":{"Dream Catcher":3,"Centennial Puzzle":[3],"counters":[12,60],"Golden Idol":59,"obtain_stats":[{"Dream Catcher":3,"Centennial Puzzle":26,"NeowsBlessing":0,"Golden Idol":4,"Enchiridion":20,"Cracked Core":0,"StrikeDummy":7,"Meat on the Bone":9,"FrozenCore":17},{"Dream Catcher":1,"Centennial Puzzle":11,"NeowsBlessing":0,"Golden Idol":1,"Enchiridion":9,"Cracked Core":0,"StrikeDummy":3,"Meat on the Bone":3,"FrozenCore":8},{"Dream Catcher":1,"Centennial Puzzle":56,"NeowsBlessing":0,"Golden Idol":1,"Enchiridion":40,"Cracked Core":0,"StrikeDummy":3,"Meat on the Bone":3,"FrozenCore":32}],"FrozenCore":[11],"Meat on the Bone":48},"card_choices":[{"not_picked":["Conserve Battery","Steam"],"picked":"Compile Driver","floor":1},{"not_picked":["Turbo","Skim"],"picked":"Gash","floor":5},{"not_picked":["Barrage","Reinforced Body"],"picked":"Defragment","floor":6},{"not_picked":["Steam","Rebound"],"picked":"Seek","floor":7},{"not_picked":["Sweeping Beam","Streamline"],"picked":"Stack","floor":10},{"not_picked":["Compile Driver","Redo","Gash"],"picked":"SKIP","floor":12},{"not_picked":["Ball Lightning","Chaos"],"picked":"Cold Snap","floor":13},{"not_picked":["Rip and Tear","Recycle"],"picked":"Cold Snap","floor":14},{"not_picked":["Melter","Sweeping Beam"],"picked":"Barrage","floor":15},{"not_picked":["Fission","All For One"],"picked":"Echo Form","floor":16},{"not_picked":["FTL","Hologram","Consume"],"picked":"SKIP","floor":18},{"not_picked":["Skim","Hologram+1"],"picked":"Cold Snap","floor":21},{"not_picked":["Genetic Algorithm","Reinforced Body"],"picked":"Force Field","floor":24}],"player_experience":1674823,"relics_obtained":[{"floor":7,"key":"StrikeDummy"},{"floor":9,"key":"Meat on the Bone"},{"floor":26,"key":"Centennial Puzzle"}],"event_choices":[{"cards_removed":["Strike_B"],"damage_healed":0,"gold_gain":0,"player_choice":"Card Removal","damage_taken":7,"max_hp_gain":0,"max_hp_loss":0,"event_name":"Golden Wing","floor":2,"gold_loss":0},{"damage_healed":0,"gold_gain":0,"player_choice":"Success","damage_taken":11,"relics_obtained":["Dream Catcher"],"max_hp_gain":0,"max_hp_loss":0,"event_name":"Scrap Ooze","floor":3,"gold_loss":0},{"damage_healed":0,"gold_gain":0,"player_choice":"Take Damage","damage_taken":24,"relics_obtained":["Golden Idol"],"max_hp_gain":0,"max_hp_loss":0,"event_name":"Golden Idol","floor":4,"gold_loss":0},{"damage_healed":0,"gold_gain":0,"player_choice":"Ignored","damage_taken":0,"max_hp_gain":0,"max_hp_loss":0,"event_name":"Vampires","floor":19,"gold_loss":0},{"damage_healed":0,"gold_gain":0,"player_choice":"Obtained Book","damage_taken":21,"max_hp_gain":0,"max_hp_loss":0,"event_name":"Cursed Tome","floor":20,"gold_loss":0},{"damage_healed":0,"gold_gain":0,"cards_transformed":["Defend_B","Strike_B"],"player_choice":"Became Test Subject","damage_taken":0,"max_hp_gain":0,"max_hp_loss":0,"event_name":"Drug Dealer","floor":22,"gold_loss":0,"cards_obtained":["White Noise","Heatsinks"]}],"is_beta":false,"boss_relics":[{"not_picked":["Astrolabe","Tiny House"],"picked":"FrozenCore"}],"items_purged_floors":[8,25],"is_endless":false,"potions_floor_spawned":[5,13,16,21],"killed_by":"Book of Stabbing","ascension_level":17}}