{"host":"7sni158j623xchr2","time":1610611317,"event":{"mods":["BaseMod","Colored Map","Highlight Path","Minty Spire (QoL Compilation)","Permanent Neow","Potion Indicator Mod","Rare Cards Sparkle","Relic Sorter","Relic Stats","StSLib","everything is the same but u backflip on backflip"],"gold_per_floor":[117,197,214,34,109,109,138,138,165,190,377,664,702,41,41,137,137,152,152,171,171,184,184,214,234,234,267,267,299,310,340,340,440,490,506,311,327,327,346,376,396,423,449,449,499,525,192,192,192,192,192,192,20,50,50,50],"floor_reached":55,"language":"ENG","playtime":2009,"items_purged":["Normality","Strike_R","Strike_R+1","Defend_R+1","Battle Trance"],"score":939,"play_id":"29c7a634-4347-46da-a1b5-fc0ca84d482c","local_time":"20210114020157","is_ascension_mode":true,"campfire_choices":[{"data":"Carnage","floor":6.0,"key":"SMITH"},{"data":"Whirlwind","floor":8.0,"key":"SMITH"},{"data":"Reckless Charge","floor":15.0,"key":"SMITH"},{"data":"Feel No Pain","floor":23.0,"key":"SMITH"},{"data":"Sword Boomerang","floor":32,"key":"SMITH"},{"data":"Brutality","floor":44,"key":"SMITH"},{"floor":49,"key":"RECALL"},{"data":"Shockwave","floor":52,"key":"SMITH"}],"circlet_count":0,"master_deck":["Defend_R+1","Defend_R+1","Bash","Pommel Strike","Carnage+1","Metallicize","Whirlwind+1","Feel No Pain+1","Panache","Reckless Charge+1","Fiend Fire+1","Infernal Blade+1","Shrug It Off+1","Shockwave+1","True Grit","Brutality+1","Rage+1","Sword Boomerang+1","Flame Barrier+1","Exhume","Sentinel+1","Inflame+1","Shrug It Off+1","Spot Weakness","Offering","Battle Trance+1","Demon Form"],"relics":["Burning Blood","Mummified Hand","Bottled Flame","Omamori","MawBank","Tiny Chest","Shuriken","Empty Cage","Meat on the Bone","Eternal Feather","Potion Belt","White Beast Statue","Champion Belt","Smiling Mask","Tiny House","Sling","Question Card","Du-Vu Doll","Vajra","Bird Faced Urn","InkBottle","War Paint","Ornamental Fan"],"acts_visited":["Exordium","TheCity","TheBeyond","TheEnding"],"potions_floor_usage":[27,34,45,46,46,50,50,54,55,55,55,55,55],"damage_taken":[{"damage":6.0,"enemies":"Cultist","floor":1.0,"turns":3.0},{"damage":2.0,"enemies":"2 Louse","floor":3.0,"turns":3.0},{"damage":11.0,"enemies":"Gremlin Nob","floor":7.0,"turns":3.0},{"damage":18.0,"enemies":"Lagavulin","floor":10.0,"turns":7.0},{"damage":8.0,"enemies":"3 Sentries","floor":13.0,"turns":4.0},{"damage":27.0,"enemies":"The Guardian","floor":16.0,"turns":8.0},{"damage":3.0,"enemies":"3 Byrds","floor":18.0,"turns":3.0},{"damage":5.0,"enemies":"Chosen","floor":20.0,"turns":3.0},{"damage":0.0,"enemies":"Shelled Parasite and Fungi","floor":22.0,"turns":2.0},{"damage":0.0,"enemies":"Gremlin Leader","floor":24.0,"turns":4.0},{"damage":6.0,"enemies":"Chosen and Byrds","floor":25.0,"turns":5.0},{"damage":10,"enemies":"Slavers","floor":27,"turns":4},{"damage":3,"enemies":"Gremlin Leader","floor":29,"turns":5},{"damage":12,"enemies":"Snake Plant","floor":30,"turns":3},{"damage":13,"enemies":"Book of Stabbing","floor":31,"turns":3},{"damage":56,"enemies":"Champ","floor":33,"turns":12},{"damage":10,"enemies":"Orb Walker","floor":35,"turns":4},{"damage":25,"enemies":"3 Darklings","floor":37,"turns":5},{"damage":14,"enemies":"Spire Growth","floor":39,"turns":7},{"damage":36,"enemies":"Giant Head","floor":40,"turns":8},{"damage":0,"enemies":"Sphere and 2 Shapes","floor":41,"turns":2},{"damage":14,"enemies":"Nemesis","floor":42,"turns":5},{"damage":10,"enemies":"Mind Bloom Boss Battle","floor":45,"turns":5},{"damage":59,"enemies":"Giant Head","floor":46,"turns":9},{"damage":68,"enemies":"Awakened One","floor":50,"turns":11},{"damage":15,"enemies":"Shield and Spear","floor":54,"turns":5},{"damage":118,"enemies":"The Heart","floor":55,"turns":9}],"seed_played":"3644589038296325188","potions_obtained":[{"floor":1.0,"key":"HeartOfIron"},{"floor":13.0,"key":"Energy Potion"},{"floor":16.0,"key":"SteroidPotion"},{"floor":18.0,"key":"SkillPotion"},{"floor":25.0,"key":"LiquidBronze"},{"floor":29,"key":"EssenceOfSteel"},{"floor":30,"key":"HeartOfIron"},{"floor":31,"key":"SneckoOil"},{"floor":33,"key":"Energy Potion"},{"floor":34,"key":"Fruit Juice"},{"floor":35,"key":"Block Potion"},{"floor":40,"key":"Weak Potion"},{"floor":41,"key":"Strength Potion"},{"floor":42,"key":"BloodPotion"},{"floor":45,"key":"Explosive Potion"},{"floor":46,"key":"DistilledChaos"},{"floor":54,"key":"Dexterity Potion"}],"is_trial":false,"path_per_floor":["M","T","M","$","?","R","E","R","T","E","?","?","E","$","R","B",null,"M","T","M","?","M","R","E","M","T","E","?","E","M","E","R","B",null,"M","$","M","T","M","E","M","E","T","R","?","E","$","?","R","B",null,"R","$","E","B"],"character_chosen":"IRONCLAD","items_purchased":["Carnage","Metallicize","Feel No Pain","Panache","Shuriken","Reckless Charge","Sling","Battle Trance","War Paint","Strength Potion","Strength Potion","EssenceOfSteel"],"campfire_rested":0,"item_purchase_floors":[4,4,14,14,14,14,36,47,47,47,53,53],"current_hp_per_floor":[96,96,96,96,85,85,80,80,80,68,68,68,66,66,66,45,96,96,96,96,96,96,96,96,96,96,92,92,95,89,82,94,56,106,102,102,83,83,75,57,63,67,67,82,78,68,68,68,83,43,106,106,106,101,0,0],"gold":50,"neow_bonus":"TWENTY_PERCENT_HP_BONUS","is_daily":false,"chose_seed":false,"campfire_upgraded":7,"win_rate":0.0,"timestamp":1610611317,"path_taken":["M","?","M","$","?","R","E","R","T","E","?","?","E","$","R","BOSS","M","?","M","?","M","R","E","M","T","E","?","E","M","E","R","BOSS","M","$","M","?","M","E","M","E","T","R","?","E","$","?","R","BOSS","R","$","E","BOSS"],"items_purchased_type":["Card","Card","Card","Card","Relic","Card","Relic","Card","Relic","Potion","Potion","Potion"],"build_version":"2020-12-22","purchased_purges":5,"victory":false,"max_hp_per_floor":[96,96,96,96,96,96,96,96,96,96,96,96,96,96,96,96,96,96,96,96,96,96,96,96,96,96,96,96,96,96,96,96,96,106,106,106,106,106,106,106,106,106,106,106,106,106,106,106,106,106,106,106,106,106,106,106],"relic_stats":{"counters":[27,142],"Eternal Feather":42,"War Paint":["Rage","Battle Trance"],"MawBank":48,"Smiling Mask":300,"Question Card":5,"Burning Blood":136,"Mummified Hand":[89],"Shuriken":[31],"Ornamental Fan":[0],"Bird Faced Urn":[35],"Tiny Chest":1,"Champion Belt":[26],"obtain_stats":[{"Potion Belt":26,"Tiny House":34,"Vajra":43,"Eternal Feather":24,"Omamori":9,"War Paint":47,"MawBank":10,"Empty Cage":17,"Smiling Mask":31,"Sling":36,"Question Card":40,"Burning Blood":0,"White Beast Statue":27,"Du-Vu Doll":42,"Bottled Flame":7,"Mummified Hand":2,"Shuriken":14,"Ornamental Fan":54,"Bird Faced Urn":45,"Tiny Chest":13,"Champion Belt":29,"InkBottle":46,"Meat on the Bone":19},{"Potion Belt":11,"Tiny House":16,"Vajra":22,"Eternal Feather":10,"Omamori":3,"War Paint":24,"MawBank":4,"Empty Cage":6,"Smiling Mask":15,"Sling":17,"Question Card":20,"Burning Blood":0,"White Beast Statue":12,"Du-Vu Doll":22,"Bottled Flame":3,"Mummified Hand":1,"Shuriken":5,"Ornamental Fan":26,"Bird Faced Urn":23,"Tiny Chest":5,"Champion Belt":13,"InkBottle":24,"Meat on the Bone":7},{"Potion Belt":45,"Tiny House":72,"Vajra":103,"Eternal Feather":40,"Omamori":9,"War Paint":117,"MawBank":16,"Empty Cage":28,"Smiling Mask":60,"Sling":76,"Question Card":96,"Burning Blood":0,"White Beast Statue":49,"Du-Vu Doll":103,"Bottled Flame":9,"Mummified Hand":3,"Shuriken":20,"Ornamental Fan":133,"Bird Faced Urn":108,"Tiny Chest":20,"Champion Belt":54,"InkBottle":117,"Meat on the Bone":31}],"InkBottle":[9],"Meat on the Bone":60},"card_choices":[{"not_picked":["True Grit","Warcry"],"picked":"Battle Trance","floor":1.0},{"not_picked":["Twin Strike","Flex"],"picked":"Pommel Strike","floor":3.0},{"not_picked":["Fire Breathing","Ghostly Armor"],"picked":"Whirlwind","floor":7.0},{"not_picked":["Pommel Strike","Heavy Blade","Iron Wave"],"picked":"SKIP","floor":10.0},{"not_picked":["Sentinel","Body Slam","Clash"],"picked":"SKIP","floor":13.0},{"not_picked":["Berserk","Brutality"],"picked":"Fiend Fire","floor":16.0},{"not_picked":["Clash","Twin Strike+1"],"picked":"Infernal Blade+1","floor":18.0},{"not_picked":["Dual Wield","Rupture"],"picked":"Shrug It Off+1","floor":20.0},{"not_picked":["Body Slam","Feel No Pain","Intimidate"],"picked":"SKIP","floor":22.0},{"not_picked":["Dark Embrace","Uppercut"],"picked":"Shockwave","floor":24.0},{"not_picked":["Thunderclap","Iron Wave+1","Entrench"],"picked":"SKIP","floor":25.0},{"not_picked":["Reckless Charge","Sentinel"],"picked":"True Grit","floor":27},{"not_picked":["Warcry","Hemokinesis","Fiend Fire"],"picked":"SKIP","floor":29},{"not_picked":["Clash","Anger"],"picked":"Sword Boomerang","floor":30},{"not_picked":["Anger","Bludgeon"],"picked":"Flame Barrier+1","floor":31},{"not_picked":["Fiend Fire","Barricade"],"picked":"Exhume","floor":33},{"not_picked":["Clothesline","Sword Boomerang"],"picked":"Sentinel+1","floor":35},{"not_picked":["Hemokinesis+1","Clash+1","Sword Boomerang+1"],"picked":"SKIP","floor":37},{"not_picked":["Blood for Blood+1","Anger","Warcry+1"],"picked":"SKIP","floor":39},{"not_picked":["Rupture+1","Offering"],"picked":"Inflame+1","floor":40},{"not_picked":["Clothesline","Heavy Blade","Second Wind","Thunderclap+1"],"picked":"SKIP","floor":41},{"not_picked":["Warcry","Blood for Blood+1","Sever Soul+1"],"picked":"Shrug It Off+1","floor":42},{"not_picked":["Demon Form","Clothesline","Twin Strike"],"picked":"Spot Weakness","floor":45},{"not_picked":["Body Slam+1","Shrug It Off","Anger+1"],"picked":"Offering","floor":46},{"not_picked":["Reckless Charge","Rampage+1","Pommel Strike+1"],"picked":"Demon Form","floor":54}],"player_experience":1612136,"relics_obtained":[{"floor":2.0,"key":"Mummified Hand"},{"floor":7.0,"key":"Bottled Flame"},{"floor":9.0,"key":"Omamori"},{"floor":10.0,"key":"MawBank"},{"floor":13.0,"key":"Tiny Chest"},{"floor":19.0,"key":"Meat on the Bone"},{"floor":24.0,"key":"Eternal Feather"},{"floor":26.0,"key":"Potion Belt"},{"floor":27,"key":"White Beast Statue"},{"floor":29,"key":"Champion Belt"},{"floor":31,"key":"Smiling Mask"},{"floor":40,"key":"Question Card"},{"floor":42,"key":"Du-Vu Doll"},{"floor":43,"key":"Vajra"},{"floor":45,"key":"Bird Faced Urn"},{"floor":46,"key":"InkBottle"},{"floor":54,"key":"Ornamental Fan"}],"event_choices":[{"damage_healed":0.0,"max_hp_gain":0.0,"max_hp_loss":0.0,"gold_gain":75.0,"event_name":"World of Goop","player_choice":"Gather Gold","floor":5.0,"gold_loss":0.0,"damage_taken":11.0},{"damage_healed":0.0,"max_hp_gain":0.0,"max_hp_loss":0.0,"gold_gain":175.0,"event_name":"Liars Game","player_choice":"AGREE","floor":11.0,"gold_loss":0.0,"damage_taken":0.0,"cards_obtained":["Doubt"]},{"damage_healed":0.0,"max_hp_gain":0.0,"max_hp_loss":0.0,"gold_gain":275.0,"event_name":"Golden Shrine","player_choice":"Desecrate","floor":12.0,"gold_loss":0.0,"damage_taken":0.0,"cards_obtained":["Regret"]},{"damage_healed":0.0,"max_hp_gain":0.0,"max_hp_loss":0.0,"gold_gain":0.0,"event_name":"Back to Basics","player_choice":"Simplicity","floor":21.0,"gold_loss":0.0,"damage_taken":0.0,"cards_upgraded":["Strike_R","Strike_R","Strike_R","Defend_R","Defend_R","Defend_R"]},{"damage_healed":0,"gold_gain":0,"cards_transformed":["Strike_R","Strike_R"],"player_choice":"Became Test Subject","damage_taken":0,"max_hp_gain":0,"max_hp_loss":0,"event_name":"Drug Dealer","floor":28,"gold_loss":0,"cards_obtained":["Brutality","Rage"]},{"damage_healed":0,"gold_gain":0,"player_choice":"Fight","damage_taken":0,"max_hp_gain":0,"max_hp_loss":0,"event_name":"MindBloom","floor":45,"gold_loss":0},{"damage_healed":0,"gold_gain":0,"player_choice":"Ignored","damage_taken":0,"max_hp_gain":0,"max_hp_loss":0,"event_name":"Mysterious Sphere","floor":48,"gold_loss":0}],"is_beta":false,"boss_relics":[{"not_picked":["Black Blood","Runic Pyramid"],"picked":"Empty Cage"},{"not_picked":["Runic Cube","Pandora\u0027s Box"],"picked":"Tiny House"}],"items_purged_floors":[4,14,36,47,53],"is_endless":false,"potions_floor_spawned":[1,13,16,18,25,29,30,31,33,35,37,39,40,41,42,45,46,54],"killed_by":"The Heart","ascension_level":1}}