{"host":"75t5dw8c2tyw3fa7","time":1610607109,"event":{"mods":["BaseMod","Minty Spire (QoL Compilation)","Replay The Spire","StSLib"],"gold_per_floor":[115,115,125,136,136,136,163,163,187,41,72,72,102,124,124,255,355,397,423,451,451,366,411,444,475,502,547,568,568,620,792,792,928,928,970,999,999,1221,1261,1308,1308,1389,1412,1481,1481,1481,711,746,746,766],"floor_reached":51,"language":"ENG","playtime":3171,"items_purged":["Defend_G"],"score":1125,"play_id":"1a070934-e61f-4769-97db-7eff3964d4f0","local_time":"20210113225148","is_ascension_mode":true,"campfire_choices":[{"data":"Tactician","floor":6.0,"key":"SMITH"},{"data":"Flechettes","floor":8.0,"key":"SMITH"},{"floor":12.0,"key":"REST"},{"floor":15.0,"key":"DIG"},{"floor":29.0,"key":"REST"},{"data":"Catalyst","floor":32.0,"key":"SMITH"},{"floor":41.0,"key":"REST"},{"floor":45.0,"key":"REST"},{"floor":49.0,"key":"DIG"}],"circlet_count":0,"master_deck":["Strike_G","Defend_G","Defend_G","Defend_G","Defend_G","Survivor","Neutralize","Flechettes+1","Tactician+1","Poisoned Stab","Quick Slash","Finisher","Corpse Explosion","A Thousand Cuts+1","Slice","Tools of the Trade","Draining Mist+1","Sneak Up+1","Hidden Blade+1","Catalyst+1","Glass Knife","Slice+1","ReplayTheSpireMod:Tripwire+1","Blade Dance+1","Flying Knee+1","Crippling Poison+1","Well Laid Plans+1","Burst","CurseOfTheBell","PiercingWail+1","Slice+1","Underhanded Strike","Terror","Toxin Wave+1","Phantasmal Killer+1","Heel Hook","Transmutation","Transmutation","ReplayTheSpireMod:Private Reserves","Parasite","Reflex+1"],"relics":["Ring of the Snake","Juzu Bracelet","ReplayTheSpireMod:TigerMarble","OrangePellets","Pear","Replay:Bandana","ReplayTheSpireMod:Ninjato","Replay:Wanted Poster","Replay:WaspNest","Toy Ornithopter","Blue Doll","Red Mask","Tingsha","Blue Candle","Calling Bell","MealTicket","Ninja Scroll","Replay:Towering Pillar of Hats","ReplayFunnel","ReplayTheSpireMod:Lightbulb","Letter Opener","Frozen Eye","Pocketwatch"],"acts_visited":["Exordium","TheCity","TheBeyond"],"potions_floor_usage":[50,50],"damage_taken":[{"damage":0.0,"enemies":"2 Louse","floor":1.0,"turns":3.0},{"damage":0.0,"enemies":"Small Slimes","floor":3.0,"turns":2.0},{"damage":0.0,"enemies":"Jaw Worm","floor":4.0,"turns":3.0},{"damage":12.0,"enemies":"Gremlin Nob","floor":7.0,"turns":4.0},{"damage":34.0,"enemies":"Replay:BlueRogue","floor":11.0,"turns":5.0},{"damage":17.0,"enemies":"Lagavulin","floor":13.0,"turns":5.0},{"damage":0.0,"enemies":"Looter","floor":14.0,"turns":1.0},{"damage":15.0,"enemies":"Fading Forest","floor":16.0,"turns":11.0},{"damage":6.0,"enemies":"Spheric Guardian","floor":18.0,"turns":3.0},{"damage":14.0,"enemies":"2 Thieves","floor":19.0,"turns":3.0},{"damage":8.0,"enemies":"Snake Plant","floor":20.0,"turns":5.0},{"damage":3.0,"enemies":"Book of Stabbing","floor":23.0,"turns":5.0},{"damage":5.0,"enemies":"Centurion and Healer","floor":24.0,"turns":3.0},{"damage":14.0,"enemies":"Cultist and Chosen","floor":25.0,"turns":5.0},{"damage":0.0,"enemies":"Shelled Parasite and Fungi","floor":27.0,"turns":2.0},{"damage":0.0,"enemies":"3 Cultists","floor":28.0,"turns":2.0},{"damage":0.0,"enemies":"Masked Bandits","floor":30.0,"turns":2.0},{"damage":6.0,"enemies":"Colosseum Slavers","floor":31.0,"turns":2.0},{"damage":10.0,"enemies":"Colosseum Nobs","floor":31.0,"turns":3.0},{"damage":38.0,"enemies":"Collector","floor":33.0,"turns":7.0},{"damage":0.0,"enemies":"Orb Walker","floor":35.0,"turns":1.0},{"damage":1.0,"enemies":"3 Shapes","floor":36.0,"turns":3.0},{"damage":7.0,"enemies":"3 Darklings","floor":39.0,"turns":4.0},{"damage":29.0,"enemies":"Reptomancer","floor":40.0,"turns":5.0},{"damage":10.0,"enemies":"Giant Head","floor":42.0,"turns":3.0},{"damage":9.0,"enemies":"Reptomancer","floor":44.0,"turns":5.0},{"damage":13.0,"enemies":"Writhing Mass","floor":48.0,"turns":5.0},{"damage":27,"enemies":"Time Eater","floor":50,"turns":7}],"seed_played":"-7449610631650876967","potions_obtained":[{"floor":11.0,"key":"AttackPotion"},{"floor":14.0,"key":"Explosive Potion"},{"floor":16.0,"key":"Fire Potion"},{"floor":20.0,"key":"Dexterity Potion"},{"floor":24.0,"key":"Reflective Coating"},{"floor":27.0,"key":"GamblersBrew"},{"floor":28.0,"key":"Languid Potion"},{"floor":30.0,"key":"LiquidMemories"},{"floor":33.0,"key":"SteroidPotion"},{"floor":36.0,"key":"FearPotion"},{"floor":39.0,"key":"Energy Potion"}],"is_trial":false,"path_per_floor":["M","?","M","M","?","R","E","R","T","$","E","R","E","M","R","B",null,"M","M","M","?","?","E","M","M","T","M","M","R","?","?","R","B",null,"M","M","?","?","M","E","R","E","T","E","R","?","$","M","R","B",null],"character_chosen":"THE_SILENT","items_purchased":["OrangePellets","Phantasmal Killer+1","Heel Hook","Doom Potion","EntropicBrew","Transmutation","ReplayTheSpireMod:Private Reserves","Frozen Eye"],"campfire_rested":4,"item_purchase_floors":[10,47,47,47,47,47,47,47],"current_hp_per_floor":[63,63,63,63,63,63,51,51,51,51,27,48,35,35,35,20,60,54,40,32,32,32,29,24,10,10,20,20,41,41,30,30,2,55,55,54,54,54,47,23,44,44,44,35,56,56,69,57,57,40],"gold":766,"neow_bonus":"TRANSFORM_TWO_CARDS","is_daily":false,"chose_seed":false,"campfire_upgraded":3,"win_rate":0.0,"timestamp":1610607108,"path_taken":["M","?","M","M","?","R","E","R","T","$","E","R","E","M","R","BOSS","M","M","M","?","?","E","M","M","T","M","M","R","?","?","R","BOSS","M","M","?","?","M","E","R","E","T","E","R","?","$","M","R","BOSS"],"items_purchased_type":["Relic","Card","Card","Potion","Potion","Card","Card","Relic"],"build_version":"2020-12-22","purchased_purges":1,"victory":true,"max_hp_per_floor":[63,63,63,63,63,63,63,63,63,63,73,73,73,73,73,73,73,73,73,73,73,73,73,73,73,73,73,73,73,73,73,73,73,73,73,73,73,73,73,73,73,73,73,73,73,69,69,69,69,69],"card_choices":[{"not_picked":["Cloak And Dagger","Tactician"],"picked":"Poisoned Stab","floor":1.0},{"not_picked":["Deflect","Dagger Throw"],"picked":"Finisher","floor":3.0},{"not_picked":["PiercingWail","Underhanded Strike"],"picked":"Corpse Explosion","floor":4.0},{"not_picked":["Riddle With Holes","Hidden Blade","Tactician"],"picked":"SKIP","floor":7.0},{"not_picked":["Dodge and Roll","Outmaneuver"],"picked":"Slice","floor":11.0},{"not_picked":["Quick Slash","Distraction"],"picked":"Tools of the Trade","floor":13.0},{"not_picked":["Heel Hook","Quick Slash","Poisoned Stab"],"picked":"SKIP","floor":14.0},{"not_picked":["Sucker Punch","Prepared"],"picked":"Draining Mist+1","floor":18.0},{"not_picked":["Dagger Spray","Calculated Gamble"],"picked":"Sneak Up+1","floor":19.0},{"not_picked":["Terror+1","Reflex"],"picked":"Hidden Blade+1","floor":20.0},{"not_picked":["ReplayTheSpireMod:Exploit Weakness","Bane"],"picked":"Glass Knife","floor":23.0},{"not_picked":["Dagger Throw+1","Outmaneuver+1"],"picked":"Slice+1","floor":24.0},{"not_picked":["ReplayTheSpireMod:Speed Training","Backflip"],"picked":"ReplayTheSpireMod:Tripwire+1","floor":25.0},{"not_picked":["ReplayTheSpireMod:Scrap Shanks","Quick Slash"],"picked":"Blade Dance+1","floor":27.0},{"not_picked":["Deflect","Acrobatics"],"picked":"Flying Knee+1","floor":28.0},{"not_picked":["Sucker Punch","Deflect"],"picked":"Crippling Poison+1","floor":30.0},{"not_picked":["Blade Dance","Reflex+1"],"picked":"Well Laid Plans+1","floor":31.0},{"not_picked":["Night Terror","Envenom"],"picked":"Burst","floor":33.0},{"not_picked":["Fluid Movement","ReplayTheSpireMod:Tripwire+1"],"picked":"PiercingWail+1","floor":35.0},{"not_picked":["Prepared","Outmaneuver+1"],"picked":"Poisoned Stab+1","floor":36.0},{"not_picked":["Dodge and Roll","Backflip"],"picked":"Slice+1","floor":39.0},{"not_picked":["Finisher","Distraction"],"picked":"Underhanded Strike","floor":40.0},{"not_picked":["Bane","Prepared+1"],"picked":"Terror","floor":42.0},{"not_picked":["Sucker Punch","Dodge and Roll"],"picked":"Toxin Wave+1","floor":44.0},{"not_picked":["Grand Finale","Deadly Poison"],"picked":"Reflex+1","floor":48.0}],"player_experience":441648,"relics_obtained":[{"floor":7.0,"key":"Juzu Bracelet"},{"floor":9.0,"key":"ReplayTheSpireMod:TigerMarble"},{"floor":11.0,"key":"Pear"},{"floor":13.0,"key":"Replay:Bandana"},{"floor":15.0,"key":"ReplayTheSpireMod:Ninjato"},{"floor":23.0,"key":"Toy Ornithopter"},{"floor":26.0,"key":"Blue Doll"},{"floor":30.0,"key":"Red Mask"},{"floor":31.0,"key":"Tingsha"},{"floor":31.0,"key":"Blue Candle"},{"floor":34.0,"key":"MealTicket"},{"floor":34.0,"key":"Ninja Scroll"},{"floor":34.0,"key":"Replay:Towering Pillar of Hats"},{"floor":40.0,"key":"ReplayFunnel"},{"floor":42.0,"key":"ReplayTheSpireMod:Lightbulb"},{"floor":44.0,"key":"Letter Opener"},{"floor":49.0,"key":"Pocketwatch"}],"event_choices":[{"damage_healed":0.0,"max_hp_gain":0.0,"max_hp_loss":0.0,"gold_gain":0.0,"cards_transformed":["Strike_G"],"event_name":"Living Wall","player_choice":"Change","floor":2.0,"gold_loss":0.0,"damage_taken":0.0,"cards_obtained":["Quick Slash"]},{"damage_healed":0.0,"max_hp_gain":0.0,"max_hp_loss":0.0,"gold_gain":0.0,"event_name":"The Library","player_choice":"Read","floor":21.0,"gold_loss":0.0,"damage_taken":0.0,"cards_obtained":["Catalyst"]},{"damage_healed":0.0,"max_hp_gain":0.0,"max_hp_loss":0.0,"gold_gain":0.0,"event_name":"Addict","player_choice":"Obtained Relic","floor":22.0,"gold_loss":85.0,"damage_taken":0.0,"relics_obtained":["Replay:WaspNest"]},{"damage_healed":0.0,"max_hp_gain":0.0,"max_hp_loss":0.0,"gold_gain":0.0,"event_name":"Masked Bandits","player_choice":"Fought Bandits","floor":30.0,"gold_loss":0.0,"damage_taken":0.0},{"damage_healed":0.0,"max_hp_gain":0.0,"max_hp_loss":0.0,"gold_gain":0.0,"event_name":"Colosseum","player_choice":"Fight","floor":31.0,"gold_loss":0.0,"damage_taken":0.0},{"damage_healed":0.0,"max_hp_gain":0.0,"max_hp_loss":0.0,"gold_gain":0.0,"event_name":"Colosseum","player_choice":"Fought Nobs","floor":31.0,"gold_loss":0.0,"damage_taken":0.0},{"cards_removed":["Poisoned Stab"],"damage_healed":0.0,"max_hp_gain":0.0,"max_hp_loss":0.0,"gold_gain":0.0,"event_name":"Falling","player_choice":"Removed Attack","floor":37.0,"gold_loss":0.0,"damage_taken":0.0},{"damage_healed":0.0,"max_hp_gain":0.0,"max_hp_loss":0.0,"gold_gain":222.0,"event_name":"Tomb of Lord Red Mask","player_choice":"Wore Mask","floor":38.0,"gold_loss":0.0,"damage_taken":0.0},{"damage_healed":0.0,"max_hp_gain":0.0,"max_hp_loss":4.0,"gold_gain":0.0,"event_name":"Winding Halls","player_choice":"Max HP","floor":46.0,"gold_loss":0.0,"damage_taken":0.0}],"is_beta":false,"boss_relics":[{"not_picked":["Pandora\u0027s Box","Sozu"],"picked":"Replay:Wanted Poster"},{"not_picked":["WristBlade","Astrolabe"],"picked":"Calling Bell"}],"items_purged_floors":[47],"is_endless":false,"potions_floor_spawned":[11,14,16,20,24,27,28,30,33,36,39],"ascension_level":8}}