{"host":"kgfs5ebhusfk1t4t","time":1610652540,"event":{"mods":["BaseMod","Colored Map","DeckTracker","Highlight Path","KOR Keyword Fix","Keyboard Shortcuts","Minty Spire (QoL Compilation)","Permanent Neow","Quick Restart","StSLib","SuperFastMode","everything is the same but u backflip on backflip"],"gold_per_floor":[119,133,152,132,149,149,161,195,220,30,30,48,48,61,61,162,162,176,193,209,221,221,221,254,254,254,264,293,313,342,353,353,450,450,466,466,426,437,437,463,475,522,534,546,558,364,377,377,377,377,377,377,17,44,44,44],"floor_reached":55,"language":"KOR","playtime":3049,"items_purged":["Writhe","Strike_R"],"score":1287,"play_id":"3b32980f-e2d5-44e5-8e09-1a6cc1051330","local_time":"20210115042900","is_ascension_mode":true,"campfire_choices":[{"data":"Searing Blow","floor":6,"key":"SMITH"},{"data":"Searing Blow+1","floor":11,"key":"SMITH"},{"data":"Searing Blow+2","floor":13,"key":"SMITH"},{"data":"Searing Blow+3","floor":15,"key":"SMITH"},{"floor":23,"key":"REST"},{"data":"Searing Blow+4","floor":25,"key":"SMITH"},{"floor":32,"key":"REST"},{"floor":44,"key":"RECALL"},{"data":"Searing Blow+6","floor":49,"key":"SMITH"},{"data":"Searing Blow+7","floor":52,"key":"SMITH"}],"circlet_count":0,"master_deck":["AscendersBane","Strike_R","Strike_R","Strike_R","Defend_R","Defend_R","Defend_R","Defend_R","Bash","Flame Barrier","Clothesline","Searing Blow+8","Impervious","Disarm","Battle Trance","Second Wind","Headbutt","Body Slam","Immolate","Heavy Blade","Bludgeon","Necronomicurse","Entrench","Spot Weakness","Power Through+1","Shrug It Off","Reaper","Ghostly Armor","Double Tap","Havoc+1","Perfected Strike+1","Entrench","Exhume","Armaments","Flame Barrier","Armaments"],"relics":["Snecko Eye","Shovel","Vajra","MealTicket","Black Star","Necronomicon","Bronze Scales","Juzu Bracelet","Champion Belt","Smiling Mask","Singing Bowl","White Beast Statue","Happy Flower","Cursed Key","Prayer Wheel","MawBank","Ice Cream","PreservedInsect","Orrery","Paper Frog","StrikeDummy","Charon\u0027s Ashes"],"acts_visited":["Exordium","TheCity","TheBeyond","TheEnding"],"potions_floor_usage":[21,24,28,31,33,35,40,50],"damage_taken":[{"damage":0,"enemies":"2 Louse","floor":1,"turns":3},{"damage":0,"enemies":"Cultist","floor":2,"turns":3},{"damage":0,"enemies":"Jaw Worm","floor":3,"turns":2},{"damage":6,"enemies":"2 Fungi Beasts","floor":5,"turns":4},{"damage":9,"enemies":"Blue Slaver","floor":7,"turns":4},{"damage":15,"enemies":"Lagavulin","floor":8,"turns":6},{"damage":0,"enemies":"Red Slaver","floor":12,"turns":3},{"damage":0,"enemies":"Looter","floor":14,"turns":2},{"damage":19,"enemies":"The Guardian","floor":16,"turns":6},{"damage":0,"enemies":"Chosen","floor":18,"turns":2},{"damage":0,"enemies":"2 Thieves","floor":19,"turns":2},{"damage":0,"enemies":"Snake Plant","floor":20,"turns":2},{"damage":15,"enemies":"Centurion and Healer","floor":21,"turns":4},{"damage":11,"enemies":"Gremlin Leader","floor":24,"turns":3},{"damage":0,"enemies":"Cultist and Chosen","floor":27,"turns":3},{"damage":23,"enemies":"Slavers","floor":28,"turns":4},{"damage":0,"enemies":"Chosen and Byrds","floor":29,"turns":4},{"damage":0,"enemies":"Gremlin Leader","floor":30,"turns":5},{"damage":12,"enemies":"Centurion and Healer","floor":31,"turns":4},{"damage":24,"enemies":"Automaton","floor":33,"turns":8},{"damage":3,"enemies":"Orb Walker","floor":35,"turns":2},{"damage":8,"enemies":"3 Shapes","floor":38,"turns":3},{"damage":14,"enemies":"Reptomancer","floor":40,"turns":5},{"damage":26,"enemies":"Nemesis","floor":42,"turns":7},{"damage":0,"enemies":"Spire Growth","floor":47,"turns":2},{"damage":41,"enemies":"Awakened One","floor":50,"turns":6},{"damage":32,"enemies":"Shield and Spear","floor":54,"turns":5},{"damage":122,"enemies":"The Heart","floor":55,"turns":8}],"seed_played":"-6215393055800791281","potions_obtained":[{"floor":4,"key":"Fire Potion"},{"floor":5,"key":"FairyPotion"},{"floor":16,"key":"DistilledChaos"},{"floor":21,"key":"Weak Potion"},{"floor":27,"key":"SkillPotion"},{"floor":30,"key":"HeartOfIron"},{"floor":31,"key":"Regen Potion"},{"floor":33,"key":"Regen Potion"},{"floor":35,"key":"PowerPotion"},{"floor":40,"key":"SpeedPotion"},{"floor":42,"key":"Swift Potion"},{"floor":47,"key":"DistilledChaos"},{"floor":54,"key":"Fire Potion"}],"is_trial":false,"path_per_floor":["M","M","M","?","M","R","M","E","T","$","R","M","R","M","R","B",null,"M","M","M","M","?","R","E","R","T","M","E","M","E","M","R","B",null,"M","?","?","M","?","E","?","E","T","R","?","$","M","?","R","B",null,"R","$","E","B"],"character_chosen":"IRONCLAD","items_purchased":["MealTicket","Second Wind","Orrery","Paper Frog","Armaments"],"campfire_rested":2,"item_purchase_floors":[10,10,46,53,53],"current_hp_per_floor":[72,72,72,72,66,66,57,42,42,42,42,42,42,42,42,23,66,66,66,66,51,35,59,48,48,48,48,25,27,27,17,42,33,71,73,75,75,69,69,67,67,64,64,64,87,90,92,92,92,51,82,82,92,66,0,0],"gold":44,"neow_bonus":"BOSS_RELIC","is_daily":false,"chose_seed":false,"campfire_upgraded":7,"win_rate":0.0,"timestamp":1610652540,"path_taken":["M","M","M","?","M","R","M","E","T","?","R","?","R","M","R","BOSS","M","?","M","M","?","R","E","R","T","M","E","M","E","M","R","BOSS","M","?","?","M","?","E","?","E","T","R","?","$","M","?","R","BOSS","R","$","E","BOSS"],"items_purchased_type":["Relic","Card","Relic","Relic","Card"],"build_version":"2020-12-22","purchased_purges":2,"victory":false,"max_hp_per_floor":[80,80,80,80,80,80,80,80,80,80,80,80,80,80,80,80,80,80,80,80,80,80,80,80,80,80,80,80,82,82,84,84,84,84,84,86,86,88,88,90,90,90,90,90,90,90,92,92,92,92,92,92,92,94,94,94],"card_choices":[{"not_picked":["Heavy Blade","True Grit"],"picked":"Flame Barrier","floor":1},{"not_picked":["Flex","Dual Wield"],"picked":"Clothesline","floor":2},{"not_picked":["Pummel","Headbutt"],"picked":"Searing Blow","floor":3},{"not_picked":["Iron Wave","Sever Soul"],"picked":"Impervious","floor":5},{"not_picked":["Sword Boomerang","Clash"],"picked":"Disarm","floor":7},{"not_picked":["Wild Strike","Rage"],"picked":"Battle Trance","floor":8},{"not_picked":["Battle Trance","Heavy Blade"],"picked":"Headbutt","floor":12},{"not_picked":["Bloodletting","Clash"],"picked":"Body Slam","floor":14},{"not_picked":["Reaper","Juggernaut"],"picked":"Immolate","floor":16},{"not_picked":["Warcry","Iron Wave","Body Slam"],"picked":"SKIP","floor":18},{"not_picked":["Havoc","Evolve"],"picked":"Heavy Blade","floor":19},{"not_picked":["Headbutt","Battle Trance","True Grit"],"picked":"SKIP","floor":20},{"not_picked":["Cleave","Rampage"],"picked":"Bludgeon","floor":21},{"not_picked":["Thunderclap","Heavy Blade"],"picked":"Entrench","floor":24},{"not_picked":["Sword Boomerang","Pommel Strike"],"picked":"Spot Weakness","floor":27},{"not_picked":["Armaments","Rupture"],"picked":"Power Through+1","floor":28},{"not_picked":["Cleave","Inflame","Disarm"],"picked":"Singing Bowl","floor":29},{"not_picked":["Hemokinesis","Clothesline"],"picked":"Shrug It Off","floor":30},{"not_picked":["Twin Strike","Iron Wave","Flex"],"picked":"Singing Bowl","floor":31},{"not_picked":["Double Tap","Corruption"],"picked":"Reaper","floor":33},{"not_picked":["Evolve","Twin Strike"],"picked":"Ghostly Armor","floor":35},{"not_picked":["Forethought","PanicButton","Dark Shackles"],"picked":"Singing Bowl","floor":36},{"not_picked":["Perfected Strike","Body Slam","Clothesline"],"picked":"Singing Bowl","floor":38},{"not_picked":["Reckless Charge+1","Hemokinesis","Bloodletting"],"picked":"Singing Bowl","floor":40},{"not_picked":["Combust","Clothesline"],"picked":"Double Tap","floor":42},{"not_picked":["Fire Breathing","Warcry+1"],"picked":"Havoc+1","floor":46},{"not_picked":["Sentinel+1","Rupture"],"picked":"Perfected Strike+1","floor":46},{"not_picked":["Cleave+1","Anger"],"picked":"Entrench","floor":46},{"not_picked":["Clothesline","Pommel Strike"],"picked":"Exhume","floor":46},{"not_picked":["Flex","Searing Blow"],"picked":"Armaments","floor":46},{"not_picked":["Cleave","Inflame","Anger"],"picked":"Singing Bowl","floor":47},{"not_picked":["Intimidate","Warcry+1"],"picked":"Flame Barrier","floor":47},{"not_picked":["Headbutt","Battle Trance+1","Inflame"],"picked":"Singing Bowl","floor":54}],"player_experience":477872,"relics_obtained":[{"floor":8,"key":"Shovel"},{"floor":9,"key":"Vajra"},{"floor":22,"key":"Necronomicon"},{"floor":24,"key":"Bronze Scales"},{"floor":24,"key":"Juzu Bracelet"},{"floor":26,"key":"Champion Belt"},{"floor":28,"key":"Smiling Mask"},{"floor":28,"key":"Singing Bowl"},{"floor":30,"key":"White Beast Statue"},{"floor":30,"key":"Happy Flower"},{"floor":40,"key":"Prayer Wheel"},{"floor":40,"key":"MawBank"},{"floor":42,"key":"Ice Cream"},{"floor":42,"key":"PreservedInsect"},{"floor":54,"key":"StrikeDummy"},{"floor":54,"key":"Charon\u0027s Ashes"}],"event_choices":[{"damage_healed":0,"gold_gain":0,"player_choice":"Bought 1 Potion","damage_taken":0,"max_hp_gain":0,"max_hp_loss":0,"event_name":"The Woman in Blue","floor":4,"gold_loss":0},{"damage_healed":0,"gold_gain":0,"player_choice":"Obtained Book","damage_taken":16,"max_hp_gain":0,"max_hp_loss":0,"event_name":"Cursed Tome","floor":22,"gold_loss":0},{"damage_healed":0,"gold_gain":0,"player_choice":"Memory 1","damage_taken":0,"max_hp_gain":0,"max_hp_loss":0,"event_name":"SensoryStone","floor":36,"gold_loss":0},{"damage_healed":0,"gold_gain":0,"player_choice":"Upgrade","damage_taken":0,"max_hp_gain":0,"max_hp_loss":0,"event_name":"Designer","floor":37,"gold_loss":40,"cards_upgraded":["Searing Blow"]},{"damage_healed":0,"gold_gain":0,"player_choice":"Ignored","damage_taken":0,"max_hp_gain":0,"max_hp_loss":0,"event_name":"Tomb of Lord Red Mask","floor":39,"gold_loss":0},{"cards_removed":["Strike_R"],"damage_healed":0,"gold_gain":0,"player_choice":"Removed Attack","damage_taken":0,"max_hp_gain":0,"max_hp_loss":0,"event_name":"Falling","floor":41,"gold_loss":0},{"damage_healed":23,"gold_gain":0,"player_choice":"Writhe","damage_taken":0,"max_hp_gain":0,"max_hp_loss":0,"event_name":"Winding Halls","floor":45,"gold_loss":0,"cards_obtained":["Writhe"]},{"cards_removed":["Writhe"],"damage_healed":0,"gold_gain":0,"player_choice":"Purged","damage_taken":0,"max_hp_gain":0,"max_hp_loss":0,"event_name":"Purifier","floor":48,"gold_loss":0}],"is_beta":false,"boss_relics":[{"not_picked":["SlaversCollar","Runic Cube"],"picked":"Black Star"},{"not_picked":["Fusion Hammer","Philosopher\u0027s Stone"],"picked":"Cursed Key"}],"items_purged_floors":[46,53],"is_endless":false,"potions_floor_spawned":[5,12,16,21,27,30,31,33,35,38,40,42,47,54],"killed_by":"The Heart","ascension_level":12}}