{"host":"fjaupvxe7fzqrf4j","time":1610610651,"event":{"mods":["ATMod(°¢èªMod)","BaseMod","Minty Spire (QoL Compilation)","StSLib"],"gold_per_floor":[115,133,133,133,133,174,215,259,282,326,359,402,402,433,433,529,529,542,542,198,198,198,259,365,479,479,539,607,726,794,843,843,958,958,1056,1201,1091,1134,93,157,263,321,321,371,530,694,904,1063,1063,1388,1513,1513,1513,40,334,459],"floor_reached":57,"language":"ZHS","playtime":1637,"items_purged":["Bane"],"score":5027,"play_id":"7e62558d-461d-4f40-8b0f-707d7d17b2bf","local_time":"20210114155051","daily_mods":["SealedDeck","Heirloom","Time Dilation","Flight","Elite Swarm"],"is_ascension_mode":true,"campfire_choices":[{"data":"Tactician","floor":13.0,"key":"SMITH"},{"data":"AT_ShadowStep","floor":15.0,"key":"SMITH"},{"data":"Acrobatics","floor":32.0,"key":"SMITH"},{"floor":49.0,"key":"RECALL"},{"data":"Well Laid Plans","floor":53.0,"key":"SMITH"}],"circlet_count":0,"master_deck":["AscendersBane","Crippling Poison+1","AT_ShadowStep+1","Escape Plan","Backflip","Tactician+1","Acrobatics+1","Expertise+1","Concentrate+1","After Image+1","Adrenaline+1","Grand Finale+1","Well Laid Plans+1","CurseOfTheBell","Venomology"],"relics":["Ring of the Snake","AT_ATBox","Mango","Golden Idol","Happy Flower","Dream Catcher","Singing Bowl","Pen Nib","Sundial","AT_Kusabimaru","Nunchaku","The Courier","Philosopher\u0027s Stone","AT_BladeRuinedKing","AT_MibuBalloonWealth","Ice Cream","Potion Belt","FossilizedHelix","AT_GoldPhoenixTree","Lantern","AT_SeraphEmbrace","Tiny Chest","Calling Bell","AT_BellDemon","Blue Candle","TungstenRod","Incense Burner","Turnip","Whetstone","Thread and Needle","White Beast Statue","AT_ChloranthyRing","Gambling Chip","HornCleat","Orichalcum","Smiling Mask","Toy Ornithopter","AT_Manta","Pocketwatch","AT_TheCollector","Vajra","Omamori","Snake Skull","AT_EbonyIvory","Bottled Lightning","Bottled Flame","Anchor","AT_RedNoBalance","Eternal Feather","Bag of Preparation","TheAbacus","Unceasing Top","War Paint","AT_RedTearstoneRing","AT_SunfireAegis","AT_PhaseBoots","Akabeko","AT_LudenTempest","The Specimen","AT_SilvercatRing","Boot"],"acts_visited":["Exordium","TheCity","TheBeyond","TheEnding"],"potions_floor_usage":[56,56,56],"damage_taken":[{"damage":0.0,"enemies":"Cultist","floor":1.0,"turns":1.0},{"damage":0.0,"enemies":"Small Slimes","floor":2.0,"turns":1.0},{"damage":0.0,"enemies":"3 Sentries","floor":6.0,"turns":1.0},{"damage":0.0,"enemies":"Gremlin Nob","floor":7.0,"turns":2.0},{"damage":0.0,"enemies":"3 Sentries","floor":8.0,"turns":1.0},{"damage":0.0,"enemies":"Lagavulin","floor":10.0,"turns":1.0},{"damage":0.0,"enemies":"Gremlin Nob","floor":11.0,"turns":1.0},{"damage":0.0,"enemies":"Lagavulin","floor":12.0,"turns":1.0},{"damage":0.0,"enemies":"3 Sentries","floor":14.0,"turns":1.0},{"damage":0.0,"enemies":"Slime Boss","floor":16.0,"turns":1.0},{"damage":0.0,"enemies":"Chosen","floor":18.0,"turns":1.0},{"damage":0.0,"enemies":"Book of Stabbing","floor":23.0,"turns":1.0},{"damage":0.0,"enemies":"Slavers","floor":24.0,"turns":1.0},{"damage":0.0,"enemies":"Gremlin Leader","floor":25.0,"turns":1.0},{"damage":0.0,"enemies":"Book of Stabbing","floor":27.0,"turns":1.0},{"damage":0.0,"enemies":"2 Thieves","floor":28.0,"turns":1.0},{"damage":0.0,"enemies":"Slavers","floor":29.0,"turns":1.0},{"damage":0.0,"enemies":"Book of Stabbing","floor":30.0,"turns":1.0},{"damage":0.0,"enemies":"Snake Plant","floor":31.0,"turns":1.0},{"damage":0.0,"enemies":"Champ","floor":33.0,"turns":1.0},{"damage":2.0,"enemies":"3 Shapes","floor":35.0,"turns":1.0},{"damage":0.0,"enemies":"3 Darklings","floor":36.0,"turns":1.0},{"damage":0.0,"enemies":"Spire Growth","floor":38.0,"turns":1.0},{"damage":0.0,"enemies":"Nemesis","floor":40.0,"turns":1.0},{"damage":0.0,"enemies":"Reptomancer","floor":41.0,"turns":1.0},{"damage":0.0,"enemies":"Giant Head","floor":42.0,"turns":1.0},{"damage":0.0,"enemies":"Nemesis","floor":45.0,"turns":1.0},{"damage":0.0,"enemies":"Giant Head","floor":46.0,"turns":1.0},{"damage":0.0,"enemies":"Reptomancer","floor":47.0,"turns":1.0},{"damage":0.0,"enemies":"Giant Head","floor":48.0,"turns":1.0},{"damage":0.0,"enemies":"Awakened One","floor":50.0,"turns":2.0},{"damage":0.0,"enemies":"Time Eater","floor":51.0,"turns":1.0},{"damage":0.0,"enemies":"Shield and Spear","floor":55.0,"turns":2.0},{"damage":0,"enemies":"The Heart","floor":56,"turns":4}],"seed_played":"9168556605686996571","potions_obtained":[{"floor":1.0,"key":"Strength Potion"},{"floor":2.0,"key":"Block Potion"},{"floor":25.0,"key":"SkillPotion"},{"floor":45.0,"key":"Swift Potion"},{"floor":55.0,"key":"Fruit Juice"}],"is_trial":true,"path_per_floor":["M","M","?","?","?","E","E","E","T","E","E","E","R","E","R","B",null,"M","?","$","T","$","E","E","E","T","E","M","E","E","M","R","B",null,"M","M","?","M","$","E","E","E","T","T","E","E","E","E","R","B","B",null,"R","$","E","B",null],"character_chosen":"THE_SILENT","items_purchased":["AT_BladeRuinedKing","AT_MibuBalloonWealth","Well Laid Plans","Thread and Needle","White Beast Statue","AT_ChloranthyRing","Gambling Chip","HornCleat","TheAbacus","Unceasing Top","War Paint","AT_RedTearstoneRing","AT_SunfireAegis","AT_SpeedBoots","Akabeko","AT_LudenTempest","The Specimen"],"campfire_rested":0,"item_purchase_floors":[20,20,20,39,39,39,39,39,54,54,54,54,54,54,54,54,54],"current_hp_per_floor":[73,73,45,50,24,24,24,26,26,26,28,30,30,32,32,34,80,82,82,82,82,82,84,86,88,88,90,92,94,96,98,98,100,111,111,113,113,115,115,117,119,121,121,121,123,125,127,68,74,74,74,120,126,126,136,140],"gold":459,"neow_bonus":"","is_daily":false,"chose_seed":false,"campfire_upgraded":4,"win_rate":0.0,"timestamp":1610610651,"path_taken":["M","?","?","?","?","E","E","E","T","E","E","E","R","E","R","BOSS","M","?","$","?","?","E","E","E","T","E","?","E","E","?","R","BOSS","M","M","?","?","$","E","E","E","T","?","E","E","E","E","R","BOSS","BOSS","R","$","E","BOSS"],"items_purchased_type":["Relic","Relic","Card","Relic","Relic","Relic","Relic","Relic","Relic","Relic","Relic","Relic","Relic","Relic","Relic","Relic","Relic"],"build_version":"2020-12-22","purchased_purges":1,"victory":true,"max_hp_per_floor":[80,80,80,85,85,85,85,87,87,87,89,91,91,93,93,95,95,97,97,97,97,97,99,101,103,103,105,107,109,111,113,113,115,115,117,119,119,121,121,123,125,127,127,127,129,131,133,135,135,135,135,135,135,135,140,140],"card_choices":[{"not_picked":["Slice","Bane","Dodge and Roll"],"picked":"SKIP","floor":1.0},{"not_picked":["Predator","Acrobatics","Dodge and Roll"],"picked":"SKIP","floor":2.0},{"not_picked":["Corpse Explosion","Venomology"],"picked":"After Image","floor":6.0},{"not_picked":["Unload","A Thousand Cuts"],"picked":"Adrenaline","floor":7.0},{"not_picked":["Bullet Time","Doppelganger","Glass Knife"],"picked":"Singing Bowl","floor":8.0},{"not_picked":["Night Terror","Bullet Time"],"picked":"Grand Finale","floor":10.0},{"not_picked":["AT_EssenceShift","Envenom","Night Terror"],"picked":"Singing Bowl","floor":11.0},{"not_picked":["Tools of the Trade","Doppelganger","Phantasmal Killer"],"picked":"Singing Bowl","floor":12.0},{"not_picked":["Glass Knife","A Thousand Cuts","Doppelganger"],"picked":"Singing Bowl","floor":14.0},{"not_picked":["Malaise","Envenom","A Thousand Cuts"],"picked":"Singing Bowl","floor":16.0},{"not_picked":["Slice","AT_Desolate","AT_WindRun"],"picked":"Singing Bowl","floor":18.0},{"not_picked":["Die Die Die","Storm of Steel","Bullet Time"],"picked":"Singing Bowl","floor":23.0},{"not_picked":["Grand Finale","Corpse Explosion","Doppelganger"],"picked":"Singing Bowl","floor":24.0},{"not_picked":["Phantasmal Killer","Venomology","Grand Finale"],"picked":"Singing Bowl","floor":25.0},{"not_picked":["Storm of Steel","AT_KingSlayer","Envenom"],"picked":"Singing Bowl","floor":27.0},{"not_picked":["Flechettes","Dagger Spray+1","Riddle With Holes+1"],"picked":"Singing Bowl","floor":28.0},{"not_picked":["After Image","Envenom","Grand Finale"],"picked":"Singing Bowl","floor":29.0},{"not_picked":["Envenom","AT_KingSlayer","Unload"],"picked":"Singing Bowl","floor":30.0},{"not_picked":["Dagger Throw","Poisoned Stab","AT_ShadowStep"],"picked":"Singing Bowl","floor":31.0},{"not_picked":["Tools of the Trade","Phantasmal Killer","Wraith Form v2"],"picked":"Singing Bowl","floor":33.0},{"not_picked":["Cloak And Dagger","Prepared+1","AT_WindFlip"],"picked":"Singing Bowl","floor":35.0},{"not_picked":["Expertise","Sucker Punch","Backflip"],"picked":"Singing Bowl","floor":36.0},{"not_picked":["Dodge and Roll","Eviscerate","Deadly Poison"],"picked":"Singing Bowl","floor":38.0},{"not_picked":["Venomology","A Thousand Cuts","Storm of Steel"],"picked":"Singing Bowl","floor":40.0},{"not_picked":["Tools of the Trade","A Thousand Cuts","Wraith Form v2"],"picked":"Singing Bowl","floor":41.0},{"not_picked":["Envenom","Venomology","A Thousand Cuts"],"picked":"Singing Bowl","floor":42.0},{"not_picked":["Die Die Die","Night Terror","AT_EssenceShift"],"picked":"Singing Bowl","floor":45.0},{"not_picked":["AT_KingSlayer","After Image","Venomology"],"picked":"Singing Bowl","floor":46.0},{"not_picked":["Wraith Form v2","Tools of the Trade","Malaise"],"picked":"Singing Bowl","floor":47.0},{"not_picked":["Adrenaline","Grand Finale","Night Terror"],"picked":"Singing Bowl","floor":48.0},{"not_picked":["Night Terror","AT_KingSlayer"],"picked":"Venomology","floor":55.0}],"player_experience":434134,"relics_obtained":[{"floor":6.0,"key":"Happy Flower"},{"floor":7.0,"key":"Dream Catcher"},{"floor":8.0,"key":"Singing Bowl"},{"floor":9.0,"key":"Pen Nib"},{"floor":10.0,"key":"Sundial"},{"floor":11.0,"key":"AT_Kusabimaru"},{"floor":12.0,"key":"Nunchaku"},{"floor":14.0,"key":"The Courier"},{"floor":23.0,"key":"Ice Cream"},{"floor":24.0,"key":"Potion Belt"},{"floor":25.0,"key":"FossilizedHelix"},{"floor":26.0,"key":"AT_GoldPhoenixTree"},{"floor":27.0,"key":"Lantern"},{"floor":29.0,"key":"AT_ArchangelStaff"},{"floor":30.0,"key":"Tiny Chest"},{"floor":34.0,"key":"AT_BellDemon"},{"floor":34.0,"key":"Blue Candle"},{"floor":34.0,"key":"TungstenRod"},{"floor":35.0,"key":"Incense Burner"},{"floor":36.0,"key":"Turnip"},{"floor":38.0,"key":"Whetstone"},{"floor":40.0,"key":"Orichalcum"},{"floor":40.0,"key":"Smiling Mask"},{"floor":41.0,"key":"Toy Ornithopter"},{"floor":41.0,"key":"AT_Manta"},{"floor":42.0,"key":"Pocketwatch"},{"floor":42.0,"key":"AT_TheCollector"},{"floor":43.0,"key":"Vajra"},{"floor":44.0,"key":"Omamori"},{"floor":45.0,"key":"Snake Skull"},{"floor":45.0,"key":"AT_EbonyIvory"},{"floor":46.0,"key":"Bottled Lightning"},{"floor":46.0,"key":"Bottled Flame"},{"floor":47.0,"key":"Anchor"},{"floor":47.0,"key":"AT_SilverBalance"},{"floor":48.0,"key":"Eternal Feather"},{"floor":48.0,"key":"Bag of Preparation"},{"floor":55.0,"key":"AT_SilvercatRing"},{"floor":55.0,"key":"Boot"}],"event_choices":[{"damage_healed":0.0,"max_hp_gain":0.0,"max_hp_loss":0.0,"gold_gain":0.0,"event_name":"Golden Idol","player_choice":"Take Damage","floor":3.0,"gold_loss":0.0,"damage_taken":28.0,"relics_obtained":["Golden Idol"]},{"damage_healed":0.0,"max_hp_gain":5.0,"max_hp_loss":0.0,"gold_gain":0.0,"event_name":"Big Fish","player_choice":"Donut","floor":4.0,"gold_loss":0.0,"damage_taken":0.0},{"damage_healed":0.0,"max_hp_gain":0.0,"max_hp_loss":0.0,"gold_gain":0.0,"event_name":"Shining Light","player_choice":"Entered Light","floor":5.0,"gold_loss":0.0,"damage_taken":26.0,"cards_upgraded":["Crippling Poison","Expertise"]},{"damage_healed":0.0,"max_hp_gain":0.0,"max_hp_loss":0.0,"gold_gain":0.0,"event_name":"Match and Keep!","player_choice":"0 cards matched","floor":19.0,"gold_loss":0.0,"damage_taken":0.0,"cards_obtained":[]},{"cards_removed":["Prepared"],"damage_healed":0.0,"max_hp_gain":0.0,"max_hp_loss":0.0,"gold_gain":0.0,"event_name":"Designer","player_choice":"Upgrade and Remove","floor":37.0,"gold_loss":110.0,"damage_taken":0.0,"cards_upgraded":["After Image"]}],"is_beta":false,"boss_relics":[{"not_picked":["Cursed Key","Tiny House"],"picked":"Philosopher\u0027s Stone"},{"not_picked":["Ring of the Serpent","SlaversCollar"],"picked":"Calling Bell"}],"items_purged_floors":[20],"is_endless":false,"potions_floor_spawned":[1,2,10,11,18,24,25,27,29,35,40,41,42,45,46,47,48,55],"ascension_level":20}}