{"host":"c936que3p8rnl5ii","time":1610593394,"event":{"mods":["AchievementEnabler","BaseMod","Block Reminder","Colored Powertips","DeckTracker","Minty Spire (QoL Compilation)","Quick Restart","StSLib"],"gold_per_floor":[119,133,103,121,296,329,329,340,340,39,39,59,59,391,391,490,490,503,30,30,30,30,30,48,48,48],"floor_reached":25,"language":"ENG","playtime":2514,"items_purged":["Doubt"],"score":230,"play_id":"0942610f-f77f-47b1-a5e4-48546cdf2c82","local_time":"20210113220314","is_ascension_mode":true,"campfire_choices":[{"floor":11.0,"key":"REST"},{"data":"Rage","floor":13.0,"key":"SMITH"},{"floor":15.0,"key":"REST"},{"floor":23,"key":"REST"}],"circlet_count":0,"master_deck":["Strike_R","Strike_R","Strike_R","Strike_R","Strike_R","Defend_R","Defend_R","Defend_R","Defend_R","Bash","Flame Barrier","Thunderclap","True Grit","Shrug It Off","Shrug It Off","Rage+1","Clothesline","Spot Weakness","Demon Form","Body Slam+1","Sadistic Nature","Iron Wave+1"],"relics":["Burning Blood","Anchor","StoneCalendar","Shovel","Juzu Bracelet","Old Coin","Philosopher\u0027s Stone","Membership Card","Oddly Smooth Stone","Sundial","Nilry\u0027s Codex"],"acts_visited":["Exordium","TheCity"],"potions_floor_usage":[18,24,24],"damage_taken":[{"damage":5.0,"enemies":"Small Slimes","floor":1.0,"turns":4.0},{"damage":1.0,"enemies":"Cultist","floor":2.0,"turns":4.0},{"damage":7.0,"enemies":"Jaw Worm","floor":4.0,"turns":4.0},{"damage":45.0,"enemies":"Lagavulin","floor":6.0,"turns":11.0},{"damage":0.0,"enemies":"2 Fungi Beasts","floor":8.0,"turns":4.0},{"damage":0.0,"enemies":"Large Slime","floor":12.0,"turns":7.0},{"damage":31.0,"enemies":"Gremlin Nob","floor":14.0,"turns":5.0},{"damage":52.0,"enemies":"The Guardian","floor":16.0,"turns":13.0},{"damage":32,"enemies":"Spheric Guardian","floor":18,"turns":7},{"damage":26,"enemies":"3 Byrds","floor":24,"turns":6},{"damage":43,"enemies":"Gremlin Leader","floor":25,"turns":5}],"seed_played":"-492911545752579153","potions_obtained":[{"floor":1.0,"key":"Strength Potion"},{"floor":3.0,"key":"EssenceOfSteel"},{"floor":3.0,"key":"ElixirPotion"},{"floor":8.0,"key":"Dexterity Potion"},{"floor":12.0,"key":"SteroidPotion"},{"floor":16.0,"key":"Fire Potion"},{"floor":22,"key":"HeartOfIron"},{"floor":22,"key":"Energy Potion"}],"is_trial":false,"path_per_floor":["M","M","?","M","?","E","?","M","T","$","R","M","R","E","R","B",null,"M","$","?","?","?","R","M","E"],"character_chosen":"IRONCLAD","items_purchased":["Juzu Bracelet","Rage","Membership Card","Oddly Smooth Stone","Sundial","Block Potion","Sadistic Nature"],"campfire_rested":3,"item_purchase_floors":[10,10,19,19,19,19,19],"current_hp_per_floor":[80,80,80,79,79,40,37,43,43,43,67,73,73,48,72,26,80,54,54,54,38,38,62,42,0,0],"gold":48,"neow_bonus":"RANDOM_COMMON_RELIC","is_daily":false,"chose_seed":false,"campfire_upgraded":1,"win_rate":0.0,"timestamp":1610593394,"path_taken":["M","M","?","?","?","E","?","M","T","?","R","M","R","E","R","BOSS","M","$","?","?","?","R","M","E"],"items_purchased_type":["Relic","Card","Relic","Relic","Relic","Potion","Card"],"build_version":"2020-12-22","purchased_purges":1,"victory":false,"max_hp_per_floor":[80,80,80,80,80,80,80,80,80,80,80,80,80,80,80,80,80,80,80,80,80,80,80,80,80,80],"card_choices":[{"not_picked":["Inflame","Clash"],"picked":"Flame Barrier","floor":1.0},{"not_picked":["Rage","Rupture"],"picked":"Thunderclap","floor":2.0},{"not_picked":["Clash","Body Slam"],"picked":"True Grit","floor":4.0},{"not_picked":["Armaments","Headbutt"],"picked":"Shrug It Off","floor":6.0},{"not_picked":["Thunderclap","Twin Strike"],"picked":"Shrug It Off","floor":8.0},{"not_picked":["Disarm","Sword Boomerang"],"picked":"Clothesline","floor":12.0},{"not_picked":["Offering","Sentinel"],"picked":"Spot Weakness","floor":14.0},{"not_picked":["Impervious","Offering"],"picked":"Demon Form","floor":16.0},{"not_picked":["Clash","Clothesline+1"],"picked":"Body Slam+1","floor":18},{"not_picked":["Shrug It Off+1","Second Wind+1"],"picked":"Iron Wave+1","floor":24}],"player_experience":116790,"relics_obtained":[{"floor":6.0,"key":"StoneCalendar"},{"floor":9.0,"key":"Shovel"},{"floor":14.0,"key":"Old Coin"},{"floor":21,"key":"Nilry\u0027s Codex"}],"event_choices":[{"damage_healed":0.0,"max_hp_gain":0.0,"max_hp_loss":0.0,"gold_gain":0.0,"event_name":"The Woman in Blue","player_choice":"Bought 2 Potions","floor":3.0,"gold_loss":0.0,"damage_taken":0.0},{"damage_healed":0.0,"max_hp_gain":0.0,"max_hp_loss":0.0,"gold_gain":175.0,"event_name":"Liars Game","player_choice":"AGREE","floor":5.0,"gold_loss":0.0,"damage_taken":0.0,"cards_obtained":["Doubt"]},{"damage_healed":0.0,"max_hp_gain":0.0,"max_hp_loss":0.0,"gold_gain":0.0,"event_name":"Scrap Ooze","player_choice":"Fled","floor":7.0,"gold_loss":0.0,"damage_taken":3.0},{"damage_healed":0,"gold_gain":0,"player_choice":"Ignored","damage_taken":0,"max_hp_gain":0,"max_hp_loss":0,"event_name":"Vampires","floor":20,"gold_loss":0},{"damage_healed":0,"gold_gain":0,"player_choice":"Obtained Book","damage_taken":16,"max_hp_gain":0,"max_hp_loss":0,"event_name":"Cursed Tome","floor":21,"gold_loss":0},{"damage_healed":0,"gold_gain":0,"player_choice":"Got Potions","damage_taken":0,"max_hp_gain":0,"max_hp_loss":0,"event_name":"Lab","floor":22,"gold_loss":0}],"is_beta":false,"boss_relics":[{"not_picked":["Coffee Dripper","Runic Pyramid"],"picked":"Philosopher\u0027s Stone"}],"items_purged_floors":[10],"is_endless":false,"potions_floor_spawned":[1,8,12,16],"killed_by":"Gremlin Leader","ascension_level":2}}