{"host":"97k3n5kp0psabqmo","time":1610648186,"event":{"mods":["BaseMod","Colored Powertips","Hubris","Minty Spire (QoL Compilation)","Replay The Spire","StSLib"],"gold_per_floor":[113,113,38,56,56,89,102,102,176,20,20,38,59,73,73,176,176,190,190,100,100,112,112,127,127,127,127,127,127],"floor_reached":28,"language":"ENG","playtime":1605,"items_purged":["Strike_G","Shame"],"score":253,"play_id":"190aeab5-a266-40b2-9db6-8ecf1475884c","local_time":"20210114131626","is_ascension_mode":true,"campfire_choices":[{"data":"Infinite Blades","floor":8,"key":"SMITH"},{"floor":15,"key":"REST"},{"data":"Caltrops","floor":23,"key":"SMITH"},{"data":"Replay:Poison Smokescreen","floor":25,"key":"SMITH"},{"data":"Footwork","floor":27,"key":"SMITH"}],"circlet_count":0,"master_deck":["Footwork+1","Strike_G+1","Strike_G","Strike_G","Defend_G","Defend_G","Defend_G","Defend_G","Defend_G","Survivor","Neutralize","Prepared+1","Dodge and Roll","Pot Of Greed+1","Pot Of Greed","Infinite Blades+1","Underhanded Strike","Crippling Poison","Underhanded Strike","Cloak And Dagger","Corpse Explosion","Well Laid Plans+1","Caltrops+1","Deflect+1","Pot Of Greed","Replay:Poison Smokescreen+1"],"relics":["Ring of the Snake","NeowsBlessing","Grinning Jar","Bottled Lightning","Paper Crane","Membership Card","Odd Mushroom","ReplayTheSpireMod:DimensionalGlitch","WingedGreaves","Dream Catcher"],"acts_visited":["Exordium","TheCity"],"potions_floor_usage":[13,13,16],"damage_taken":[{"damage":0,"enemies":"2 Louse","floor":1,"turns":1},{"damage":0,"enemies":"Cultist","floor":4,"turns":1},{"damage":0,"enemies":"Lagavulin","floor":6,"turns":1},{"damage":1,"enemies":"Jaw Worm","floor":7,"turns":6},{"damage":0,"enemies":"Blue Slaver","floor":12,"turns":5},{"damage":4,"enemies":"The Mushroom Lair","floor":13,"turns":2},{"damage":11,"enemies":"3 Louse","floor":14,"turns":3},{"damage":22,"enemies":"The Guardian","floor":16,"turns":12},{"damage":14,"enemies":"Spheric Guardian","floor":18,"turns":6},{"damage":20,"enemies":"3 Byrds","floor":22,"turns":5},{"damage":6,"enemies":"Snake Plant","floor":24,"turns":6},{"damage":36,"enemies":"Masked Bandits","floor":28,"turns":4}],"seed_played":"3912540426285628090","potions_obtained":[{"floor":6,"key":"Explosive Potion"},{"floor":7,"key":"Energy Potion"},{"floor":13,"key":"Elixir"},{"floor":14,"key":"Poison Potion"},{"floor":24,"key":"SpeedPotion"}],"is_trial":false,"path_per_floor":["M","?","$","M","?","E","M","R","T","$","?","M","?","M","R","B",null,"M","?","$","?","M","R","M","R","T","R","?"],"character_chosen":"THE_SILENT","items_purchased":["Membership Card","Caltrops"],"campfire_rested":1,"item_purchase_floors":[10,20],"current_hp_per_floor":[70,56,56,56,23,23,22,22,22,22,22,22,18,7,28,6,70,56,56,56,56,36,36,30,30,30,30,0,0],"gold":127,"neow_bonus":"THREE_ENEMY_KILL","is_daily":false,"chose_seed":false,"campfire_upgraded":4,"win_rate":0.0,"timestamp":1610648186,"path_taken":["M","?","$","M","?","E","M","R","T","$","?","?","?","M","R","BOSS","M","?","$","?","M","R","M","R","T","R","?"],"items_purchased_type":["Relic","Card"],"build_version":"2020-12-22","purchased_purges":2,"victory":false,"max_hp_per_floor":[70,70,70,70,70,70,70,70,70,70,70,70,70,70,70,70,70,70,70,70,70,70,70,70,70,70,70,70,70],"card_choices":[{"not_picked":["Hidden Blade","Flying Knee"],"picked":"Prepared","floor":1},{"not_picked":["Cloak And Dagger","Acrobatics"],"picked":"Dodge and Roll","floor":4},{"not_picked":["hubris:SlightOfHand","Reflex"],"picked":"Infinite Blades","floor":6},{"not_picked":["Dagger Throw","PiercingWail"],"picked":"Underhanded Strike","floor":7},{"not_picked":["Outmaneuver","Acrobatics"],"picked":"Crippling Poison","floor":12},{"not_picked":["Bullet Time","Dodge and Roll"],"picked":"Underhanded Strike","floor":13},{"not_picked":["All Out Attack","Deflect"],"picked":"Cloak And Dagger","floor":14},{"not_picked":["Unload","ReplayTheSpireMod:Necrosis"],"picked":"Corpse Explosion","floor":16},{"not_picked":["Bane+1","Dagger Spray+1"],"picked":"Well Laid Plans+1","floor":18},{"not_picked":["Slice","Escape Plan"],"picked":"Deflect+1","floor":22},{"not_picked":["Prepared","Dagger Throw+1"],"picked":"Replay:Poison Smokescreen","floor":24}],"player_experience":25620,"relics_obtained":[{"floor":6,"key":"Bottled Lightning"},{"floor":9,"key":"Paper Crane"},{"floor":13,"key":"Odd Mushroom"},{"floor":26,"key":"Dream Catcher"}],"event_choices":[{"damage_healed":0,"gold_gain":0,"player_choice":"Entered Light","damage_taken":14,"max_hp_gain":0,"max_hp_loss":0,"event_name":"Shining Light","floor":2,"gold_loss":0,"cards_upgraded":["Prepared","Strike_G"]},{"damage_healed":0,"gold_gain":0,"player_choice":"Success","damage_taken":33,"relics_obtained":["Grinning Jar"],"max_hp_gain":0,"max_hp_loss":0,"event_name":"Scrap Ooze","floor":5,"gold_loss":0},{"damage_healed":0,"gold_gain":0,"player_choice":"Upgraded","damage_taken":0,"max_hp_gain":0,"max_hp_loss":0,"event_name":"Upgrade Shrine","floor":11,"gold_loss":0,"cards_upgraded":["Pot Of Greed"]},{"damage_healed":0,"gold_gain":0,"player_choice":"Fought Mushrooms","damage_taken":0,"max_hp_gain":0,"max_hp_loss":0,"event_name":"Mushrooms","floor":13,"gold_loss":0},{"damage_healed":0,"gold_gain":0,"player_choice":"Stole Relic","damage_taken":0,"relics_obtained":["WingedGreaves"],"max_hp_gain":0,"max_hp_loss":0,"event_name":"Addict","floor":19,"gold_loss":0,"cards_obtained":["Shame"]},{"cards_removed":["Strike_G"],"damage_healed":0,"gold_gain":0,"player_choice":"Elegance","damage_taken":0,"max_hp_gain":0,"max_hp_loss":0,"event_name":"Back to Basics","floor":21,"gold_loss":0},{"damage_healed":0,"gold_gain":0,"player_choice":"Fought Bandits","damage_taken":0,"max_hp_gain":0,"max_hp_loss":0,"event_name":"Masked Bandits","floor":28,"gold_loss":0}],"is_beta":false,"boss_relics":[{"not_picked":["hubris:TerracottaHorce","Painkiller Herb"],"picked":"ReplayTheSpireMod:DimensionalGlitch"}],"items_purged_floors":[3,20],"is_endless":false,"potions_floor_spawned":[6,7,13,14,24],"killed_by":"Masked Bandits","ascension_level":1}}