{"host":"a5lz0e76zb3fcwkm","time":1610629230,"event":{"mods":["AchievementEnabler","BaseMod","Colored Map","Colored Powertips","Minty Spire (QoL Compilation)","StSLib","SuperFastMode"],"gold_per_floor":[111,111,71,90,101,101,116,116,116,16,16,44,64,95,95,172,172,185,235,246,246,259,259,259,259],"floor_reached":24,"language":"KOR","playtime":467,"items_purged":["Parasite"],"score":412,"play_id":"39e63526-6a7a-4dd5-ba71-c8e93a5b2acd","local_time":"20210114220030","is_ascension_mode":true,"campfire_choices":[{"floor":6.0,"key":"DIG"},{"floor":8.0,"key":"DIG"},{"floor":11.0,"key":"DIG"},{"floor":15.0,"key":"DIG"},{"floor":23,"key":"DIG"}],"circlet_count":0,"master_deck":["AscendersBane","Strike_R","Strike_R","Strike_R","Strike_R","Strike_R","Defend_R+1","Defend_R+1","Defend_R","Defend_R+1","Bash","Pommel Strike","Flame Barrier","Spot Weakness","Sword Boomerang","Anger","Hemokinesis","Offering","Power Through+1","Second Wind+1"],"relics":["Burning Blood","Shovel","Darkstone Periapt","Ornamental Fan","Bronze Scales","Incense Burner","Omamori","Nunchaku","Fusion Hammer","War Paint"],"acts_visited":["Exordium","TheCity"],"potions_floor_usage":[22],"damage_taken":[{"damage":6.0,"enemies":"Cultist","floor":1.0,"turns":3.0},{"damage":6.0,"enemies":"Jaw Worm","floor":4.0,"turns":4.0},{"damage":0.0,"enemies":"2 Louse","floor":5.0,"turns":3.0},{"damage":31.0,"enemies":"Gremlin Gang","floor":7.0,"turns":7.0},{"damage":4.0,"enemies":"Gremlin Nob","floor":12.0,"turns":3.0},{"damage":11.0,"enemies":"Looter","floor":13.0,"turns":2.0},{"damage":12.0,"enemies":"3 Sentries","floor":14.0,"turns":7.0},{"damage":12.0,"enemies":"Hexaghost","floor":16.0,"turns":6.0},{"damage":15.0,"enemies":"Shell Parasite","floor":18.0,"turns":3.0},{"damage":25.0,"enemies":"Chosen","floor":20.0,"turns":3.0},{"damage":11,"enemies":"Snake Plant","floor":22,"turns":4},{"damage":29,"enemies":"Slavers","floor":24,"turns":2}],"seed_played":"-1371926470616946526","potions_obtained":[{"floor":1.0,"key":"EssenceOfSteel"},{"floor":3.0,"key":"SteroidPotion"},{"floor":3.0,"key":"CultistPotion"},{"floor":5.0,"key":"EntropicBrew"},{"floor":13.0,"key":"Dexterity Potion"},{"floor":14.0,"key":"Energy Potion"},{"floor":16.0,"key":"Ancient Potion"},{"floor":18.0,"key":"HeartOfIron"}],"is_trial":false,"path_per_floor":["M","?","?","M","M","R","M","R","T","$","R","E","M","E","R","B",null,"M","?","M","?","M","R","E"],"character_chosen":"IRONCLAD","items_purchased":["Sword Boomerang"],"campfire_rested":0,"item_purchase_floors":[10],"current_hp_per_floor":[68,45,45,45,51,51,26,26,26,26,26,28,23,17,17,11,57,48,48,29,29,24,24,0,0],"gold":259,"neow_bonus":"ONE_RARE_RELIC","is_daily":false,"chose_seed":false,"campfire_upgraded":0,"win_rate":0.0,"timestamp":1610629230,"path_taken":["M","?","?","M","?","R","M","R","T","$","R","E","M","E","R","BOSS","M","?","?","?","M","R","E"],"items_purchased_type":["Card"],"build_version":"2020-12-22","purchased_purges":1,"victory":false,"max_hp_per_floor":[75,75,75,75,75,75,75,75,75,72,72,72,72,72,72,72,72,72,72,72,72,72,72,72,72],"card_choices":[{"not_picked":["Perfected Strike","Heavy Blade"],"picked":"Pommel Strike","floor":1.0},{"not_picked":["True Grit","Pommel Strike","Perfected Strike"],"picked":"SKIP","floor":4.0},{"not_picked":["Anger","Perfected Strike"],"picked":"Flame Barrier","floor":5.0},{"not_picked":["Sword Boomerang","Metallicize"],"picked":"Spot Weakness","floor":7.0},{"not_picked":["Battle Trance","Twin Strike"],"picked":"Anger","floor":12.0},{"not_picked":["Pommel Strike","Flame Barrier"],"picked":"Hemokinesis","floor":13.0},{"not_picked":["Dropkick","Twin Strike","Exhume"],"picked":"SKIP","floor":14.0},{"not_picked":["Impervious","Fiend Fire"],"picked":"Offering","floor":16.0},{"not_picked":["Flame Barrier+1","Clothesline","Body Slam"],"picked":"SKIP","floor":18.0},{"not_picked":["Blood for Blood","Second Wind"],"picked":"Power Through+1","floor":20.0},{"not_picked":["Burning Pact","Armaments","Fire Breathing"],"picked":"SKIP","floor":22}],"player_experience":1727735,"relics_obtained":[{"floor":6.0,"key":"Darkstone Periapt"},{"floor":8.0,"key":"Ornamental Fan"},{"floor":11.0,"key":"Bronze Scales"},{"floor":12.0,"key":"Incense Burner"},{"floor":14.0,"key":"Omamori"},{"floor":15.0,"key":"Nunchaku"},{"floor":23,"key":"War Paint"}],"event_choices":[{"damage_healed":0.0,"max_hp_gain":0.0,"max_hp_loss":0.0,"gold_gain":0.0,"event_name":"Shining Light","player_choice":"Entered Light","floor":2.0,"gold_loss":0.0,"damage_taken":23.0,"cards_upgraded":["Defend_R","Defend_R"]},{"damage_healed":0.0,"max_hp_gain":0.0,"max_hp_loss":0.0,"gold_gain":0.0,"event_name":"The Woman in Blue","player_choice":"Bought 3 Potions","floor":3.0,"gold_loss":0.0,"damage_taken":0.0},{"damage_healed":0.0,"max_hp_gain":0.0,"max_hp_loss":0.0,"gold_gain":100.0,"event_name":"The Joust","player_choice":"Bet on Murderer","floor":19.0,"gold_loss":50.0,"damage_taken":0.0},{"damage_healed":0,"gold_gain":0,"player_choice":"1 cards matched","damage_taken":0,"max_hp_gain":0,"max_hp_loss":0,"event_name":"Match and Keep!","floor":21,"gold_loss":0,"cards_obtained":["Second Wind"]}],"is_beta":false,"boss_relics":[{"not_picked":["Calling Bell","Mark of Pain"],"picked":"Fusion Hammer"}],"items_purged_floors":[10],"is_endless":false,"potions_floor_spawned":[1,5,13,14,16,18],"killed_by":"Slavers","ascension_level":20}}