{"host":"ywbsnexmk111etbw","time":1610661201,"event":{"mods":["100% Spire Juice","Act Like it!","BaseMod","Beaked The Cultist","Colored Powertips","Curses Come First","Downfall","Hubris","Infinite Spire","Marisa????????","Minty Spire (QoL Compilation)","Pale of the Ancients","Permanent Neow","Replay The Spire","Robot Space Explorer","StSLib","The Bladedancer","The Cursed","The Dragon Tamer","The Marked","The Mystic","The Necromancer","The Saiyan","Wandering Minibosses"],"gold_per_floor":[119,119,133,133,199,199,249,16,16,83,133,144,194,206,206,310,310,329,379,346,167,217,217,227,260,284,141,151,201,201,231,231,329,329,367,367,417,514,565,565,635,635,712,712,789,913,1018,1112,1112,1287,1287,1385,1036,1099,743,806,882,958,1008,1033,1083,1157,1157,1289,1377,1377,1556,1556,1669,1745,1795,1874,1825,1825,1955,1849,1849,1899,1747,1747,1925,2061,2061,2270,2270,2416,2466,2466,2628,2707,2707,2487,2537,2619,2619,2799,2979,3218,3295,3295,3577,3577,3813,3692,3742,4001,4051,4323,4323,4323,4323,4618,4935,4935,4927,4927],"floor_reached":115,"language":"ENG","playtime":3788,"items_purged":[],"score":2193,"play_id":"8c153029-ef13-4fe9-bfc3-8d3ce5aa3d96","local_time":"20210114165321","is_ascension_mode":false,"campfire_choices":[{"data":"RobotSpaceExplorer:RigExplosive","floor":6,"key":"SMITH"},{"data":"RobotSpaceExplorer:LaserBurst","floor":15,"key":"SMITH"},{"data":"Mayhem","floor":23,"key":"SMITH"},{"data":"RobotSpaceExplorer:Comet","floor":30,"key":"SMITH"},{"floor":32,"key":"REST"},{"data":"RobotSpaceExplorer:DroneSwarm","floor":40,"key":"SMITH"},{"floor":42,"key":"REST"},{"data":"RobotSpaceExplorer:StarDust","floor":44,"key":"SMITH"},{"floor":49,"key":"REST"},{"data":"RobotSpaceExplorer:StarDust","floor":63,"key":"SMITH"},{"data":"RobotSpaceExplorer:StarLightning","floor":66,"key":"SMITH"},{"data":"RobotSpaceExplorer:Comet","floor":74,"key":"SMITH"},{"data":"RobotSpaceExplorer:MiniLasers","floor":80,"key":"SMITH"},{"floor":83,"key":"REST"},{"floor":91,"key":"REST"},{"data":"hubris:Rewind","floor":95,"key":"SMITH"},{"floor":100,"key":"REST"},{"data":"RobotSpaceExplorer:Comet","floor":109,"key":"SMITH"},{"floor":114,"key":"REST"}],"circlet_count":0,"master_deck":["RobotSpaceExplorer:Strike","RobotSpaceExplorer:Strike","RobotSpaceExplorer:Strike","RobotSpaceExplorer:Defend","RobotSpaceExplorer:Defend","RobotSpaceExplorer:Defend","RobotSpaceExplorer:Defend","RobotSpaceExplorer:Scan","RobotSpaceExplorer:MiniLasers+1","RobotSpaceExplorer:RigExplosive+1","RobotSpaceExplorer:SurgingShield","expansioncontent:BronzeBeam","RobotSpaceExplorer:LaserBurst+1","RobotSpaceExplorer:Pulsar","RobotSpaceExplorer:Comet+1","RobotSpaceExplorer:Comet","RobotSpaceExplorer:Probe","RobotSpaceExplorer:Comet+1","Mayhem+1","RobotSpaceExplorer:StarDust+1","RobotSpaceExplorer:StunGrenade+1","RobotSpaceExplorer:StarLightning+1","RobotSpaceExplorer:RigExplosive+1","RobotSpaceExplorer:DroneSwarm+1","RobotSpaceExplorer:StarDust+1","RobotSpaceExplorer:StarLightning","RobotSpaceExplorer:DoubleFind+1","RobotSpaceExplorer:Autoloader+1","RobotSpaceExplorer:StarDust+1","RobotSpaceExplorer:LaserBurst+1","RobotSpaceExplorer:DroneSwarm+1","RobotSpaceExplorer:Multitool+1","RobotSpaceExplorer:SurgingShield+1","RobotSpaceExplorer:SurgingStrike+1","RobotSpaceExplorer:BigMissile+1","RobotSpaceExplorer:MakeshiftVolley+1","RobotSpaceExplorer:PlasmaMissile","RobotSpaceExplorer:Comet+1","hubris:Rewind+1","RobotSpaceExplorer:ExhaustFan+1","ReplayTheSpireMod:Splinters","RobotSpaceExplorer:MiniDrones+1","RobotSpaceExplorer:Pulsar"],"relics":["RobotSpaceExplorer:TurboCore","Ancient Tea Set","SsserpentHead","Blue Doll","StrikeDummy","hubris:Icosahedron","Replay:Grab Bag","Philosopher\u0027s Stone","beaked:SacredNecklace","Replay:Wax Seal","Tiny Chest","Replay:Baseball","Lee\u0027s Waffle","hubris:CrystalStatue","infinitespire:EvilPickle","SacredBark","hubris:Spice","infinitespire:Lucky Rock","Frozen Egg 2","hubris:TenFootPole","Odd Mushroom","hubris:CuriousFeather","RobotSpaceExplorer:PlasmaHourglass","Pet Ghost","Simple Rune","Red Mask","Sling","Ginger","Orichalcum","Replay:PocketPolymizer","infinitespire:EvilPickle","Busted Crown","hubris:Towel","Ice Cream","Membership Card","Vajra","RobotSpaceExplorer:RingOfTheNewt","Question Card","Replay:Bottled Snecko","Onion Ring"],"acts_visited":["Exordium","TheCity","TheBeyond","Exordium","TheCity","TheBeyond","Exordium"],"potions_floor_usage":[5,10,12,14,16,16,18,24,25,31,33,35,39,39,41,46,47,47,48,48,50,50,50,54,57,57,57,64,65,69,72,72,75,75,81,81,82,84,84,84,89,97,98,98,101,101],"damage_taken":[{"damage":4,"enemies":"Jaw Worm","floor":1,"turns":3},{"damage":0,"enemies":"Cultist","floor":3,"turns":3},{"damage":0,"enemies":"2 Louse","floor":5,"turns":1},{"damage":0,"enemies":"Gremlin Gang","floor":10,"turns":2},{"damage":0,"enemies":"Blue Slaver","floor":12,"turns":2},{"damage":0,"enemies":"Large Slime","floor":14,"turns":3},{"damage":0,"enemies":"Slime Boss","floor":16,"turns":4},{"damage":0,"enemies":"Shell Parasite","floor":18,"turns":2},{"damage":0,"enemies":"3 Byrds","floor":24,"turns":3},{"damage":16,"enemies":"Slavers","floor":25,"turns":3},{"damage":5,"enemies":"Sentry and Sphere","floor":28,"turns":4},{"damage":26,"enemies":"Book of Stabbing","floor":31,"turns":5},{"damage":50,"enemies":"Pondfish","floor":33,"turns":7},{"damage":18,"enemies":"3 Darklings","floor":35,"turns":4},{"damage":19,"enemies":"3 Shapes","floor":38,"turns":3},{"damage":0,"enemies":"3 Darklings","floor":39,"turns":3},{"damage":30,"enemies":"Nightmare","floor":41,"turns":6},{"damage":0,"enemies":"Jaw Worm Horde","floor":46,"turns":3},{"damage":0,"enemies":"Orin","floor":47,"turns":7},{"damage":0,"enemies":"Giant Head","floor":48,"turns":6},{"damage":14,"enemies":"Replay:Hell Engine","floor":50,"turns":7},{"damage":0,"enemies":"2 Louse","floor":52,"turns":1},{"damage":14,"enemies":"The Mushroom Lair","floor":54,"turns":2},{"damage":0,"enemies":"Small Slimes","floor":56,"turns":2},{"damage":0,"enemies":"Lagavulin","floor":57,"turns":2},{"damage":0,"enemies":"Jaw Worm","floor":62,"turns":1},{"damage":0,"enemies":"Exordium Wildlife","floor":64,"turns":3},{"damage":0,"enemies":"Blue Slaver","floor":65,"turns":2},{"damage":0,"enemies":"Slime Boss","floor":67,"turns":3},{"damage":0,"enemies":"Spheric Guardian","floor":69,"turns":2},{"damage":0,"enemies":"Masked Bandits","floor":72,"turns":2},{"damage":2,"enemies":"Book of Stabbing","floor":75,"turns":3},{"damage":0,"enemies":"3 Byrds","floor":81,"turns":2},{"damage":4,"enemies":"Slavers","floor":82,"turns":3},{"damage":2,"enemies":"Pondfish","floor":84,"turns":6},{"damage":7,"enemies":"3 Darklings","floor":86,"turns":3},{"damage":0,"enemies":"3 Shapes","floor":89,"turns":2},{"damage":0,"enemies":"Mind Bloom Boss Battle","floor":90,"turns":4},{"damage":0,"enemies":"Sphere and 2 Shapes","floor":96,"turns":2},{"damage":0,"enemies":"Jaw Worm Horde","floor":97,"turns":2},{"damage":15,"enemies":"Writhing Mass","floor":98,"turns":3},{"damage":37,"enemies":"Donu and Deca","floor":101,"turns":5},{"damage":3,"enemies":"Jaw Worm","floor":103,"turns":2},{"damage":0,"enemies":"2 Louse","floor":106,"turns":1},{"damage":0,"enemies":"Small Slimes","floor":108,"turns":1},{"damage":2,"enemies":"Lagavulin","floor":112,"turns":3},{"damage":0,"enemies":"2 Fungi Beasts","floor":113,"turns":1},{"damage":47,"enemies":"Nightmare","floor":115,"turns":2}],"seed_played":"-5777569833994319701","potions_obtained":[{"floor":1,"key":"RobotSpaceExplorer:PlasmaFlask"},{"floor":3,"key":"FairyPotion"},{"floor":18,"key":"SteroidPotion"},{"floor":24,"key":"SpeedPotion"},{"floor":38,"key":"PowerPotion"},{"floor":57,"key":"Adrenaline Potion"},{"floor":99,"key":"AttackPotion"},{"floor":112,"key":"Fire Potion"}],"is_trial":false,"path_per_floor":["M","?","M","?","M","R","?","$","T","M","?","M","?","M","R","B",null,"M","?","$","$","?","R","M","E","T","$","M","?","R","E","R","B",null,"M","AVR","?","M","M","R","NM","R","T","R","T","M","?","E","R","B",null,"M","$","?","$","M","E","T","?","T","?","M","R","M","M","R","B",null,"M","T","?","?","$","R","E","$","T","T","$","R","M","E","R","B",null,"M","?","$","M","?","R","$","T","T","R","M","M","M","?","R","B",null,"M","$","?","M","T","M","R","$","T","E","M","R","NM"],"character_chosen":"RobotSpaceExplorer","items_purchased":["Blue Doll","expansioncontent:BronzeBeam","Replay:Wax Seal","Mayhem","Lee\u0027s Waffle","hubris:Spice","RobotSpaceExplorer:StarDust+1","hubris:CuriousFeather","RobotSpaceExplorer:LaserBurst+1","PowerPotion","Sling","Orichalcum","Membership Card","Vajra","Question Card"],"campfire_rested":7,"item_purchase_floors":[8,8,20,21,27,53,53,55,55,73,76,79,92,92,104],"current_hp_per_floor":[71,56,56,56,56,56,61,61,61,61,61,61,61,61,61,61,75,75,75,75,75,75,75,75,59,59,82,77,77,77,51,75,25,82,64,72,72,53,53,53,23,50,50,50,50,50,50,58,87,73,90,82,74,60,60,58,50,50,50,42,42,42,42,42,42,42,42,34,34,34,26,26,26,26,24,24,24,24,24,24,24,20,26,24,26,19,19,19,19,19,26,26,26,26,26,26,26,11,11,18,15,26,23,23,23,23,23,23,23,23,23,21,21,26,0,0],"gold":4927,"neow_bonus":"RANDOM_COMMON_RELIC","is_daily":false,"chose_seed":false,"campfire_upgraded":12,"win_rate":0.0,"timestamp":1610661201,"path_taken":["M","?","M","?","?","R","?","$","T","?","?","M","?","M","R","BOSS","M","?","?","$","?","R","M","E","T","$","M","?","R","E","R","BOSS","M","AVR","?","?","M","R","NM","R","T","R","?","?","?","E","R","BOSS","M","$","?","$","M","E","?","?","T","?","M","R","?","M","R","BOSS","M","?","?","?","$","R","E","?","T","?","$","R","?","E","R","BOSS","M","?","$","M","?","R","$","?","T","R","M","M","?","?","R","BOSS","M","$","?","M","?","M","R","$","T","E","M","R","NM"],"items_purchased_type":["Relic","Card","Relic","Card","Relic","Relic","Card","Relic","Card","Potion","Relic","Relic","Relic","Relic","Relic"],"build_version":"2020-12-22","purchased_purges":0,"victory":false,"max_hp_per_floor":[75,75,75,75,75,75,75,75,75,75,75,75,75,75,75,75,75,75,75,75,75,75,75,75,75,75,82,82,82,82,82,82,82,82,82,90,90,90,90,90,90,90,90,90,90,90,90,98,98,98,90,82,74,66,66,58,50,50,50,42,42,42,42,42,42,42,42,34,34,34,34,34,34,34,26,26,26,26,26,26,26,26,26,26,26,26,26,26,26,26,26,26,26,26,26,26,26,26,26,26,26,26,26,26,26,26,26,26,26,26,26,26,26,26,26,26],"card_choices":[{"not_picked":["RobotSpaceExplorer:MetalStrike","RobotSpaceExplorer:FranticSearch"],"picked":"RobotSpaceExplorer:RigExplosive","floor":1},{"not_picked":["RobotSpaceExplorer:ImprovisedAttack","RobotSpaceExplorer:ScrapMissile"],"picked":"RobotSpaceExplorer:SurgingShield","floor":3},{"not_picked":["RobotSpaceExplorer:Electroshield","RobotSpaceExplorer:ScrapShield"],"picked":"RobotSpaceExplorer:SurgingShield","floor":5},{"not_picked":["RobotSpaceExplorer:StarLightning","RobotSpaceExplorer:Reload"],"picked":"RobotSpaceExplorer:LaserBurst","floor":10},{"not_picked":["RobotSpaceExplorer:StarDust","RobotSpaceExplorer:Fix"],"picked":"RobotSpaceExplorer:Pulsar","floor":12},{"not_picked":["RobotSpaceExplorer:MetalStrike","RobotSpaceExplorer:StarDust"],"picked":"RobotSpaceExplorer:Comet","floor":14},{"not_picked":["RobotSpaceExplorer:Arsenal","RobotSpaceExplorer:HighVoltage"],"picked":"RobotSpaceExplorer:Comet","floor":16},{"not_picked":["RobotSpaceExplorer:MetalStrike+1","RobotSpaceExplorer:ShovelStrike"],"picked":"RobotSpaceExplorer:Probe","floor":18},{"not_picked":["RobotSpaceExplorer:Discharger","RobotSpaceExplorer:FreezingShield"],"picked":"RobotSpaceExplorer:StunGrenade+1","floor":24},{"not_picked":["RobotSpaceExplorer:SelfCleaning","RobotSpaceExplorer:Calculate","RobotSpaceExplorer:ImprovisedAttack+1"],"picked":"SKIP","floor":25},{"not_picked":["RobotSpaceExplorer:PowerGlove","RobotSpaceExplorer:ShockKick"],"picked":"RobotSpaceExplorer:StarLightning","floor":28},{"not_picked":["RobotSpaceExplorer:Reload+1","RobotSpaceExplorer:FranticSearch+1"],"picked":"RobotSpaceExplorer:RigExplosive+1","floor":31},{"not_picked":["RobotSpaceExplorer:Explosion","RobotSpaceExplorer:Accelerator"],"picked":"RobotSpaceExplorer:DroneSwarm","floor":33},{"not_picked":["RobotSpaceExplorer:MetalStrike+1","RobotSpaceExplorer:LuckyStrike"],"picked":"RobotSpaceExplorer:StarDust","floor":35},{"not_picked":["RobotSpaceExplorer:RigExplosive","RobotSpaceExplorer:Ammunition"],"picked":"RobotSpaceExplorer:StarLightning","floor":38},{"not_picked":["RobotSpaceExplorer:Smokescreen","RobotSpaceExplorer:SwiftStep","RobotSpaceExplorer:Ammunition+1"],"picked":"SKIP","floor":39},{"not_picked":["RobotSpaceExplorer:GlueSpray","RobotSpaceExplorer:MetalStrike+1","RobotSpaceExplorer:ToxicBomb+1"],"picked":"SKIP","floor":41},{"not_picked":["RobotSpaceExplorer:MetalStrike+1","RobotSpaceExplorer:SlimeMissile+1","RobotSpaceExplorer:ImprovisedAttack"],"picked":"SKIP","floor":46},{"not_picked":["RobotSpaceExplorer:Exploration","RobotSpaceExplorer:ScrapShield+1"],"picked":"RobotSpaceExplorer:DoubleFind+1","floor":48},{"not_picked":["RobotSpaceExplorer:Multitool+1","RobotSpaceExplorer:Explosion"],"picked":"RobotSpaceExplorer:Autoloader+1","floor":50},{"not_picked":["RobotSpaceExplorer:JunkDive","RobotSpaceExplorer:ShockKick"],"picked":"hubris:SpiceAddiction","floor":52},{"not_picked":["hubris:SpiceAddiction","hubris:SpiceAddiction"],"picked":"hubris:SpiceAddiction","floor":54},{"not_picked":["RobotSpaceExplorer:FranticSearch","RobotSpaceExplorer:ToxicBomb"],"picked":"hubris:SpiceAddiction","floor":56},{"not_picked":["RobotSpaceExplorer:ImprovisedAttack","RobotSpaceExplorer:StarDust+1"],"picked":"hubris:SpiceAddiction","floor":57},{"not_picked":["RobotSpaceExplorer:DoubleBlock","RobotSpaceExplorer:Fix","RobotSpaceExplorer:Reload"],"picked":"SKIP","floor":62},{"not_picked":["RobotSpaceExplorer:SwiftStep","RobotSpaceExplorer:ScrapMissile"],"picked":"RobotSpaceExplorer:DroneSwarm+1","floor":64},{"not_picked":["RobotSpaceExplorer:MetalStrike","RobotSpaceExplorer:PowerGlove+1","RobotSpaceExplorer:StarDust+1"],"picked":"SKIP","floor":65},{"not_picked":["RobotSpaceExplorer:Blaster","RobotSpaceExplorer:Accelerator+1"],"picked":"RobotSpaceExplorer:Multitool+1","floor":67},{"not_picked":["hubris:SpiceAddiction","RobotSpaceExplorer:ShovelStrike+1"],"picked":"RobotSpaceExplorer:SurgingShield","floor":69},{"not_picked":["RobotSpaceExplorer:Counterblock+1","RobotSpaceExplorer:ShockKick"],"picked":"RobotSpaceExplorer:SurgingStrike+1","floor":72},{"not_picked":["RobotSpaceExplorer:StarDust+1","RobotSpaceExplorer:GlueShot"],"picked":"RobotSpaceExplorer:BigMissile+1","floor":75},{"not_picked":["RobotSpaceExplorer:GlueShot","RobotSpaceExplorer:SurgingShield"],"picked":"RobotSpaceExplorer:MakeshiftVolley+1","floor":81},{"not_picked":["RobotSpaceExplorer:Counterblock+1","hubris:SpiceAddiction","RobotSpaceExplorer:ShockKick"],"picked":"SKIP","floor":82},{"not_picked":["RobotSpaceExplorer:ShockMissile","RobotSpaceExplorer:ChargingLaser"],"picked":"RobotSpaceExplorer:Comet","floor":84},{"not_picked":["infinitespire:FutureSight","ReplayTheSpireMod:Echoes of Time"],"picked":"hubris:Rewind","floor":84},{"not_picked":["RobotSpaceExplorer:Calculate"],"picked":"SKIP","floor":86},{"not_picked":[],"picked":"RobotSpaceExplorer:ExhaustFan+1","floor":89},{"not_picked":["RobotSpaceExplorer:ImprovisedAttack"],"picked":"SKIP","floor":96},{"not_picked":["RobotSpaceExplorer:Ammunition+1"],"picked":"SKIP","floor":97},{"not_picked":["RobotSpaceExplorer:FranticSearch"],"picked":"SKIP","floor":98},{"not_picked":[],"picked":"RobotSpaceExplorer:MiniDrones+1","floor":99},{"not_picked":["RobotSpaceExplorer:ScrapToss"],"picked":"SKIP","floor":103},{"not_picked":["RobotSpaceExplorer:MetalStrike"],"picked":"RobotSpaceExplorer:Pulsar","floor":106},{"not_picked":["RobotSpaceExplorer:ShovelStrike","RobotSpaceExplorer:Calculate"],"picked":"SKIP","floor":108},{"not_picked":["RobotSpaceExplorer:ImprovisedAttack","RobotSpaceExplorer:MetalStrike"],"picked":"SKIP","floor":112},{"not_picked":["RobotSpaceExplorer:GlueShot","RobotSpaceExplorer:PowerGlove+1"],"picked":"SKIP","floor":113}],"player_experience":157600,"relics_obtained":[{"floor":9,"key":"StrikeDummy"},{"floor":25,"key":"Tiny Chest"},{"floor":26,"key":"Replay:Baseball"},{"floor":41,"key":"infinitespire:Lucky Rock"},{"floor":43,"key":"Frozen Egg 2"},{"floor":45,"key":"hubris:TenFootPole"},{"floor":48,"key":"hubris:Spice"},{"floor":54,"key":"Odd Mushroom"},{"floor":57,"key":"RobotSpaceExplorer:PlasmaHourglass"},{"floor":58,"key":"Pet Ghost"},{"floor":60,"key":"hubris:Spice"},{"floor":70,"key":"Simple Rune"},{"floor":72,"key":"Red Mask"},{"floor":75,"key":"hubris:Spice"},{"floor":78,"key":"Ginger"},{"floor":82,"key":"Replay:PocketPolymizer"},{"floor":90,"key":"Ice Cream"},{"floor":93,"key":"RobotSpaceExplorer:RingOfTheNewt"},{"floor":111,"key":"Replay:Bottled Snecko"},{"floor":112,"key":"Onion Ring"}],"event_choices":[{"damage_healed":0,"gold_gain":0,"player_choice":"Entered Light","damage_taken":15,"max_hp_gain":0,"max_hp_loss":0,"event_name":"Shining Light","floor":2,"gold_loss":0,"cards_upgraded":["RobotSpaceExplorer:Strike","RobotSpaceExplorer:Strike"]},{"damage_healed":0,"gold_gain":0,"player_choice":"Trade","damage_taken":0,"relics_obtained":["SsserpentHead"],"max_hp_gain":0,"max_hp_loss":0,"event_name":"FaceTrader","floor":4,"gold_loss":0},{"cards_removed":["RobotSpaceExplorer:SurgingShield"],"damage_healed":5,"gold_gain":0,"player_choice":"Offered Common","damage_taken":0,"max_hp_gain":0,"max_hp_loss":0,"event_name":"Bonfire Elementals","floor":7,"gold_loss":0},{"cards_removed":["RobotSpaceExplorer:SurgingShield"],"damage_healed":5,"gold_gain":0,"player_choice":"Offered Special","damage_taken":0,"max_hp_gain":0,"max_hp_loss":0,"event_name":"Bonfire Elementals","floor":7,"gold_loss":0},{"damage_healed":0,"gold_gain":0,"player_choice":"Copied","damage_taken":0,"max_hp_gain":0,"max_hp_loss":0,"event_name":"Duplicator","floor":19,"gold_loss":0,"cards_obtained":["RobotSpaceExplorer:Comet"]},{"cards_removed":["Replay:Sluggish"],"damage_healed":0,"gold_gain":0,"player_choice":"Purged","damage_taken":0,"max_hp_gain":0,"max_hp_loss":0,"event_name":"Purifier","floor":37,"gold_loss":0},{"damage_healed":0,"gold_gain":0,"player_choice":"Fight","damage_taken":0,"max_hp_gain":0,"max_hp_loss":0,"event_name":"OrinTheCat","floor":47,"gold_loss":0},{"damage_healed":0,"gold_gain":0,"player_choice":"Fought Mushrooms","damage_taken":0,"max_hp_gain":0,"max_hp_loss":0,"event_name":"Mushrooms","floor":54,"gold_loss":0},{"damage_healed":0,"gold_gain":0,"player_choice":"Leave","damage_taken":0,"max_hp_gain":0,"max_hp_loss":0,"event_name":"The Cleric","floor":59,"gold_loss":0},{"damage_healed":0,"gold_gain":0,"player_choice":"Ignored","damage_taken":0,"max_hp_gain":0,"max_hp_loss":0,"event_name":"NoteForYourself","floor":61,"gold_loss":0},{"damage_healed":0,"gold_gain":0,"player_choice":"Fought Bandits","damage_taken":0,"max_hp_gain":0,"max_hp_loss":0,"event_name":"Masked Bandits","floor":72,"gold_loss":0},{"damage_healed":0,"gold_gain":0,"player_choice":"Fight","damage_taken":0,"max_hp_gain":0,"max_hp_loss":0,"event_name":"MindBloom","floor":90,"gold_loss":0},{"damage_healed":0,"gold_gain":0,"player_choice":"Upgraded","damage_taken":0,"max_hp_gain":0,"max_hp_loss":0,"event_name":"Upgrade Shrine","floor":105,"gold_loss":0,"cards_upgraded":["RobotSpaceExplorer:SurgingShield"]}],"is_beta":false,"boss_relics":[{"not_picked":["RobotSpaceExplorer:Reprocessor","Astrolabe"],"picked":"Replay:Grab Bag"},{"not_picked":["hubris:RunicObelisk","Ectoplasm"],"picked":"Philosopher\u0027s Stone"},{"not_picked":["Runic Dome","hubris:VirtuousBlindfold"],"picked":"beaked:SacredNecklace"},{"not_picked":["Runic Pyramid","hubris:Backtick"],"picked":"RobotSpaceExplorer:TurboCore"},{"not_picked":["Tiny House","Velvet Choker"],"picked":"SacredBark"},{"not_picked":["hubris:Stopwatch","Abe\u0027s Treasure"],"picked":"hubris:Spice"},{"not_picked":["RobotSpaceExplorer:Reprocessor","hubris:Spice"],"picked":"hubris:Spice"},{"not_picked":["Replay:Drink Me","hubris:Spice"],"picked":"Busted Crown"},{"not_picked":[]}],"items_purged_floors":[],"is_endless":true,"potions_floor_spawned":[1,3,10,14,18,24,28,33,38,41,47,54,57,65,67,72,75,81,86,97,98,112,113],"killed_by":"Nightmare","ascension_level":0}}