{"host":"x3xr1fzypq6qqz5s","time":1610648470,"event":{"mods":["BaseMod","Better Vampires","Colored Powertips","DeckTracker","Highlight Path","Minty Spire (QoL Compilation)","Quick Restart","Rare Cards Sparkle","Relic Stats"],"gold_per_floor":[12,22,39,54,66,66,86,112,112,129,149,149,1,15,15,110,110,125,125,125,125,137,137,162,162,162,162,178,192,192,205,205,205,205],"floor_reached":33,"language":"ZHS","playtime":2356,"items_purged":["Strike_R"],"score":298,"play_id":"75e8ec39-05ee-44cf-af78-2237e311c18e","local_time":"20210115022110","is_ascension_mode":false,"campfire_choices":[{"data":"Searing Blow","floor":6.0,"key":"SMITH"},{"data":"Searing Blow+1","floor":12.0,"key":"SMITH"},{"data":"Searing Blow+2","floor":15.0,"key":"SMITH"},{"data":"Berserk","floor":23.0,"key":"SMITH"},{"data":"Searing Blow+3","floor":25.0,"key":"SMITH"},{"data":"Bloodletting","floor":27.0,"key":"SMITH"},{"data":"Armaments","floor":32,"key":"SMITH"}],"circlet_count":0,"master_deck":["Defend_R","Defend_R","Defend_R","Bash","Bloodletting+1","Searing Blow+4","Whirlwind","Thunderclap","Armaments+1","Berserk+1","Shrug It Off","Metallicize","Feed","Spot Weakness","Brutality","CurseOfTheBell","Rage+1","Hemokinesis","Bite","Shockwave","Disarm+1"],"relics":["Burning Blood","Blood Vial","Calling Bell","Pen Nib","Eternal Feather","Gambling Chip","Unceasing Top","The Courier","Pear"],"acts_visited":["Exordium","TheCity"],"potions_floor_usage":[],"damage_taken":[{"damage":1.0,"enemies":"Cultist","floor":1.0,"turns":3.0},{"damage":9.0,"enemies":"Jaw Worm","floor":2.0,"turns":2.0},{"damage":2.0,"enemies":"2 Louse","floor":3.0,"turns":2.0},{"damage":9.0,"enemies":"Red Slaver","floor":4.0,"turns":3.0},{"damage":22.0,"enemies":"Lots of Slimes","floor":5.0,"turns":3.0},{"damage":14.0,"enemies":"Exordium Wildlife","floor":7.0,"turns":4.0},{"damage":26.0,"enemies":"Lagavulin","floor":8.0,"turns":6.0},{"damage":8.0,"enemies":"Large Slime","floor":10.0,"turns":8.0},{"damage":10.0,"enemies":"3 Louse","floor":11.0,"turns":3.0},{"damage":8.0,"enemies":"Blue Slaver","floor":14.0,"turns":3.0},{"damage":6.0,"enemies":"Slime Boss","floor":16.0,"turns":8.0},{"damage":19.0,"enemies":"Spheric Guardian","floor":18.0,"turns":4.0},{"damage":4.0,"enemies":"3 Byrds","floor":22.0,"turns":4.0},{"damage":15.0,"enemies":"Gremlin Leader","floor":24.0,"turns":7.0},{"damage":20,"enemies":"Snecko","floor":28,"turns":7},{"damage":14,"enemies":"Cultist and Chosen","floor":29,"turns":5},{"damage":31,"enemies":"Centurion and Healer","floor":31,"turns":6},{"damage":80,"enemies":"Automaton","floor":33,"turns":8}],"seed_played":"-4609872826315612309","potions_obtained":[{"floor":2.0,"key":"SteroidPotion"},{"floor":4.0,"key":"LiquidBronze"},{"floor":5.0,"key":"Fire Potion"},{"floor":8.0,"key":"Fruit Juice"},{"floor":10.0,"key":"Fire Potion"},{"floor":22.0,"key":"FairyPotion"}],"is_trial":false,"path_per_floor":["M","M","M","M","M","R","M","E","T","M","M","R","$","M","R","B",null,"M","?","T","?","M","R","E","R","T","R","M","M","?","M","R","B"],"character_chosen":"IRONCLAD","items_purchased":["Spot Weakness"],"campfire_rested":0,"item_purchase_floors":[13],"current_hp_per_floor":[80,77,80,77,61,61,53,38,38,38,36,36,36,36,36,41,88,75,75,75,75,82,85,83,88,98,98,87,83,83,62,74,29,29],"gold":205,"neow_bonus":"TRANSFORM_TWO_CARDS","is_daily":false,"chose_seed":false,"campfire_upgraded":7,"win_rate":0.0,"timestamp":1610648470,"path_taken":["M","?","M","M","M","R","M","E","T","M","M","R","$","M","R","BOSS","M","?","?","?","M","R","E","R","T","R","M","M","?","M","R","BOSS"],"items_purchased_type":["Card"],"build_version":"2020-12-22","purchased_purges":1,"victory":false,"max_hp_per_floor":[80,80,80,80,80,80,80,85,85,85,85,85,85,85,85,88,88,88,88,88,82,85,85,88,88,98,98,98,98,98,98,98,98,98],"relic_stats":{"Blood Vial":16,"counters":[18,86],"Gambling Chip":[11],"Eternal Feather":20,"Pen Nib":[5],"obtain_stats":[{"Blood Vial":8,"Calling Bell":17,"Pear":26,"Gambling Chip":17,"Eternal Feather":17,"Pen Nib":17,"The Courier":24,"Burning Blood":0,"Unceasing Top":20},{"Blood Vial":7,"Calling Bell":11,"Pear":14,"Gambling Chip":11,"Eternal Feather":11,"Pen Nib":11,"The Courier":14,"Burning Blood":0,"Unceasing Top":12},{"Blood Vial":23,"Calling Bell":45,"Pear":60,"Gambling Chip":45,"Eternal Feather":45,"Pen Nib":45,"The Courier":60,"Burning Blood":0,"Unceasing Top":49}],"Burning Blood":96,"Unceasing Top":[3]},"card_choices":[{"not_picked":["Flex","Perfected Strike"],"picked":"Whirlwind","floor":1.0},{"not_picked":["Heavy Blade","Havoc"],"picked":"Thunderclap","floor":2.0},{"not_picked":["Dark Embrace","Body Slam"],"picked":"Armaments","floor":3.0},{"not_picked":["Pommel Strike","Body Slam"],"picked":"Berserk","floor":4.0},{"not_picked":["Flex","Clash"],"picked":"Shrug It Off","floor":5.0},{"not_picked":["Shrug It Off","Pommel Strike","Clash"],"picked":"SKIP","floor":7.0},{"not_picked":["Feel No Pain","Warcry"],"picked":"Metallicize","floor":8.0},{"not_picked":["Flex","Iron Wave","Clothesline"],"picked":"SKIP","floor":10.0},{"not_picked":["Iron Wave","Wild Strike"],"picked":"Feed","floor":11.0},{"not_picked":["Sword Boomerang","Body Slam","Clothesline"],"picked":"SKIP","floor":14.0},{"not_picked":["Demon Form","Juggernaut"],"picked":"Brutality","floor":16.0},{"not_picked":["Clothesline","Clash"],"picked":"Rage+1","floor":18.0},{"not_picked":["Pommel Strike","Entrench"],"picked":"Shockwave","floor":22.0},{"not_picked":["Power Through","Whirlwind","Second Wind"],"picked":"SKIP","floor":24.0},{"not_picked":["Feel No Pain+1","Clash","Perfected Strike+1"],"picked":"SKIP","floor":28},{"not_picked":["Dark Embrace+1","Twin Strike","Wild Strike"],"picked":"SKIP","floor":29},{"not_picked":["True Grit+1","Sword Boomerang"],"picked":"Disarm+1","floor":31}],"player_experience":589437,"relics_obtained":[{"floor":8.0,"key":"Blood Vial"},{"floor":17.0,"key":"Pen Nib"},{"floor":17.0,"key":"Eternal Feather"},{"floor":17.0,"key":"Gambling Chip"},{"floor":20.0,"key":"Unceasing Top"},{"floor":24.0,"key":"The Courier"},{"floor":26.0,"key":"Pear"}],"event_choices":[{"damage_healed":0.0,"max_hp_gain":0.0,"max_hp_loss":0.0,"gold_gain":0.0,"cards_transformed":["Strike_R","Strike_R"],"event_name":"Drug Dealer","player_choice":"Became Test Subject","floor":19.0,"gold_loss":0.0,"damage_taken":0.0,"cards_obtained":["Hemokinesis","Wild Strike"]},{"damage_healed":0.0,"max_hp_gain":0.0,"max_hp_loss":6.0,"gold_gain":0.0,"event_name":"Vampires","player_choice":"Became a vampire","floor":21.0,"gold_loss":0.0,"damage_taken":0.0,"cards_obtained":["Bite"]},{"cards_removed":["Wild Strike"],"damage_healed":0,"gold_gain":0,"player_choice":"Elegance","damage_taken":0,"max_hp_gain":0,"max_hp_loss":0,"event_name":"Back to Basics","floor":30,"gold_loss":0}],"is_beta":false,"boss_relics":[{"not_picked":["Velvet Choker","Sozu"],"picked":"Calling Bell"}],"items_purged_floors":[13],"is_endless":false,"potions_floor_spawned":[2,4,5,8,10,11,22],"killed_by":"Automaton","ascension_level":0}}