{"host":"nz11ypxva4e39b7q","time":1610637126,"event":{"mods":["BaseMod","Better Altar","Better Skull","Better Third Choice","Better Vampires","Colored Map","Minty Spire (QoL Compilation)","Spicy Shops","StSLib","The Marked"],"gold_per_floor":[19,38,113,131,63,63,92,107,107,132,132,147,147,178,178,276,276,286,298,298,213,10,10,38,38,92,92,119,138,172,184,184,289,289,302,314,44,55,68,101,101,113,113,142,153,171,171,171,171,171,171,171,44,75,75],"floor_reached":56,"language":"ENG","playtime":3163,"items_purged":["theMarked:Strike+1","theMarked:Strike+1","theMarked:Strike+1","theMarked:Snap"],"score":1464,"play_id":"098e297d-72b5-447c-beb4-689a9ecafdcd","local_time":"20210114161206","is_ascension_mode":true,"campfire_choices":[{"data":"theMarked:TunnelVision","floor":6.0,"key":"SMITH"},{"data":"theMarked:ContemptForTheProud","floor":11.0,"key":"SMITH"},{"data":"theMarked:SoldierOfQuellstein","floor":13.0,"key":"SMITH"},{"data":"theMarked:ParalyzingBlade","floor":15.0,"key":"SMITH"},{"data":"theMarked:SoldierForm","floor":23.0,"key":"SMITH"},{"data":"theMarked:ReduceFriction","floor":25.0,"key":"SMITH"},{"floor":32.0,"key":"REST"},{"data":"theMarked:StartUp","floor":47.0,"key":"SMITH"},{"floor":49.0,"key":"RECALL"},{"data":"theMarked:MuscleMemory","floor":52.0,"key":"SMITH"}],"circlet_count":0,"master_deck":["theMarked:Strike+1","theMarked:Defend+1","theMarked:Defend+1","theMarked:Defend+1","theMarked:Defend+1","theMarked:SoldierOfQuellstein+1","theMarked:ChainLightning","theMarked:ParalyzingBlade+1","theMarked:ContemptForTheProud+1","theMarked:TunnelVision+1","theMarked:EternalStudent+1","theMarked:ReduceFriction+1","theMarked:SoldierForm+1","theMarked:ElementalBlade+1","theMarked:Panic+1","theMarked:MuscleMemory+1","theMarked:WardOff+1","theMarked:StartUp+1","theMarked:Improvise","theMarked:Improvise+1","theMarked:EmpowerWeapon+1","theMarked:TakeOffHeels","theMarked:SwordAndMagic+1","theMarked:ChannelForce"],"relics":["theMarked:ArtifactOfAir","Turnip","Eternal Feather","Pear","Bottled Flame","Regal Pillow","theMarked:SpiritSword","Smiling Mask","Nunchaku","Happy Flower","Boot","PreservedInsect","Cursed Key","HornCleat","Mercury Hourglass","Bag of Marbles","Akabeko"],"acts_visited":["Exordium","TheCity","TheBeyond","TheEnding"],"potions_floor_usage":[55],"damage_taken":[{"damage":1.0,"enemies":"Cultist","floor":1.0,"turns":4.0},{"damage":2.0,"enemies":"Jaw Worm","floor":2.0,"turns":4.0},{"damage":0.0,"enemies":"2 Louse","floor":4.0,"turns":2.0},{"damage":10.0,"enemies":"3 Sentries","floor":7.0,"turns":5.0},{"damage":3.0,"enemies":"Gremlin Gang","floor":8.0,"turns":3.0},{"damage":13.0,"enemies":"Gremlin Nob","floor":10.0,"turns":3.0},{"damage":0.0,"enemies":"Exordium Wildlife","floor":12.0,"turns":1.0},{"damage":5.0,"enemies":"3 Sentries","floor":14.0,"turns":5.0},{"damage":31.0,"enemies":"The Guardian","floor":16.0,"turns":11.0},{"damage":11.0,"enemies":"2 Thieves","floor":18.0,"turns":3.0},{"damage":0.0,"enemies":"Chosen","floor":19.0,"turns":3.0},{"damage":25.0,"enemies":"Gremlin Leader","floor":24.0,"turns":4.0},{"damage":16.0,"enemies":"Book of Stabbing","floor":28.0,"turns":3.0},{"damage":15.0,"enemies":"Centurion and Healer","floor":29.0,"turns":3.0},{"damage":18.0,"enemies":"Slavers","floor":30.0,"turns":3.0},{"damage":0.0,"enemies":"Snake Plant","floor":31.0,"turns":2.0},{"damage":60.0,"enemies":"Collector","floor":33.0,"turns":7.0},{"damage":20.0,"enemies":"3 Shapes","floor":35.0,"turns":3.0},{"damage":17.0,"enemies":"3 Darklings","floor":36.0,"turns":4.0},{"damage":0.0,"enemies":"Sphere and 2 Shapes","floor":38.0,"turns":2.0},{"damage":22.0,"enemies":"Maw","floor":39.0,"turns":4.0},{"damage":9.0,"enemies":"Giant Head","floor":40.0,"turns":4.0},{"damage":0.0,"enemies":"Jaw Worm Horde","floor":42.0,"turns":3.0},{"damage":0.0,"enemies":"Reptomancer","floor":44.0,"turns":3.0},{"damage":0.0,"enemies":"Writhing Mass","floor":45.0,"turns":3.0},{"damage":0.0,"enemies":"Transient","floor":46.0,"turns":5.0},{"damage":18.0,"enemies":"Donu and Deca","floor":50.0,"turns":6.0},{"damage":9.0,"enemies":"Shield and Spear","floor":54.0,"turns":3.0},{"damage":57,"enemies":"The Heart","floor":55,"turns":7}],"seed_played":"5001654638130347798","potions_obtained":[{"floor":1.0,"key":"Swift Potion"},{"floor":4.0,"key":"Block Potion"},{"floor":7.0,"key":"DuplicationPotion"},{"floor":14.0,"key":"Ancient Potion"},{"floor":18.0,"key":"Fruit Juice"},{"floor":28.0,"key":"Energy Potion"},{"floor":31.0,"key":"PowerPotion"},{"floor":36.0,"key":"Weak Potion"},{"floor":42.0,"key":"DistilledChaos"},{"floor":46.0,"key":"SteroidPotion"}],"is_trial":false,"path_per_floor":["M","M","?","M","$","R","E","M","T","E","R","M","R","E","R","B",null,"M","M","?","?","$","R","E","R","T","?","E","M","E","M","R","B",null,"M","M","$","M","M","E","?","M","T","E","M","M","R","?","R","B",null,"R","$","E","B",null],"character_chosen":"THE_DEFAULT","items_purchased":["theMarked:TunnelVision","Nunchaku","theMarked:StartUp","Bag of Marbles"],"campfire_rested":1,"item_purchase_floors":[5,22,37,53],"current_hp_per_floor":[69,67,60,60,60,60,50,47,57,44,53,53,62,57,66,35,80,69,69,69,69,69,78,53,62,62,62,46,31,13,13,61,6,85,65,48,48,48,26,17,17,17,17,17,17,17,29,29,41,23,85,85,85,76,19],"gold":75,"neow_bonus":"ONE_RARE_RELIC","is_daily":false,"chose_seed":false,"campfire_upgraded":8,"win_rate":0.0,"timestamp":1610637126,"path_taken":["M","M","?","?","?","R","E","M","T","E","R","M","R","E","R","BOSS","M","?","?","?","$","R","E","R","T","?","E","M","E","M","R","BOSS","M","?","$","M","M","E","?","M","T","E","M","M","R","?","R","BOSS","R","$","E","BOSS"],"items_purchased_type":["Card","Relic","Card","Relic"],"build_version":"2020-12-22","purchased_purges":4,"victory":true,"max_hp_per_floor":[70,70,70,70,70,70,70,70,80,80,80,80,80,80,80,80,80,80,80,80,80,80,80,80,80,80,80,80,80,80,80,80,85,85,85,85,85,85,85,85,85,85,85,85,85,85,85,85,85,85,85,85,85,85,85],"card_choices":[{"not_picked":["theMarked:ResourceFulStrike","theMarked:Aftermath"],"picked":"theMarked:ChainLightning","floor":1.0},{"not_picked":["theMarked:Convert","theMarked:HeightenedSenses"],"picked":"theMarked:ParalyzingBlade","floor":2.0},{"not_picked":["theMarked:HeightenedSenses","theMarked:Parkour"],"picked":"theMarked:ContemptForTheProud","floor":4.0},{"not_picked":["theMarked:Standoff","theMarked:SelfDefenseTraining","theMarked:Overthink"],"picked":"SKIP","floor":7.0},{"not_picked":["theMarked:EmpowerWeapon","theMarked:Parkour"],"picked":"theMarked:EternalStudent","floor":8.0},{"not_picked":["theMarked:ElectricStrings","theMarked:EmpowerWeapon","theMarked:ChannelForce"],"picked":"SKIP","floor":10.0},{"not_picked":["theMarked:WastefulAttack","theMarked:ComboAttacks","theMarked:HeightenedSenses"],"picked":"SKIP","floor":12.0},{"not_picked":["theMarked:ElectricStrings","theMarked:Snap"],"picked":"theMarked:ReduceFriction","floor":14.0},{"not_picked":["theMarked:FavorableWinds","theMarked:Vacuum"],"picked":"theMarked:SoldierForm","floor":16.0},{"not_picked":["theMarked:Indomitable","theMarked:CreepingChasm"],"picked":"theMarked:ElementalBlade+1","floor":18.0},{"not_picked":["theMarked:Static","theMarked:RogueSparks+1","theMarked:Parkour+1"],"picked":"SKIP","floor":19.0},{"not_picked":["theMarked:ChainLightning","theMarked:TurnInvisible","theMarked:Electrocute"],"picked":"SKIP","floor":24.0},{"not_picked":["theMarked:WardOff","theMarked:HeightenedSenses","theMarked:ElectricStrings"],"picked":"SKIP","floor":28.0},{"not_picked":["theMarked:WardOff","theMarked:HeightenedSenses","theMarked:ElectricStrings"],"picked":"SKIP","floor":28.0},{"not_picked":["theMarked:Parkour+1","theMarked:Static"],"picked":"theMarked:Panic+1","floor":29.0},{"not_picked":["theMarked:Panic","theMarked:FavorableWinds","theMarked:KeepCalmAndFightOn"],"picked":"SKIP","floor":30.0},{"not_picked":["theMarked:Overthink","theMarked:Frustration","theMarked:DeterminationOfTheMarked"],"picked":"SKIP","floor":31.0},{"not_picked":["theMarked:Snap","theMarked:DispelDoubt"],"picked":"theMarked:MuscleMemory","floor":33.0},{"not_picked":["theMarked:Parkour","theMarked:Reabsorb+1"],"picked":"theMarked:WardOff+1","floor":35.0},{"not_picked":["theMarked:ResourceFulStrike","theMarked:ElectricStrings+1","theMarked:FavorableWinds"],"picked":"SKIP","floor":36.0},{"not_picked":["theMarked:HeightenedSenses","theMarked:EmpowerWeapon+1"],"picked":"theMarked:Improvise","floor":38.0},{"not_picked":["theMarked:TakeCover","theMarked:Aftermath+1"],"picked":"theMarked:Improvise+1","floor":39.0},{"not_picked":["theMarked:ResourceFulStrike+1","theMarked:Parkour+1"],"picked":"theMarked:EmpowerWeapon+1","floor":40.0},{"not_picked":["theMarked:TakeCover","theMarked:SwordAndMagic+1"],"picked":"theMarked:TakeOffHeels","floor":42.0},{"not_picked":["theMarked:BanishingStrike","theMarked:HeightenedSenses","theMarked:ShockingTouch"],"picked":"SKIP","floor":44.0},{"not_picked":["theMarked:Frustration","theMarked:Opportunist"],"picked":"theMarked:SwordAndMagic+1","floor":45.0},{"not_picked":["theMarked:ResourceFulStrike+1","theMarked:Frustration+1","theMarked:Defy"],"picked":"SKIP","floor":46.0},{"not_picked":["theMarked:SwordAndMagic+1","theMarked:BanishingStrike"],"picked":"theMarked:ChannelForce","floor":54.0}],"player_experience":994224,"relics_obtained":[{"floor":7.0,"key":"Eternal Feather"},{"floor":9.0,"key":"Pear"},{"floor":10.0,"key":"Bottled Flame"},{"floor":14.0,"key":"Regal Pillow"},{"floor":24.0,"key":"Happy Flower"},{"floor":28.0,"key":"Boot"},{"floor":30.0,"key":"PreservedInsect"},{"floor":40.0,"key":"HornCleat"},{"floor":44.0,"key":"Mercury Hourglass"},{"floor":54.0,"key":"Akabeko"}],"event_choices":[{"damage_healed":0.0,"max_hp_gain":0.0,"max_hp_loss":0.0,"gold_gain":75.0,"event_name":"FaceTrader","player_choice":"Touch","floor":3.0,"gold_loss":0.0,"damage_taken":7.0},{"damage_healed":0.0,"max_hp_gain":0.0,"max_hp_loss":9.0,"gold_gain":0.0,"event_name":"betterThird:BetterWriting","player_choice":"Simplicity","floor":20.0,"gold_loss":0.0,"damage_taken":0.0},{"damage_healed":0.0,"max_hp_gain":0.0,"max_hp_loss":0.0,"gold_gain":0.0,"event_name":"Addict","player_choice":"Obtained Relic","floor":21.0,"gold_loss":85.0,"damage_taken":0.0,"relics_obtained":["Smiling Mask"]},{"damage_healed":0.0,"max_hp_gain":0.0,"max_hp_loss":0.0,"gold_gain":0.0,"event_name":"Accursed Blacksmith","player_choice":"Forge","floor":27.0,"gold_loss":0.0,"damage_taken":0.0,"cards_upgraded":["theMarked:EternalStudent"]},{"damage_healed":0.0,"max_hp_gain":0.0,"max_hp_loss":0.0,"gold_gain":0.0,"event_name":"Mysterious Sphere","player_choice":"Ignored","floor":41.0,"gold_loss":0.0,"damage_taken":0.0},{"damage_healed":0.0,"max_hp_gain":0.0,"max_hp_loss":0.0,"gold_gain":0.0,"cards_transformed":["theMarked:Strike"],"event_name":"Transmorgrifier","player_choice":"Transformed","floor":48.0,"gold_loss":0.0,"damage_taken":0.0,"cards_obtained":["theMarked:Snap"]}],"is_beta":false,"boss_relics":[{"not_picked":["Runic Dome","Busted Crown"],"picked":"theMarked:SpiritSword"},{"not_picked":["Tiny House","Calling Bell"],"picked":"Cursed Key"}],"items_purged_floors":[22,37,37,53],"is_endless":false,"potions_floor_spawned":[1,4,7,14,16,18,28,31,36,42,46],"ascension_level":3}}