{"host":"r53pw7z744tg3fxg","time":1610633749,"event":{"mods":["AchievementEnabler","BaseMod","Colored Map","Colored Powertips","Highlight Path","Minty Spire (QoL Compilation)","Quick Restart","Transform Curses"],"gold_per_floor":[117,117,132,50,15,15,15,27,27,53,83,83,83,115,115,189,189,201,219,269,284,40,40,40],"floor_reached":23,"language":"ENG","playtime":807,"items_purged":[],"score":325,"play_id":"be0abe33-ddd1-4a3b-b444-c273ea7a06a2","local_time":"20210114071549","is_ascension_mode":true,"campfire_choices":[{"data":"Panacea","floor":6.0,"key":"SMITH"},{"data":"PathToVictory","floor":7.0,"key":"SMITH"},{"floor":13.0,"key":"REST"},{"floor":15.0,"key":"REST"}],"circlet_count":0,"master_deck":["AscendersBane","Strike_P","Strike_P","Strike_P","Strike_P","Defend_P","Defend_P","Defend_P","Defend_P","Eruption+1","Vigilance","PathToVictory+1","Panacea+1","DeusExMachina","BattleHymn","Devotion","SignatureMove+1","WindmillStrike+1","EmptyFist+1","FollowUp","SashWhip+1","BowlingBash","Dramatic Entrance"],"relics":["PureWater","WingedGreaves","Meat on the Bone","Odd Mushroom","Art of War","Happy Flower","Astrolabe","Pen Nib"],"acts_visited":["Exordium","TheCity"],"potions_floor_usage":[],"damage_taken":[{"damage":10.0,"enemies":"Small Slimes","floor":1.0,"turns":5.0},{"damage":2.0,"enemies":"Jaw Worm","floor":3.0,"turns":6.0},{"damage":0.0,"enemies":"2 Louse","floor":8.0,"turns":2.0},{"damage":14.0,"enemies":"The Mushroom Lair","floor":10.0,"turns":4.0},{"damage":29.0,"enemies":"3 Sentries","floor":11.0,"turns":8.0},{"damage":10.0,"enemies":"Lagavulin","floor":14.0,"turns":8.0},{"damage":30.0,"enemies":"Slime Boss","floor":16.0,"turns":6.0},{"damage":30.0,"enemies":"Spheric Guardian","floor":18.0,"turns":5.0},{"damage":12.0,"enemies":"Chosen","floor":19.0,"turns":4.0},{"damage":25,"enemies":"Snake Plant","floor":21,"turns":4},{"damage":36,"enemies":"Book of Stabbing","floor":23,"turns":3}],"seed_played":"6878663670161917941","potions_obtained":[{"floor":3.0,"key":"Fruit Juice"},{"floor":10.0,"key":"LiquidBronze"},{"floor":16.0,"key":"SpeedPotion"}],"is_trial":false,"path_per_floor":["M","?","M","$","?","R","R","M","T","?","E","?","R","E","R","B",null,"M","M","?","M","$","E"],"character_chosen":"WATCHER","items_purchased":["Panacea","Pen Nib","Dramatic Entrance"],"campfire_rested":2,"item_purchase_floors":[4,22,22],"current_hp_per_floor":[37,37,40,40,59,59,59,59,59,45,28,28,51,41,64,46,69,39,39,39,26,26,0,0],"gold":40,"neow_bonus":"ONE_RARE_RELIC","is_daily":false,"chose_seed":false,"campfire_upgraded":2,"win_rate":0.0,"timestamp":1610633749,"path_taken":["M","?","M","$","?","R","R","M","T","?","E","?","R","E","R","BOSS","M","M","?","M","$","E"],"items_purchased_type":["Card","Relic","Card"],"build_version":"2020-12-22","purchased_purges":0,"victory":false,"max_hp_per_floor":[72,72,77,77,77,77,77,77,77,77,77,77,77,77,77,77,77,77,77,77,77,77,77,77],"card_choices":[{"not_picked":["EmptyFist","Prostrate"],"picked":"CutThroughFate","floor":1.0},{"not_picked":["ThirdEye","WreathOfFlame"],"picked":"PathToVictory","floor":3.0},{"not_picked":["Protect","EmptyMind"],"picked":"Consecrate","floor":8.0},{"not_picked":["ClearTheMind","Nirvana"],"picked":"DeusExMachina","floor":10.0},{"not_picked":["ClearTheMind","Alpha"],"picked":"EmptyBody","floor":11.0},{"not_picked":["EmptyFist","Study"],"picked":"BattleHymn","floor":14.0},{"not_picked":["Blasphemy","SpiritShield"],"picked":"Devotion","floor":16.0},{"not_picked":["Halt","Sanctity"],"picked":"FollowUp","floor":18.0},{"not_picked":["FlurryOfBlows","Fasting2"],"picked":"SashWhip+1","floor":19.0},{"not_picked":["ThirdEye","Protect"],"picked":"BowlingBash","floor":21}],"player_experience":1247531,"relics_obtained":[{"floor":9.0,"key":"Meat on the Bone"},{"floor":10.0,"key":"Odd Mushroom"},{"floor":11.0,"key":"Art of War"},{"floor":14.0,"key":"Happy Flower"}],"event_choices":[{"damage_healed":0.0,"max_hp_gain":0.0,"max_hp_loss":0.0,"gold_gain":0.0,"event_name":"Living Wall","player_choice":"Grow","floor":2.0,"gold_loss":0.0,"damage_taken":0.0,"cards_upgraded":["Eruption"]},{"damage_healed":19.0,"max_hp_gain":0.0,"max_hp_loss":0.0,"gold_gain":0.0,"event_name":"The Cleric","player_choice":"Healed","floor":5.0,"gold_loss":35.0,"damage_taken":0.0},{"damage_healed":0.0,"max_hp_gain":0.0,"max_hp_loss":0.0,"gold_gain":0.0,"event_name":"Mushrooms","player_choice":"Fought Mushrooms","floor":10.0,"gold_loss":0.0,"damage_taken":0.0},{"damage_healed":0.0,"max_hp_gain":0.0,"max_hp_loss":0.0,"gold_gain":0.0,"event_name":"Liars Game","player_choice":"Ignored","floor":12.0,"gold_loss":0.0,"damage_taken":0.0},{"damage_healed":0.0,"max_hp_gain":0.0,"max_hp_loss":0.0,"gold_gain":100.0,"event_name":"The Joust","player_choice":"Bet on Murderer","floor":20.0,"gold_loss":50.0,"damage_taken":0.0}],"is_beta":false,"boss_relics":[{"not_picked":["Cursed Key","Velvet Choker"],"picked":"Astrolabe"}],"items_purged_floors":[],"is_endless":false,"potions_floor_spawned":[3,10,16],"killed_by":"Book of Stabbing","ascension_level":13}}