{"host":"gkmfgzxy0jvnl2zt","time":1610582675,"event":{"mods":["AchievementEnabler","Act Like it!","Aspiration","BaseMod","Better Note","BetterRewards","Card Forge","Colored Map","Colored Powertips","Conspire","Elementarium","Energized Spire","Infinite Spire","Ironclad Rager","Mimic Mod","Minty Spire (QoL Compilation)","Permanent Neow","Replay The Spire","Shop Mod","StSLib","The Factory","The Jungle","Trackpad","vexMod"],"gold_per_floor":[15,15,99999,100019,100032,100061,100061,100074,100097,100097,100116,100116,100128,99199,99199,99303,99303,99315,99332,99332,99257,99285,99316,99316,99328,99328,99346,99346,99381,98632,98650,98650,98746,98746,98762,98782,98782,98795,98809,98839,98839,98855,98888,98918,98363,98363,98428,98462,98462,98510,98510],"floor_reached":50,"language":"ENG","playtime":4281,"items_purged":[],"score":989,"play_id":"c0fa7555-fe6c-4734-87d2-cebe67eba0da","local_time":"20210113190435","is_ascension_mode":true,"campfire_choices":[{"floor":7,"key":"REST"},{"floor":10,"key":"REST"},{"floor":15,"key":"REST"},{"floor":24,"key":"RECALL"},{"floor":28,"key":"REST"},{"floor":32,"key":"REST"},{"floor":41,"key":"REST"},{"floor":46,"key":"REST"},{"floor":49,"key":"REST"}],"circlet_count":0,"master_deck":["Survivor+1","Neutralize+1","Poisoned Stab+1","Poisoned Stab+1","Poisoned Stab+1","Poisoned Stab+1","Poisoned Stab+1","Dodge and Roll+1","Dodge and Roll+1","Dodge and Roll+1","Dodge and Roll+1","conspire:DoublingDagger+1","ReplayTheSpireMod:Shiv Toss+1","Flying Knee+1","DevaForm+1","ReplayTheSpireMod:Shiv Toss+1","ReplayTheSpireMod:Scrap Shanks+1","infinitespire:Neurotoxin+1","Noxious Fumes+1","Infinite Blades+1","Envenom+1","conspire:DoublingDagger+1","Burst+1","Blade Dance+1","A Thousand Cuts+1","Venomology+1","Hidden Blade+1","Blade Dance+1","Outmaneuver+1","Phantasmal Killer+1","Phantasmal Killer+1","Noxious Fumes+1","Adrenaline+1","conspire:DoublingDagger+1","Blade Dance+1","infinitespire:Gouge+1","Replay:Fractal Strike+1","Pummel+1","Prepared+1","Hidden Blade+1","ReplayTheSpireMod:The Works+1","Inflame+1","Panacea+1","Blur+1","Replay:Poison Smokescreen+1","Replay:Fractal Strike+1","Metallicize+1","Fluid Movement+1","Blade Dance+1","Underhanded Strike+1","Noxious Fumes+1","Catalyst+1","Crippling Poison+1"],"relics":["Ring of the Snake","Hammer of Thor","Seething Fire","Anvil of the Gods","Bag of Preparation","Replay:WaspNest","conspire:TopHat","Divine Protection","trackpad:BottledTsunami","trackpad:PocketGalaxy","trackpad:DisasterInABottle","aspiration:IroncladSkillbook","trackpad:ChainingVapors","SacredBark","aspiration:AnachronicSnailShell","infinitespire:Eraser","aspiration:SneckoTail","aspiration:FrozenJewel","infinitespire:Joker Card","aspiration:Lifesprig","vexMod:PaidLearning","aspiration:FutureDiary","Replay:Wax Seal","Busted Crown","aspiration:HatOfInfinitePower","The Specimen","Bronze Scales","Replay:Bandana","Replay:Rubber Ducky","aspiration:Nostalgia","Cracked Core","Regal Pillow"],"acts_visited":["Exordium","TheCity","TheBeyond"],"potions_floor_usage":[11,11,16,16,18,23,23,25,29,31,33,33,33,33,40,40,44,50],"damage_taken":[{"damage":0,"enemies":"Small Slimes","floor":1,"turns":2},{"damage":0,"enemies":"Cultist","floor":3,"turns":2},{"damage":0,"enemies":"Jaw Worm","floor":4,"turns":3},{"damage":4,"enemies":"Gremlin Gang","floor":5,"turns":5},{"damage":38,"enemies":"Gremlin Nob","floor":6,"turns":4},{"damage":6,"enemies":"2 Fungi Beasts","floor":8,"turns":3},{"damage":13,"enemies":"Red Slaver","floor":11,"turns":2},{"damage":0,"enemies":"Exordium Wildlife","floor":13,"turns":3},{"damage":0,"enemies":"The Guardian","floor":16,"turns":5},{"damage":0,"enemies":"Shell Parasite","floor":18,"turns":2},{"damage":2,"enemies":"3 Byrds","floor":19,"turns":3},{"damage":1,"enemies":"conspire:MimicChest","floor":22,"turns":3},{"damage":2,"enemies":"Replay:Snechameleon","floor":23,"turns":4},{"damage":16,"enemies":"Shelled Parasite and Fungi","floor":25,"turns":5},{"damage":8,"enemies":"Snake Plant","floor":27,"turns":2},{"damage":48,"enemies":"Slavers","floor":29,"turns":3},{"damage":0,"enemies":"Snecko","floor":31,"turns":2},{"damage":4,"enemies":"conspire:MysteriousRune","floor":33,"turns":7},{"damage":0,"enemies":"Orb Walker","floor":35,"turns":2},{"damage":0,"enemies":"3 Darklings","floor":36,"turns":3},{"damage":3,"enemies":"Maw","floor":38,"turns":3},{"damage":6,"enemies":"Spire Growth","floor":39,"turns":3},{"damage":0,"enemies":"Giant Head","floor":40,"turns":3},{"damage":15,"enemies":"4 Shapes","floor":42,"turns":4},{"damage":0,"enemies":"3 Darklings","floor":43,"turns":3},{"damage":0,"enemies":"Nemesis","floor":44,"turns":4},{"damage":0,"enemies":"Reptomancer","floor":47,"turns":3},{"damage":0,"enemies":"3 Darklings","floor":48,"turns":2},{"damage":84,"enemies":"conspire:OrnateMirror","floor":50,"turns":3}],"seed_played":"-8185189928789226961","potions_obtained":[{"floor":5,"key":"FearPotion"},{"floor":6,"key":"Dexterity Potion"},{"floor":13,"key":"LifebloodPotion"},{"floor":19,"key":"LifebloodPotion"},{"floor":25,"key":"Venom Potion"},{"floor":27,"key":"Adrenaline Potion"},{"floor":33,"key":"Strength Potion"},{"floor":36,"key":"Swift Potion"},{"floor":39,"key":"SneckoOil"},{"floor":42,"key":"conspire:TimeTravelPotion"},{"floor":48,"key":"Languid Potion"}],"is_trial":false,"path_per_floor":["M","?","M","M","M","E","R","M","T","R","M","?","M","$","R","B",null,"M","M","AVR","?","?","E","R","M","T","M","R","E","$","M","R","B",null,"M","M","AVR","M","M","E","R","M","MIM","E","$","R","E","M","R_BF","B"],"character_chosen":"THE_SILENT","items_purchased":["trackpad:BottledTsunami","trackpad:PocketGalaxy","trackpad:DisasterInABottle","LifebloodPotion","Phantasmal Killer","Noxious Fumes","infinitespire:Joker Card","aspiration:Lifesprig","vexMod:PaidLearning","ColorlessPotion","Panacea","Replay:Bandana","Replay:Rubber Ducky","aspiration:Nostalgia","Noxious Fumes","Catalyst"],"campfire_rested":8,"item_purchase_floors":[14,14,14,14,14,14,30,30,30,30,30,45,45,45,45,45],"current_hp_per_floor":[45,45,45,45,41,3,21,15,15,33,20,20,20,20,38,38,63,63,63,63,63,63,63,63,51,51,47,63,19,19,23,41,41,63,63,63,63,63,61,63,63,52,56,60,60,63,63,63,63,0,0],"gold":98510,"neow_bonus":"SILENT_ASSASSIN","is_daily":false,"chose_seed":false,"campfire_upgraded":0,"win_rate":0.0,"timestamp":1610582675,"path_taken":["M","?","M","?","M","E","R","M","T","R","M","?","M","$","R","BOSS","M","M","AVR","?","?","E","R","M","T","?","R","E","$","M","R","BOSS","M","M","AVR","M","M","E","R","M","MIM","E","$","R","E","M","R_BF","BOSS"],"items_purchased_type":["Relic","Relic","Relic","Potion","Card","Card","Relic","Relic","Relic","Potion","Card","Relic","Relic","Relic","Card","Card"],"build_version":"2020-12-22","purchased_purges":0,"victory":false,"max_hp_per_floor":[63,63,63,63,63,63,63,63,63,63,63,63,63,63,63,63,63,63,63,63,63,63,63,63,63,63,63,63,63,63,63,63,63,63,63,63,63,63,63,63,63,63,63,63,63,63,63,63,63,63,63],"card_choices":[{"not_picked":["Outmaneuver","Dash"],"picked":"conspire:DoublingDagger","floor":1},{"not_picked":["Riddle With Holes","Flying Knee"],"picked":"conspire:DoublingDagger","floor":3},{"not_picked":["Masterful Stab","Skewer"],"picked":"ReplayTheSpireMod:Shiv Toss","floor":4},{"not_picked":["Dodge and Roll","Endless Agony"],"picked":"Flying Knee","floor":5},{"not_picked":["Unload","PiercingWail"],"picked":"Venomology","floor":6},{"not_picked":["Acrobatics","Tactician"],"picked":"Hidden Blade","floor":8},{"not_picked":["ReplayTheSpireMod:Tripwire","Tactician"],"picked":"Blade Dance","floor":11},{"not_picked":["Hidden Blade","Blade Dance"],"picked":"Outmaneuver","floor":13},{"not_picked":["Bullet Time","Die Die Die"],"picked":"Adrenaline","floor":16},{"not_picked":["Infinite Blades","Slice+1","Heavy Blade+1"],"picked":"conspire:DoublingDagger","floor":18},{"not_picked":["Acrobatics","ReplayTheSpireMod:LeadingStrike+1","conspire:Charge"],"picked":"Blade Dance","floor":19},{"not_picked":["Sword Boomerang+1","Dagger Throw","Poisoned Stab+1"],"picked":"Pummel","floor":22},{"not_picked":["Bludgeon","Blood for Blood+1","conspire:ExplosiveBarrier"],"picked":"Prepared","floor":23},{"not_picked":["Reflex","Underhanded Strike","True Grit+1"],"picked":"Hidden Blade","floor":25},{"not_picked":["Slice","ReplayTheSpireMod:Shiv Toss+1","Uppercut"],"picked":"ReplayTheSpireMod:The Works+1","floor":27},{"not_picked":["Draining Mist","Defy Death","Prepared"],"picked":"Inflame","floor":29},{"not_picked":["Uppercut","Anger","Run Through","Sever Soul"],"picked":"SKIP","floor":31},{"not_picked":["True Grit","Perfected Strike+1","ReplayTheSpireMod:Shiv Toss+1"],"picked":"Blur+1","floor":35},{"not_picked":["Flame Barrier+1","Underhanded Strike","Combust+1"],"picked":"Replay:Poison Smokescreen","floor":36},{"not_picked":["Crippling Poison+1"],"picked":"Metallicize+1","floor":38},{"not_picked":["Havoc","Shrug It Off+1"],"picked":"SKIP","floor":39},{"not_picked":["Sentinel"],"picked":"Fluid Movement","floor":40},{"not_picked":["Eviscerate"],"picked":"Blade Dance","floor":42},{"not_picked":["Havoc"],"picked":"Underhanded Strike+1","floor":43},{"not_picked":["Sneak Up","Thunderclap+1"],"picked":"SKIP","floor":44},{"not_picked":["Bludgeon","Prepared"],"picked":"SKIP","floor":47},{"not_picked":["Poisoned Stab+1"],"picked":"Crippling Poison+1","floor":48}],"player_experience":42385,"relics_obtained":[{"floor":6,"key":"Replay:WaspNest"},{"floor":9,"key":"conspire:TopHat"},{"floor":22,"key":"aspiration:AnachronicSnailShell"},{"floor":23,"key":"infinitespire:Eraser"},{"floor":26,"key":"aspiration:SneckoTail"},{"floor":29,"key":"aspiration:FrozenJewel"},{"floor":40,"key":"aspiration:HatOfInfinitePower"},{"floor":43,"key":"The Specimen"},{"floor":44,"key":"Bronze Scales"},{"floor":47,"key":"Regal Pillow"}],"event_choices":[{"cards_removed":["conspire:DoublingDagger"],"damage_healed":0,"gold_gain":0,"player_choice":"Gave Card","damage_taken":0,"relics_obtained":["Bag of Preparation"],"max_hp_gain":0,"max_hp_loss":0,"event_name":"WeMeetAgain","floor":2,"gold_loss":0},{"damage_healed":0,"gold_gain":0,"player_choice":"Box","damage_taken":0,"relics_obtained":["Divine Protection"],"max_hp_gain":0,"max_hp_loss":0,"event_name":"Big Fish","floor":12,"gold_loss":0,"cards_obtained":["Regret"]},{"cards_removed":["Dodge and Roll"],"damage_healed":0,"gold_gain":0,"player_choice":"Gave Gold","damage_taken":0,"max_hp_gain":0,"max_hp_loss":0,"event_name":"Beggar","floor":21,"gold_loss":75}],"is_beta":false,"boss_relics":[{"not_picked":["ReplayTheSpireMod:SealedPack","Runic Dome"],"picked":"aspiration:IroncladSkillbook"},{"not_picked":["vexMod:DeviousBotling","Velvet Choker"],"picked":"aspiration:FutureDiary"}],"items_purged_floors":[],"is_endless":false,"potions_floor_spawned":[5,6,13,19,25,27,33,36,39,42,48],"killed_by":"conspire:OrnateMirror","ascension_level":1}}