{"host":"mai03x2ekbjy4059","time":1610658064,"event":{"mods":["2.2 Compatiblity","BaseMod","DeckTracker","Highlight Path","Keyboard Shortcuts","Minty Spire (QoL Compilation)","Permanent Neow","Quick Restart","SuperFastMode","everything is the same but u backflip on backflip"],"gold_per_floor":[20,34,51,71,89,114,132,132,180,205,238,238,295,321,321,426,426,438,438,458,477,230,256,256,281,281,294,41,74,91,191,191,287,287,305,9,0,19,19,51,51,80,80,80,114,131,131,166,166,166,166,166,11,41,41],"floor_reached":56,"language":"KOR","playtime":1923,"items_purged":["Defend_G","Strike_G","Strike_G"],"score":1676,"play_id":"d7e0e452-2dcd-49e9-9b14-a6e4b3bece9e","local_time":"20210115060104","is_ascension_mode":true,"campfire_choices":[{"data":"Blade Dance","floor":12.0,"key":"SMITH"},{"data":"Cloak And Dagger","floor":15.0,"key":"SMITH"},{"data":"Cloak And Dagger","floor":24.0,"key":"SMITH"},{"data":"After Image","floor":32.0,"key":"SMITH"},{"data":"Finisher","floor":44,"key":"SMITH"},{"floor":47,"key":"DIG"},{"floor":49,"key":"RECALL"},{"floor":52,"key":"DIG"}],"circlet_count":0,"master_deck":["Strike_G","Strike_G","Defend_G","Defend_G+1","Defend_G","Survivor","Neutralize","Heel Hook","Cloak And Dagger+1","Cloak And Dagger+1","Slice","Blade Dance+1","Blur+1","Blur","Masterful Stab","Finisher+1","Deflect+1","Cloak And Dagger+1","Backflip+1","Terror+1","Escape Plan+1","After Image+1","Deflect+1","Cloak And Dagger+1","Cloak And Dagger+1","Flash of Steel","Secret Weapon+1","Backflip+1","Blade Dance+1","Impatience+1","Deflect+1"],"relics":["Ring of the Snake","Ancient Tea Set","Singing Bowl","Pen Nib","Odd Mushroom","Vajra","Centennial Puzzle","Toxic Egg 2","Coffee Dripper","PreservedInsect","Ornamental Fan","Bag of Marbles","Incense Burner","Art of War","Shovel","The Courier","Philosopher\u0027s Stone","Shuriken","Red Mask","Toy Ornithopter","Mummified Hand","War Paint","Snake Skull","Sundial","Gremlin Horn","Membership Card","Anchor"],"acts_visited":["Exordium","TheCity","TheBeyond","TheEnding"],"potions_floor_usage":[45,55,55,55],"damage_taken":[{"damage":0.0,"enemies":"Cultist","floor":1.0,"turns":3.0},{"damage":0.0,"enemies":"2 Louse","floor":2.0,"turns":2.0},{"damage":0.0,"enemies":"Small Slimes","floor":3.0,"turns":3.0},{"damage":0.0,"enemies":"2 Fungi Beasts","floor":4.0,"turns":4.0},{"damage":0.0,"enemies":"Exordium Wildlife","floor":5.0,"turns":2.0},{"damage":16.0,"enemies":"Gremlin Nob","floor":6.0,"turns":4.0},{"damage":0.0,"enemies":"3 Louse","floor":7.0,"turns":3.0},{"damage":7.0,"enemies":"The Mushroom Lair","floor":10.0,"turns":4.0},{"damage":12.0,"enemies":"3 Sentries","floor":11.0,"turns":9.0},{"damage":0.0,"enemies":"3 Sentries","floor":13.0,"turns":6.0},{"damage":9.0,"enemies":"Lagavulin","floor":14.0,"turns":4.0},{"damage":2.0,"enemies":"Slime Boss","floor":16.0,"turns":10.0},{"damage":0.0,"enemies":"Spheric Guardian","floor":18.0,"turns":3.0},{"damage":1.0,"enemies":"3 Byrds","floor":20.0,"turns":3.0},{"damage":0.0,"enemies":"Centurion and Healer","floor":21.0,"turns":4.0},{"damage":1.0,"enemies":"Slavers","floor":23.0,"turns":2.0},{"damage":9.0,"enemies":"Gremlin Leader","floor":25.0,"turns":3.0},{"damage":0.0,"enemies":"Cultist and Chosen","floor":27.0,"turns":5.0},{"damage":0.0,"enemies":"Slavers","floor":29.0,"turns":3.0},{"damage":0.0,"enemies":"Snake Plant","floor":30.0,"turns":1.0},{"damage":0.0,"enemies":"Colosseum Slavers","floor":31.0,"turns":8.0},{"damage":0.0,"enemies":"Colosseum Nobs","floor":31.0,"turns":2.0},{"damage":2.0,"enemies":"Collector","floor":33.0,"turns":8.0},{"damage":0.0,"enemies":"Orb Walker","floor":35.0,"turns":2.0},{"damage":0.0,"enemies":"3 Darklings","floor":38.0,"turns":3.0},{"damage":0.0,"enemies":"Reptomancer","floor":40.0,"turns":2.0},{"damage":0.0,"enemies":"Nemesis","floor":42.0,"turns":1.0},{"damage":0,"enemies":"Reptomancer","floor":45,"turns":3},{"damage":0,"enemies":"4 Shapes","floor":46,"turns":3},{"damage":0,"enemies":"Nemesis","floor":48,"turns":3},{"damage":30,"enemies":"Time Eater","floor":50,"turns":10},{"damage":0,"enemies":"Shield and Spear","floor":54,"turns":3},{"damage":11,"enemies":"The Heart","floor":55,"turns":7}],"seed_played":"4176747650236169662","potions_obtained":[{"floor":1.0,"key":"Regen Potion"},{"floor":2.0,"key":"Regen Potion"},{"floor":5.0,"key":"Weak Potion"},{"floor":16.0,"key":"Fire Potion"},{"floor":20.0,"key":"FearPotion"},{"floor":21.0,"key":"Strength Potion"},{"floor":23.0,"key":"Block Potion"},{"floor":25.0,"key":"Fire Potion"},{"floor":38.0,"key":"Dexterity Potion"},{"floor":42.0,"key":"Block Potion"},{"floor":45,"key":"Fruit Juice"},{"floor":54,"key":"Block Potion"}],"is_trial":false,"path_per_floor":["M","M","M","M","M","E","M","T","T","?","E","R","?","E","R","B",null,"M","?","M","M","$","E","R","E","T","M","$","E","M","?","R","B",null,"M","$","?","M","$","E","?","E","T","R","E","M","R","E","R","B",null,"R","$","E","B",null],"character_chosen":"THE_SILENT","items_purchased":["PreservedInsect","Cloak And Dagger+1","Terror+1","Escape Plan+1","Shuriken","Membership Card","Impatience+1"],"campfire_rested":0,"item_purchase_floors":[22,22,28,28,36,53,53],"current_hp_per_floor":[70,70,70,70,70,54,54,54,54,49,54,54,69,62,62,62,78,78,78,79,79,79,78,78,71,71,73,73,73,73,73,73,73,86,88,88,88,90,90,90,82,84,84,84,94,96,96,96,96,66,101,101,101,101,90],"gold":41,"neow_bonus":"TRANSFORM_TWO_CARDS","is_daily":false,"chose_seed":false,"campfire_upgraded":5,"win_rate":0.0,"timestamp":1610658064,"path_taken":["M","M","?","M","M","E","M","?","T","?","E","R","?","E","R","BOSS","M","?","?","M","$","E","R","E","T","M","$","E","M","?","R","BOSS","M","$","?","M","$","E","?","E","T","R","E","M","R","E","R","BOSS","R","$","E","BOSS"],"items_purchased_type":["Relic","Card","Card","Card","Relic","Relic","Card"],"build_version":"2020-12-22","purchased_purges":3,"victory":true,"max_hp_per_floor":[70,70,70,70,70,70,70,70,70,72,74,74,74,76,76,78,78,78,78,80,80,80,80,80,82,82,84,84,84,84,84,84,86,86,88,88,88,90,90,90,92,94,94,94,99,101,101,101,101,101,101,101,101,101,101],"card_choices":[{"not_picked":["Deflect","Riddle With Holes","Bane"],"picked":"SKIP","floor":1.0},{"not_picked":["Infinite Blades","Dagger Throw"],"picked":"Cloak And Dagger","floor":2.0},{"not_picked":["Outmaneuver","PiercingWail"],"picked":"Cloak And Dagger","floor":3.0},{"not_picked":["Deadly Poison","Sucker Punch"],"picked":"Slice","floor":4.0},{"not_picked":["Poisoned Stab","PiercingWail"],"picked":"Blade Dance","floor":5.0},{"not_picked":["Finisher","Deadly Poison"],"picked":"Blur","floor":6.0},{"not_picked":["Backflip","Heel Hook"],"picked":"Blur","floor":7.0},{"not_picked":["Acrobatics","Deadly Poison","Quick Slash"],"picked":"Singing Bowl","floor":10.0},{"not_picked":["Glass Knife","Underhanded Strike","Heel Hook"],"picked":"Singing Bowl","floor":11.0},{"not_picked":["Well Laid Plans","Prepared"],"picked":"Masterful Stab","floor":13.0},{"not_picked":["Predator","Well Laid Plans","Dagger Spray"],"picked":"Singing Bowl","floor":14.0},{"not_picked":["Wraith Form v2","Bullet Time+1","Corpse Explosion+1"],"picked":"Singing Bowl","floor":16.0},{"not_picked":["Calculated Gamble+1","Noxious Fumes"],"picked":"Finisher","floor":18.0},{"not_picked":["Dash","Eviscerate","Slice+1"],"picked":"Singing Bowl","floor":20.0},{"not_picked":["Reflex+1","Poisoned Stab"],"picked":"Deflect+1","floor":21.0},{"not_picked":["Bouncing Flask+1","Crippling Poison+1"],"picked":"Backflip+1","floor":23.0},{"not_picked":["Quick Slash","Slice","Dagger Throw"],"picked":"Singing Bowl","floor":25.0},{"not_picked":["Slice","PiercingWail+1","Flying Knee+1"],"picked":"Singing Bowl","floor":27.0},{"not_picked":["Prepared+1","Outmaneuver+1"],"picked":"After Image","floor":29.0},{"not_picked":["Acrobatics+1","Flying Knee"],"picked":"Deflect+1","floor":30.0},{"not_picked":["Terror+1","Poisoned Stab"],"picked":"Cloak And Dagger+1","floor":31.0},{"not_picked":["Unload","Glass Knife","Burst+1"],"picked":"Singing Bowl","floor":33.0},{"not_picked":["Sucker Punch+1","Dagger Throw+1","Bane"],"picked":"Singing Bowl","floor":35.0},{"not_picked":["Poisoned Stab+1","All Out Attack","Quick Slash"],"picked":"Singing Bowl","floor":38.0},{"not_picked":["Poisoned Stab+1","Outmaneuver+1"],"picked":"Cloak And Dagger+1","floor":40.0},{"not_picked":["Deep Breath+1","Madness+1","Bandage Up+1"],"picked":"Singing Bowl","floor":41.0},{"not_picked":["Metamorphosis+1","Blind+1"],"picked":"Flash of Steel","floor":41.0},{"not_picked":["PanicButton+1","Violence+1"],"picked":"Secret Weapon+1","floor":41.0},{"not_picked":["Dagger Spray+1","Slice","Dash"],"picked":"Singing Bowl","floor":42.0},{"not_picked":["Leg Sweep+1","Endless Agony+1"],"picked":"Backflip+1","floor":45},{"not_picked":["Finisher","Sucker Punch+1","Reflex+1"],"picked":"Singing Bowl","floor":46},{"not_picked":["Dagger Throw+1","Slice"],"picked":"Blade Dance+1","floor":48},{"not_picked":["Heel Hook","Underhanded Strike+1"],"picked":"Deflect+1","floor":54}],"player_experience":998664,"relics_obtained":[{"floor":6.0,"key":"Ancient Tea Set"},{"floor":8.0,"key":"Singing Bowl"},{"floor":9.0,"key":"Pen Nib"},{"floor":10.0,"key":"Odd Mushroom"},{"floor":11.0,"key":"Vajra"},{"floor":13.0,"key":"Centennial Puzzle"},{"floor":14.0,"key":"Toxic Egg 2"},{"floor":23.0,"key":"Ornamental Fan"},{"floor":25.0,"key":"Bag of Marbles"},{"floor":26.0,"key":"Incense Burner"},{"floor":29.0,"key":"Art of War"},{"floor":31.0,"key":"Shovel"},{"floor":31.0,"key":"The Courier"},{"floor":40.0,"key":"Toy Ornithopter"},{"floor":42.0,"key":"Mummified Hand"},{"floor":45,"key":"War Paint"},{"floor":47,"key":"Snake Skull"},{"floor":48,"key":"Sundial"},{"floor":52,"key":"Gremlin Horn"},{"floor":54,"key":"Anchor"}],"event_choices":[{"damage_healed":0.0,"max_hp_gain":0.0,"max_hp_loss":0.0,"gold_gain":0.0,"event_name":"Mushrooms","player_choice":"Fought Mushrooms","floor":10.0,"gold_loss":0.0,"damage_taken":0.0},{"damage_healed":0.0,"max_hp_gain":0.0,"max_hp_loss":0.0,"gold_gain":0.0,"event_name":"Dead Adventurer","player_choice":"Searched \u00271\u0027 times","floor":13.0,"gold_loss":0.0,"damage_taken":0.0},{"cards_removed":["Underhanded Strike"],"damage_healed":0.0,"max_hp_gain":0.0,"max_hp_loss":0.0,"gold_gain":0.0,"event_name":"Purifier","player_choice":"Purged","floor":19.0,"gold_loss":0.0,"damage_taken":0.0},{"damage_healed":0.0,"max_hp_gain":0.0,"max_hp_loss":0.0,"gold_gain":0.0,"event_name":"Colosseum","player_choice":"Fight","floor":31.0,"gold_loss":0.0,"damage_taken":0.0},{"damage_healed":0.0,"max_hp_gain":0.0,"max_hp_loss":0.0,"gold_gain":0.0,"event_name":"Colosseum","player_choice":"Fought Nobs","floor":31.0,"gold_loss":0.0,"damage_taken":0.0},{"damage_healed":0.0,"max_hp_gain":0.0,"max_hp_loss":0.0,"gold_gain":0.0,"event_name":"Tomb of Lord Red Mask","player_choice":"Paid","floor":37.0,"gold_loss":9.0,"damage_taken":0.0,"relics_obtained":["Red Mask"]},{"damage_healed":0.0,"max_hp_gain":0.0,"max_hp_loss":0.0,"gold_gain":0.0,"event_name":"SensoryStone","player_choice":"Memory 3","floor":41.0,"gold_loss":0.0,"damage_taken":10.0}],"is_beta":false,"boss_relics":[{"not_picked":["Ectoplasm","Busted Crown"],"picked":"Coffee Dripper"},{"not_picked":["Velvet Choker","Sozu"],"picked":"Philosopher\u0027s Stone"}],"items_purged_floors":[22,28,36],"is_endless":false,"potions_floor_spawned":[1,2,5,16,20,21,23,25,31,38,42,45,54],"ascension_level":1}}