{"host":"91ruqvp7hiryodqd","time":1610618148,"event":{"mods":["AchievementEnabler","BaseMod","Colored Map","Colored Powertips","Filter the Spire","Minty Spire (QoL Compilation)","Relic Stats","StSLib"],"gold_per_floor":[115,190,33,33,33,65,82,82,82,92,106,126,226,257,257,362,362,373,391,403,419,435,435,435,435],"floor_reached":24,"language":"ENG","playtime":1215,"items_purged":[],"score":221,"play_id":"ccecf1bd-0f91-4936-8365-077eca78995e","local_time":"20210114165548","is_ascension_mode":true,"campfire_choices":[{"floor":8,"key":"REST"},{"floor":15,"key":"REST"},{"data":"Distraction","floor":23,"key":"SMITH"}],"circlet_count":0,"master_deck":["Strike_G","Strike_G","Strike_G","Strike_G","Strike_G","Defend_G","Defend_G","Defend_G","Defend_G","Defend_G","Survivor","Neutralize","Footwork","Distraction","Outmaneuver","Bane","PiercingWail","Sucker Punch","Distraction+1","Adrenaline","Deadly Poison+1","Caltrops","Storm of Steel","Bane+1"],"relics":["Black Star","TwistedFunnel","Orichalcum","Letter Opener","Unceasing Top","Paper Crane","Boot","Tiny Chest","Runic Pyramid"],"acts_visited":["Exordium","TheCity"],"potions_floor_usage":[6,14,16,16,19,21,21,22],"damage_taken":[{"damage":2,"enemies":"2 Louse","floor":1,"turns":3},{"damage":27,"enemies":"Lagavulin","floor":6,"turns":10},{"damage":1,"enemies":"Cultist","floor":7,"turns":4},{"damage":0,"enemies":"Jaw Worm","floor":10,"turns":5},{"damage":8,"enemies":"3 Louse","floor":11,"turns":2},{"damage":0,"enemies":"2 Fungi Beasts","floor":12,"turns":4},{"damage":16,"enemies":"3 Sentries","floor":14,"turns":12},{"damage":36,"enemies":"Hexaghost","floor":16,"turns":12},{"damage":10,"enemies":"Spheric Guardian","floor":18,"turns":4},{"damage":0,"enemies":"Chosen","floor":19,"turns":4},{"damage":21,"enemies":"Centurion and Healer","floor":20,"turns":9},{"damage":12,"enemies":"Snecko","floor":21,"turns":5},{"damage":6,"enemies":"Snake Plant","floor":22,"turns":3},{"damage":36,"enemies":"Slavers","floor":24,"turns":2}],"seed_played":"-7850728925940880664","potions_obtained":[{"floor":1,"key":"Fire Potion"},{"floor":7,"key":"Swift Potion"},{"floor":11,"key":"Poison Potion"},{"floor":12,"key":"EssenceOfSteel"},{"floor":16,"key":"Regen Potion"},{"floor":19,"key":"GamblersBrew"},{"floor":20,"key":"LiquidMemories"},{"floor":21,"key":"Fire Potion"}],"is_trial":false,"path_per_floor":["M","?","$","?","?","E","M","R","T","M","M","M","?","E","R","B",null,"M","M","M","M","M","R","E"],"character_chosen":"THE_SILENT","items_purchased":["TwistedFunnel"],"campfire_rested":2,"item_purchase_floors":[3],"current_hp_per_floor":[68,57,57,50,55,28,27,49,49,49,41,41,41,25,47,11,75,65,75,54,42,36,36,0,0],"gold":435,"neow_bonus":"BOSS_RELIC","is_daily":false,"chose_seed":false,"campfire_upgraded":1,"win_rate":0.0,"timestamp":1610618148,"path_taken":["M","?","$","?","?","E","M","R","T","M","M","M","?","E","R","BOSS","M","M","M","M","M","R","E"],"items_purchased_type":["Relic"],"build_version":"2020-12-22","purchased_purges":0,"victory":false,"max_hp_per_floor":[70,70,70,70,75,75,75,75,75,75,75,75,75,75,75,75,75,75,75,75,75,75,75,75,75],"relic_stats":{"counters":[14,79],"Tiny Chest":0,"Black Star":2,"Letter Opener":[103],"Orichalcum":[162],"Boot":[28],"obtain_stats":[{"TwistedFunnel":3,"Tiny Chest":14,"Black Star":0,"Letter Opener":6,"Orichalcum":4,"Paper Crane":9,"Boot":14,"Unceasing Top":6,"Ring of the Snake":0,"Runic Pyramid":17},{"TwistedFunnel":1,"Tiny Chest":7,"Black Star":0,"Letter Opener":2,"Orichalcum":1,"Paper Crane":3,"Boot":7,"Unceasing Top":2,"Ring of the Snake":0,"Runic Pyramid":8},{"TwistedFunnel":3,"Tiny Chest":40,"Black Star":0,"Letter Opener":13,"Orichalcum":3,"Paper Crane":17,"Boot":40,"Unceasing Top":13,"Ring of the Snake":0,"Runic Pyramid":52}],"Unceasing Top":[5]},"card_choices":[{"not_picked":["Dagger Throw","Poisoned Stab"],"picked":"Footwork","floor":1},{"not_picked":["Setup","Infinite Blades"],"picked":"Distraction","floor":6},{"not_picked":["Dash","Masterful Stab"],"picked":"Outmaneuver","floor":7},{"not_picked":["Backstab","Backflip"],"picked":"Bane","floor":10},{"not_picked":["Acrobatics","Slice"],"picked":"PiercingWail","floor":11},{"not_picked":["Accuracy","Cloak And Dagger"],"picked":"Sucker Punch","floor":12},{"not_picked":["Backstab","Endless Agony"],"picked":"Distraction","floor":14},{"not_picked":["Die Die Die","Tools of the Trade"],"picked":"Adrenaline","floor":16},{"not_picked":["Slice+1","Acrobatics"],"picked":"Deadly Poison+1","floor":18},{"not_picked":["Flying Knee+1","Accuracy+1"],"picked":"Caltrops","floor":19},{"not_picked":["Prepared","Bane","Escape Plan"],"picked":"SKIP","floor":20},{"not_picked":["Sucker Punch+1","Finisher"],"picked":"Storm of Steel","floor":21},{"not_picked":["Setup","Sucker Punch"],"picked":"Bane+1","floor":22}],"player_experience":64131,"relics_obtained":[{"floor":6,"key":"Letter Opener"},{"floor":6,"key":"Unceasing Top"},{"floor":9,"key":"Paper Crane"},{"floor":14,"key":"Boot"},{"floor":14,"key":"Tiny Chest"}],"event_choices":[{"damage_healed":0,"gold_gain":75,"player_choice":"Gather Gold","damage_taken":11,"max_hp_gain":0,"max_hp_loss":0,"event_name":"World of Goop","floor":2,"gold_loss":0},{"damage_healed":0,"gold_gain":0,"player_choice":"Success","damage_taken":7,"relics_obtained":["Orichalcum"],"max_hp_gain":0,"max_hp_loss":0,"event_name":"Scrap Ooze","floor":4,"gold_loss":0},{"damage_healed":0,"gold_gain":0,"player_choice":"Donut","damage_taken":0,"max_hp_gain":5,"max_hp_loss":0,"event_name":"Big Fish","floor":5,"gold_loss":0},{"damage_healed":0,"gold_gain":100,"player_choice":"Pray","damage_taken":0,"max_hp_gain":0,"max_hp_loss":0,"event_name":"Golden Shrine","floor":13,"gold_loss":0}],"is_beta":false,"boss_relics":[{"not_picked":["Philosopher\u0027s Stone","Ectoplasm"],"picked":"Runic Pyramid"}],"items_purged_floors":[],"is_endless":false,"potions_floor_spawned":[1,7,11,12,16,19,20,21],"killed_by":"Slavers","ascension_level":1}}