{"host":"udzsrhbqdxqtlypj","time":1610654188,"event":{"mods":["BaseMod","Minty Spire (QoL Compilation)","Relic Stats"],"gold_per_floor":[116,131,108,108,58,72,22,33,33,62,80,114,125,150,150,249,549,567,567,150,150,167,167,193,210,210,210,245,245,262,276,276,376,376,389,389,5,5,17,17,47,47,93,93,108,120,147,158,158,158,158],"floor_reached":50,"language":"ENG","playtime":3439,"items_purged":[],"score":959,"play_id":"b1c8d042-fea6-42b2-b947-874d4c5258e5","local_time":"20210114135628","is_ascension_mode":true,"campfire_choices":[{"data":"Armaments","floor":15,"key":"SMITH"},{"data":"Combust","floor":23,"key":"SMITH"},{"data":"Battle Trance","floor":27,"key":"SMITH"},{"data":"Battle Trance","floor":29,"key":"SMITH"},{"data":"Brutality","floor":32,"key":"SMITH"},{"data":"Berserk","floor":40,"key":"SMITH"},{"data":"Finesse","floor":42,"key":"SMITH"},{"data":"Perfected Strike","floor":44,"key":"SMITH"},{"floor":49,"key":"RECALL"}],"circlet_count":0,"master_deck":["AscendersBane","Strike_R","Strike_R","Strike_R","Defend_R","Defend_R","Defend_R","Defend_R","Bash","Perfected Strike","Perfected Strike","Pommel Strike","Thunderclap","Strike_G","Perfected Strike+1","Armaments+1","Wild Strike","Battle Trance+1","Anger","Combust+1","Shrug It Off","CurseOfTheBell","Battle Trance+1","Headbutt+1","RitualDagger+1","Shockwave","Shockwave+1","Perfected Strike+1","Iron Wave+1","Perfected Strike+1","Brutality+1","Berserk+1","Armaments+1","Finesse+1","Iron Wave+1","Parasite","Anger+1","Perfected Strike+1","Infernal Blade+1","Exhume","Body Slam+1"],"relics":["Black Blood","Pear","Kunai","TungstenRod","Lantern","Calling Bell","Bag of Marbles","Pantograph","Old Coin","Toy Ornithopter","ClockworkSouvenir","Molten Egg 2","Anchor","Bronze Scales","Eternal Feather","HornCleat","StoneCalendar","Question Card"],"acts_visited":["Exordium","TheCity","TheBeyond"],"potions_floor_usage":[12,18,24,25,33,38,41,50,50,50],"damage_taken":[{"damage":7.0,"enemies":"Jaw Worm","floor":1.0,"turns":3.0},{"damage":1.0,"enemies":"Cultist","floor":2.0,"turns":3.0},{"damage":4.0,"enemies":"Small Slimes","floor":6.0,"turns":2.0},{"damage":3,"enemies":"Blue Slaver","floor":8,"turns":3},{"damage":20,"enemies":"Lagavulin","floor":10,"turns":6},{"damage":18,"enemies":"Exordium Thugs","floor":11,"turns":3},{"damage":8,"enemies":"Gremlin Nob","floor":12,"turns":3},{"damage":0,"enemies":"Large Slime","floor":13,"turns":4},{"damage":13,"enemies":"3 Sentries","floor":14,"turns":4},{"damage":14,"enemies":"Slime Boss","floor":16,"turns":8},{"damage":5,"enemies":"Spheric Guardian","floor":18,"turns":3},{"damage":6,"enemies":"3 Byrds","floor":22,"turns":5},{"damage":30,"enemies":"Slavers","floor":24,"turns":4},{"damage":10,"enemies":"Shelled Parasite and Fungi","floor":25,"turns":4},{"damage":17,"enemies":"Book of Stabbing","floor":28,"turns":4},{"damage":0,"enemies":"3 Cultists","floor":30,"turns":4},{"damage":1,"enemies":"Cultist and Chosen","floor":31,"turns":4},{"damage":83,"enemies":"Automaton","floor":33,"turns":12},{"damage":3,"enemies":"3 Shapes","floor":35,"turns":5},{"damage":0,"enemies":"3 Darklings","floor":38,"turns":2},{"damage":43,"enemies":"Writhing Mass","floor":39,"turns":8},{"damage":61,"enemies":"Giant Head","floor":41,"turns":7},{"damage":7,"enemies":"4 Shapes","floor":45,"turns":4},{"damage":0,"enemies":"Jaw Worm Horde","floor":46,"turns":3},{"damage":33,"enemies":"Nemesis","floor":47,"turns":7},{"damage":12,"enemies":"Sphere and 2 Shapes","floor":48,"turns":4},{"damage":113,"enemies":"Awakened One","floor":50,"turns":11}],"seed_played":"5801228906653803927","potions_obtained":[{"floor":10,"key":"Energy Potion"},{"floor":11,"key":"Energy Potion"},{"floor":14,"key":"DuplicationPotion"},{"floor":16,"key":"PowerPotion"},{"floor":22,"key":"SmokeBomb"},{"floor":30,"key":"Fire Potion"},{"floor":31,"key":"Fire Potion"},{"floor":39,"key":"LiquidMemories"},{"floor":45,"key":"Strength Potion"},{"floor":47,"key":"ColorlessPotion"}],"is_trial":false,"path_per_floor":["M","M","$","?","$","M","?","M","T","E","M","E","M","E","R","B",null,"M","?","$","?","M","R","E","M","T","R","E","R","M","M","R","B",null,"M","?","$","M","M","R","E","R","T","R","M","M","E","M","R","B"],"character_chosen":"IRONCLAD","items_purchased":["Thunderclap","Perfected Strike","ClockworkSouvenir","Molten Egg 2","Headbutt+1","HornCleat","Finesse","Iron Wave+1"],"campfire_rested":0,"item_purchase_floors":[3,5,20,20,20,37,37,37],"current_hp_per_floor":[71,76,76,76,76,78,78,80,90,76,64,62,68,61,61,53,81,82,82,82,77,77,77,58,59,59,59,48,66,72,77,90,18,72,81,100,100,100,69,90,46,67,67,88,93,100,79,79,100,0,0],"gold":158,"neow_bonus":"THREE_CARDS","is_daily":false,"chose_seed":false,"campfire_upgraded":8,"win_rate":0.0,"timestamp":1610654188,"path_taken":["M","M","$","?","?","M","?","?","T","E","M","E","M","E","R","BOSS","M","?","$","?","M","R","E","M","T","R","E","R","M","M","R","BOSS","M","?","$","M","M","R","E","R","T","R","M","M","E","M","R","BOSS"],"items_purchased_type":["Card","Card","Relic","Relic","Card","Relic","Card","Card"],"build_version":"2020-12-22","purchased_purges":0,"victory":false,"max_hp_per_floor":[80,80,80,80,80,80,80,80,90,90,90,90,90,90,90,90,90,90,90,90,90,90,90,90,90,90,90,90,90,90,90,90,90,90,90,100,100,100,100,100,100,100,100,100,100,100,100,100,100,100,100],"relic_stats":{"counters":[27,130],"Pantograph":0,"Bronze Scales":[191],"Black Blood":186,"Eternal Feather":115,"StoneCalendar":[61],"Kunai":[29],"Question Card":1,"obtain_stats":[{"Lantern":14,"Pear":9,"Black Blood":34,"Eternal Feather":28,"StoneCalendar":41,"Question Card":47,"Burning Blood":0,"Old Coin":17,"ClockworkSouvenir":20,"Calling Bell":17,"Anchor":24,"HornCleat":37,"Pantograph":17,"Bronze Scales":26,"Molten Egg 2":20,"Bag of Marbles":17,"Kunai":10,"TungstenRod":12,"Toy Ornithopter":19},{"Lantern":9,"Pear":4,"Black Blood":18,"Eternal Feather":15,"StoneCalendar":22,"Question Card":25,"Burning Blood":0,"Old Coin":10,"ClockworkSouvenir":11,"Calling Bell":10,"Anchor":13,"HornCleat":19,"Pantograph":10,"Bronze Scales":14,"Molten Egg 2":11,"Bag of Marbles":10,"Kunai":5,"TungstenRod":7,"Toy Ornithopter":11},{"Lantern":31,"Pear":11,"Black Blood":79,"Eternal Feather":59,"StoneCalendar":101,"Question Card":115,"Burning Blood":0,"Old Coin":39,"ClockworkSouvenir":42,"Calling Bell":39,"Anchor":51,"HornCleat":84,"Pantograph":39,"Bronze Scales":55,"Molten Egg 2":42,"Bag of Marbles":39,"Kunai":17,"TungstenRod":23,"Toy Ornithopter":42}],"TungstenRod":170,"Toy Ornithopter":30},"card_choices":[{"not_picked":["Bloodletting","Sever Soul"],"picked":"Perfected Strike","floor":0.0},{"not_picked":["Shrug It Off","Flex"],"picked":"Perfected Strike","floor":1.0},{"not_picked":["Double Tap","Wild Strike"],"picked":"Pommel Strike","floor":2.0},{"not_picked":["Flame Barrier","Blood for Blood"],"picked":"Armaments","floor":6.0},{"not_picked":["Limit Break","Cleave"],"picked":"Wild Strike","floor":8},{"not_picked":["Wild Strike","Sentinel"],"picked":"Battle Trance","floor":10},{"not_picked":["Second Wind","Flex"],"picked":"Anger","floor":11},{"not_picked":["Pommel Strike","Seeing Red"],"picked":"Combust","floor":12},{"not_picked":["Anger","Searing Blow","Warcry"],"picked":"SKIP","floor":13},{"not_picked":["Second Wind","Combust"],"picked":"Shrug It Off","floor":14},{"not_picked":["Limit Break","Barricade"],"picked":"Juggernaut","floor":16},{"not_picked":["True Grit","Warcry"],"picked":"Battle Trance","floor":18},{"not_picked":["True Grit","Headbutt+1"],"picked":"Shockwave","floor":22},{"not_picked":["Carnage+1","Reckless Charge+1"],"picked":"Shockwave+1","floor":24},{"not_picked":["Headbutt+1","True Grit+1"],"picked":"Perfected Strike+1","floor":25},{"not_picked":["Cleave+1","Heavy Blade+1"],"picked":"Iron Wave+1","floor":28},{"not_picked":["Sword Boomerang+1","Warcry"],"picked":"Perfected Strike+1","floor":30},{"not_picked":["Headbutt+1","Spot Weakness"],"picked":"Brutality","floor":31},{"not_picked":["Bludgeon+1","Demon Form"],"picked":"Berserk","floor":33},{"not_picked":["Perfected Strike+1","Heavy Blade+1"],"picked":"Armaments+1","floor":35},{"not_picked":["Heavy Blade+1","Thunderclap+1"],"picked":"Anger+1","floor":39},{"not_picked":["Iron Wave+1","Infernal Blade","Wild Strike+1"],"picked":"SKIP","floor":41},{"not_picked":["Whirlwind+1","Wild Strike+1"],"picked":"Perfected Strike+1","floor":45},{"not_picked":["Thunderclap+1","Havoc"],"picked":"Infernal Blade+1","floor":46},{"not_picked":["Heavy Blade+1","Whirlwind+1"],"picked":"Exhume","floor":47},{"not_picked":["Inflame+1","Spot Weakness+1","Ghostly Armor"],"picked":"Body Slam+1","floor":48}],"player_experience":2796023,"relics_obtained":[{"floor":9,"key":"Pear"},{"floor":10,"key":"Kunai"},{"floor":12,"key":"TungstenRod"},{"floor":14,"key":"Lantern"},{"floor":17,"key":"Bag of Marbles"},{"floor":17,"key":"Pantograph"},{"floor":17,"key":"Old Coin"},{"floor":24,"key":"Anchor"},{"floor":26,"key":"Bronze Scales"},{"floor":28,"key":"Eternal Feather"},{"floor":41,"key":"StoneCalendar"},{"floor":47,"key":"Question Card"}],"event_choices":[{"cards_removed":["Strike_R"],"damage_healed":0.0,"max_hp_gain":0.0,"max_hp_loss":0.0,"gold_gain":0.0,"event_name":"NoteForYourself","player_choice":"Took Card","floor":4.0,"gold_loss":0.0,"damage_taken":0.0,"cards_obtained":["Strike_G"]},{"cards_removed":["Strike_R"],"damage_healed":0.0,"max_hp_gain":0.0,"max_hp_loss":0.0,"gold_gain":0.0,"event_name":"The Cleric","player_choice":"Card Removal","floor":7.0,"gold_loss":50.0,"damage_taken":0.0},{"damage_healed":0,"gold_gain":0,"player_choice":"Opened","damage_taken":0,"relics_obtained":["Toy Ornithopter"],"max_hp_gain":0,"max_hp_loss":0,"event_name":"The Mausoleum","floor":19,"gold_loss":0},{"damage_healed":0,"gold_gain":0,"player_choice":"Joined the Cult","damage_taken":6,"max_hp_gain":0,"max_hp_loss":0,"event_name":"Nest","floor":21,"gold_loss":0,"cards_obtained":["RitualDagger"]},{"cards_removed":["Juggernaut"],"damage_healed":9,"gold_gain":0,"player_choice":"Offered Rare","damage_taken":0,"max_hp_gain":10,"max_hp_loss":0,"event_name":"Bonfire Elementals","floor":36,"gold_loss":0}],"is_beta":false,"boss_relics":[{"not_picked":["Mark of Pain","Pandora\u0027s Box"],"picked":"Calling Bell"},{"not_picked":["Runic Cube","Coffee Dripper"],"picked":"Black Blood"}],"items_purged_floors":[],"is_endless":false,"potions_floor_spawned":[10,11,14,16,22,30,31,39,45,47],"killed_by":"Awakened One","ascension_level":10}}