{"host":"21h5e52imz35vo8g","time":1610613733,"event":{"mods":["AchievementEnabler","BaseMod","Colored Map","Colored Powertips","Googly Eyes","Minty Spire (QoL Compilation)","Quick Restart","Rare Cards Sparkle","StSLib"],"gold_per_floor":[112,112,37,55,75,75,119,19,67,82,95,95,95,109,109,109,109],"floor_reached":16,"language":"ZHS","playtime":403,"items_purged":["Strike_B","Strike_B"],"score":107,"play_id":"2d883b0a-fd28-4d49-bb76-748c0ce3919c","local_time":"20210114164213","is_ascension_mode":true,"campfire_choices":[{"data":"Sweeping Beam","floor":6,"key":"SMITH"},{"floor":15,"key":"REST"}],"circlet_count":0,"master_deck":["Strike_B","Defend_B","Defend_B","Defend_B","Defend_B","Gash","Sweeping Beam+1","Streamline","Rebound","Skim","Hologram"],"relics":["Cracked Core","Golden Idol","Tiny Chest","Strawberry","Kunai"],"acts_visited":["Exordium"],"potions_floor_usage":[11,11,14],"damage_taken":[{"damage":1,"enemies":"Jaw Worm","floor":1,"turns":4},{"damage":5,"enemies":"Small Slimes","floor":4,"turns":4},{"damage":1,"enemies":"Cultist","floor":5,"turns":3},{"damage":25,"enemies":"Gremlin Nob","floor":7,"turns":4},{"damage":10,"enemies":"Looter","floor":10,"turns":2},{"damage":0,"enemies":"Exordium Wildlife","floor":11,"turns":1},{"damage":4,"enemies":"Gremlin Gang","floor":14,"turns":2},{"damage":28,"enemies":"Slime Boss","floor":16,"turns":7}],"seed_played":"-7005360836778214708","potions_obtained":[{"floor":1,"key":"DuplicationPotion"},{"floor":7,"key":"Strength Potion"},{"floor":11,"key":"SpeedPotion"}],"is_trial":false,"path_per_floor":["M","?","$","M","M","R","E","$","T","M","M","?","T","M","R","B"],"character_chosen":"DEFECT","items_purchased":[],"campfire_rested":1,"item_purchase_floors":[],"current_hp_per_floor":[67,50,50,45,44,44,19,19,26,16,16,9,9,5,27,0,0],"gold":109,"neow_bonus":"REMOVE_TWO","is_daily":false,"chose_seed":false,"campfire_upgraded":1,"win_rate":0.0,"timestamp":1610613733,"path_taken":["M","?","$","M","M","R","E","$","T","M","M","?","?","?","R","BOSS"],"items_purchased_type":[],"build_version":"2020-12-22","purchased_purges":2,"victory":false,"max_hp_per_floor":[68,68,68,68,68,68,68,68,75,75,75,75,75,75,75,75,75],"card_choices":[{"not_picked":["Darkness","Hologram"],"picked":"Gash","floor":1},{"not_picked":["Hello World","Storm"],"picked":"Sweeping Beam","floor":4},{"not_picked":["Coolheaded","Reinforced Body"],"picked":"Streamline","floor":5},{"not_picked":["Ball Lightning","Lockon"],"picked":"Rebound","floor":7},{"not_picked":["Gash","Tempest"],"picked":"Skim","floor":10},{"not_picked":["Redo","Beam Cell"],"picked":"Hologram","floor":11},{"not_picked":["Consume","Sweeping Beam","Cold Snap"],"picked":"SKIP","floor":14}],"player_experience":329509,"relics_obtained":[{"floor":7,"key":"Tiny Chest"},{"floor":9,"key":"Strawberry"},{"floor":13,"key":"Kunai"}],"event_choices":[{"damage_healed":0,"gold_gain":0,"player_choice":"Take Damage","damage_taken":17,"relics_obtained":["Golden Idol"],"max_hp_gain":0,"max_hp_loss":0,"event_name":"Golden Idol","floor":2,"gold_loss":0},{"cards_removed":["Strike_B"],"damage_healed":0,"gold_gain":0,"player_choice":"Card Removal","damage_taken":7,"max_hp_gain":0,"max_hp_loss":0,"event_name":"Golden Wing","floor":12,"gold_loss":0}],"is_beta":false,"boss_relics":[],"items_purged_floors":[3,8],"is_endless":false,"potions_floor_spawned":[1,7,11],"killed_by":"Slime Boss","ascension_level":1}}