{"host":"51fyd6gkml7xavq8","time":1610628329,"event":{"mods":["BaseMod","BetterRewards","Colored Map","Energized Spire","Infinite Spire","Minty Spire (QoL Compilation)","Replay The Spire","Shop Mod","Spicy Shops","StSLib","The Blue Laboratory","[IsaacMod]????"],"gold_per_floor":[109,159,171,171,182,182,33,59,59,59,79,96,113,140,140,240,240,251,266,5,24,39,39,64,64,64],"floor_reached":25,"language":"ENG","playtime":1251,"items_purged":["Dualcast","Strike_B"],"score":455,"play_id":"6e9f1c5a-a843-48ea-910f-935a08a8ddc2","local_time":"20210114094529","is_ascension_mode":true,"campfire_choices":[{"data":"Zap","floor":6.0,"key":"SMITH"},{"data":"Loop","floor":10.0,"key":"SMITH"},{"data":"Loop","floor":15.0,"key":"SMITH"},{"data":"ReplayTheSpireMod:Fabricate Wheel","floor":23,"key":"SMITH"}],"circlet_count":0,"master_deck":["Strike_B","Strike_B","Strike_B","Defend_B","Defend_B","Defend_B","Defend_B","Zap+1","Lockon","ReplayTheSpireMod:Calculation Training","Ball Lightning","Loop+1","Loop+1","Defragment","Defragment","Reboot"],"relics":["Cracked Core","HushsDoor","Leech","Anchor","MerchantsRug","Odd Mushroom","Kunai","GuppysHead","energizedSpire:CursedPentagram","Membership Card","Oddly Smooth Stone","Prayer Wheel","HornCleat"],"acts_visited":["Exordium","TheCity"],"potions_floor_usage":[16],"damage_taken":[{"damage":0.0,"enemies":"Small Slimes","floor":1.0,"turns":2.0},{"damage":0.0,"enemies":"Cultist","floor":3.0,"turns":3.0},{"damage":0.0,"enemies":"Jaw Worm","floor":5.0,"turns":2.0},{"damage":25.0,"enemies":"The Mushroom Lair","floor":8.0,"turns":3.0},{"damage":3.0,"enemies":"Exordium Thugs","floor":11.0,"turns":3.0},{"damage":0.0,"enemies":"Blue Slaver","floor":12.0,"turns":2.0},{"damage":0.0,"enemies":"3 Louse","floor":13.0,"turns":2.0},{"damage":0.0,"enemies":"Gremlin Nob","floor":14.0,"turns":2.0},{"damage":39,"enemies":"Fading Forest","floor":16,"turns":11},{"damage":13,"enemies":"3 Byrds","floor":18,"turns":3},{"damage":18,"enemies":"Shell Parasite","floor":19,"turns":4},{"damage":0,"enemies":"Chosen and Byrds","floor":21,"turns":3},{"damage":13,"enemies":"Centurion and Healer","floor":22,"turns":4},{"damage":31,"enemies":"Book of Stabbing","floor":24,"turns":4},{"damage":12,"enemies":"Cultist and Chosen","floor":25,"turns":3}],"seed_played":"-5986324900385287787","potions_obtained":[{"floor":1.0,"key":"blueLaboratory:AbyssPotion"},{"floor":5.0,"key":"blueLaboratory:BiasPotion"},{"floor":12.0,"key":"SkillPotion"},{"floor":16,"key":"blueLaboratory:Moonshine"},{"floor":24,"key":"blueLaboratory:CorrosionFlask"}],"is_trial":false,"path_per_floor":["M","?","M","?","M","R","$","?","T","R","M","M","M","E","R","B",null,"M","M","$","M","M","R","E","M"],"character_chosen":"DEFECT","items_purchased":["MerchantsRug","Loop","Membership Card","Oddly Smooth Stone","Defragment"],"campfire_rested":0,"item_purchase_floors":[7,7,20,20,20],"current_hp_per_floor":[70,55,57,57,59,59,59,37,37,37,36,38,40,42,42,33,65,55,40,40,43,34,34,6,0,0],"gold":64,"neow_bonus":"","is_daily":false,"chose_seed":false,"campfire_upgraded":4,"win_rate":0.0,"timestamp":1610628329,"path_taken":["M","?","M","?","M","R","$","?","T","R","M","?","M","E","R","BOSS","M","?","$","?","M","R","E","?"],"items_purchased_type":["Relic","Card","Relic","Relic","Card"],"build_version":"2020-12-22","purchased_purges":2,"victory":false,"max_hp_per_floor":[75,75,75,75,75,75,75,75,75,75,75,75,75,75,75,75,75,75,75,75,75,75,75,75,75,75],"card_choices":[{"not_picked":["Compile Driver","Fusion"],"picked":"Lockon","floor":1.0},{"not_picked":["Streamline","Leap"],"picked":"ReplayTheSpireMod:Calculation Training","floor":3.0},{"not_picked":["Undo","BasicCrystalCard"],"picked":"Ball Lightning","floor":5.0},{"not_picked":["Ball Lightning","Go for the Eyes","ReplayGash"],"picked":"SKIP","floor":11.0},{"not_picked":["BasicCrystalCard","Steam","Melter"],"picked":"SKIP","floor":12.0},{"not_picked":["Barrage","BootSequence"],"picked":"Loop","floor":13.0},{"not_picked":["Aggregate","Pulse","Panic Button"],"picked":"SKIP","floor":14.0},{"not_picked":["Seek","All For One"],"picked":"ReplayTheSpireMod:Fabricate Wheel","floor":16},{"not_picked":["Barrage","Blizzard"],"picked":"Defragment","floor":18},{"not_picked":["Sweeping Beam","Hologram","Beam Cell"],"picked":"SKIP","floor":19},{"not_picked":["Darkness+1","Chill","Streamline"],"picked":"SKIP","floor":21},{"not_picked":["Steam","Leap","ReplayGash"],"picked":"SKIP","floor":22},{"not_picked":["Undo+1","All For One","ReplayTheSpireMod:Reroute Power"],"picked":"SKIP","floor":24}],"player_experience":523252,"relics_obtained":[{"floor":4.0,"key":"Anchor"},{"floor":8.0,"key":"Odd Mushroom"},{"floor":9.0,"key":"Kunai"},{"floor":14.0,"key":"GuppysHead"},{"floor":24,"key":"HornCleat"}],"event_choices":[{"damage_healed":0.0,"max_hp_gain":0.0,"max_hp_loss":0.0,"gold_gain":0.0,"event_name":"Mushrooms","player_choice":"Fought Mushrooms","floor":8.0,"gold_loss":0.0,"damage_taken":0.0}],"is_beta":false,"boss_relics":[{"not_picked":["Sozu","energizedSpire:NeverEndingSparkler"],"picked":"energizedSpire:CursedPentagram"},{"not_picked":[]}],"items_purged_floors":[0,20],"is_endless":false,"potions_floor_spawned":[1,5,12,16,24],"killed_by":"Cultist and Chosen","ascension_level":6}}