{"host":"xh3brefae6wm9kl8","time":1610599079,"event":{"mods":["AchievementEnabler","BaseMod","GifTheSpireLib","Keyboard Shortcuts","Minty Spire (QoL Compilation)","Permanent Neow","Relic Stats","StSLib","SuperFastMode"],"gold_per_floor":[114,133,147,72,72,102,2,2,2],"floor_reached":8,"language":"KOR","playtime":229,"items_purged":["Strike_B","Defend_B"],"score":98,"play_id":"f4b56c9e-552d-47db-a09f-407442f88c28","local_time":"20210114133759","is_ascension_mode":true,"campfire_choices":[],"circlet_count":0,"master_deck":["AscendersBane","Strike_B","Strike_B","Strike_B","Defend_B","Defend_B","Zap","Dualcast","Hyperbeam","Leap","Turbo","Steam","Conserve Battery"],"relics":["Cracked Core","Eternal Feather"],"acts_visited":["Exordium"],"potions_floor_usage":[6,8],"damage_taken":[{"damage":12,"enemies":"Jaw Worm","floor":1,"turns":2},{"damage":1,"enemies":"Cultist","floor":2,"turns":3},{"damage":3,"enemies":"Small Slimes","floor":3,"turns":3},{"damage":29,"enemies":"Lagavulin","floor":6,"turns":6},{"damage":12,"enemies":"Gremlin Nob","floor":8,"turns":2}],"seed_played":"7711227505129611524","potions_obtained":[{"floor":1,"key":"ColorlessPotion"},{"floor":2,"key":"EssenceOfSteel"},{"floor":6,"key":"EssenceOfDarkness"}],"is_trial":false,"path_per_floor":["M","M","M","$","?","E","$","E"],"character_chosen":"DEFECT","items_purchased":[],"campfire_rested":0,"item_purchase_floors":[],"current_hp_per_floor":[34,33,30,30,30,1,1,0,0],"gold":2,"neow_bonus":"THREE_RARE_CARDS","is_daily":false,"chose_seed":false,"campfire_upgraded":0,"win_rate":0.0,"timestamp":1610599079,"path_taken":["M","M","M","$","?","E","?","E"],"items_purchased_type":[],"build_version":"2020-12-22","purchased_purges":2,"victory":false,"max_hp_per_floor":[71,71,71,71,71,71,71,71,71],"relic_stats":{"counters":[5,16],"Eternal Feather":0,"obtain_stats":[{"Eternal Feather":6,"Cracked Core":0},{"Eternal Feather":4,"Cracked Core":0},{"Eternal Feather":14,"Cracked Core":0}]},"card_choices":[{"not_picked":["Electrodynamics","Buffer"],"picked":"Hyperbeam","floor":0},{"not_picked":["Fusion","Gash"],"picked":"Leap","floor":1},{"not_picked":["Compile Driver","Barrage"],"picked":"Turbo","floor":2},{"not_picked":["White Noise","Creative AI"],"picked":"Steam","floor":3},{"not_picked":["Fusion","Loop"],"picked":"Conserve Battery","floor":6}],"player_experience":386464,"relics_obtained":[{"floor":6,"key":"Eternal Feather"}],"event_choices":[{"cards_removed":["Defend_B"],"damage_healed":0,"gold_gain":0,"player_choice":"Purged","damage_taken":0,"max_hp_gain":0,"max_hp_loss":0,"event_name":"Purifier","floor":5,"gold_loss":0}],"is_beta":false,"boss_relics":[],"items_purged_floors":[4,7],"is_endless":false,"potions_floor_spawned":[1,2,6],"killed_by":"Gremlin Nob","ascension_level":15}}