{"host":"363c1o4m0ew2jbar","time":1610627226,"event":{"mods":["AchievementEnabler","BaseMod","Better Note","Downfall","Hubris","Minty Spire (QoL Compilation)","StSLib"],"gold_per_floor":[115,115,132,11,11,11,43,43,69,92,92,108,124,137,137,258,258,271,186,186,86,86,86,86],"floor_reached":23,"language":"ENG","playtime":602,"items_purged":["Dualcast","Injury"],"score":243,"play_id":"c24348be-f812-4d51-9bd6-7a85305c9d31","local_time":"20210114022706","is_ascension_mode":true,"campfire_choices":[{"floor":6,"key":"REST"},{"floor":11,"key":"REST"},{"data":"Reprogram","floor":15,"key":"SMITH"}],"circlet_count":0,"master_deck":["Strike_B","Strike_B+1","Strike_B","Defend_B","Defend_B","Defend_B","Defend_B","Reprogram+1","Gash","Melter","Conserve Battery+1","Gash","Conserve Battery"],"relics":["Cracked Core","GremlinMask","Letter Opener","Golden Idol","Art of War","Vajra","hubris:Backtick","Gremlin Horn","hubris:SoftwareUpdate","Enchiridion"],"acts_visited":["Exordium","TheCity"],"potions_floor_usage":[16,16],"damage_taken":[{"damage":18,"enemies":"2 Louse","floor":1,"turns":3},{"damage":3,"enemies":"Cultist","floor":3,"turns":4},{"damage":23,"enemies":"3 Sentries","floor":7,"turns":9},{"damage":0,"enemies":"Small Slimes","floor":12,"turns":3},{"damage":2,"enemies":"Looter","floor":13,"turns":3},{"damage":10,"enemies":"3 Louse","floor":14,"turns":4},{"damage":15,"enemies":"Slime Boss","floor":16,"turns":11},{"damage":14,"enemies":"Shell Parasite","floor":18,"turns":6},{"damage":47,"enemies":"Gremlin Leader","floor":23,"turns":6}],"seed_played":"6895257698057807483","potions_obtained":[{"floor":7,"key":"DistilledChaos"},{"floor":13,"key":"Weak Potion"}],"is_trial":false,"path_per_floor":["M","?","M","$","?","R","E","?","T","T","R","M","M","M","R","B",null,"M","?","?","$","?","E"],"character_chosen":"DEFECT","items_purchased":["Conserve Battery"],"campfire_rested":2,"item_purchase_floors":[4],"current_hp_per_floor":[50,50,47,47,32,54,31,31,31,31,53,53,51,41,41,26,63,49,49,33,33,33,0,0],"gold":86,"neow_bonus":"TRANSFORM_CARD","is_daily":false,"chose_seed":false,"campfire_upgraded":1,"win_rate":0.0,"timestamp":1610627226,"path_taken":["M","?","?","?","?","R","E","?","T","?","R","?","?","M","R","BOSS","M","?","?","$","?","E"],"items_purchased_type":["Card"],"build_version":"2020-12-22","purchased_purges":2,"victory":false,"max_hp_per_floor":[75,75,75,75,75,75,75,75,75,75,75,75,75,75,75,75,75,75,75,75,75,75,75,75],"card_choices":[{"not_picked":["Cold Snap","Stack"],"picked":"Gash","floor":1},{"not_picked":["Rip and Tear","Rebound"],"picked":"Melter","floor":3},{"not_picked":["Coolheaded","Biased Cognition","Aggregate"],"picked":"SKIP","floor":7},{"not_picked":["Chill","Coolheaded","Skim"],"picked":"SKIP","floor":12},{"not_picked":["Loop","Cold Snap","Blizzard"],"picked":"SKIP","floor":13},{"not_picked":["Aggregate","Undo"],"picked":"Gash","floor":14},{"not_picked":["Beam Cell","Ball Lightning"],"picked":"Conserve Battery","floor":18}],"player_experience":1195305,"relics_obtained":[{"floor":7,"key":"Letter Opener"},{"floor":9,"key":"Art of War"},{"floor":10,"key":"Vajra"},{"floor":20,"key":"Enchiridion"}],"event_choices":[{"damage_healed":0,"gold_gain":0,"player_choice":"Trade","damage_taken":0,"relics_obtained":["GremlinMask"],"max_hp_gain":0,"max_hp_loss":0,"event_name":"FaceTrader","floor":2,"gold_loss":0},{"damage_healed":0,"gold_gain":0,"player_choice":"Entered Light","damage_taken":15,"max_hp_gain":0,"max_hp_loss":0,"event_name":"Shining Light","floor":5,"gold_loss":0,"cards_upgraded":["Strike_B","Conserve Battery"]},{"damage_healed":0,"gold_gain":0,"player_choice":"Take Wound","damage_taken":0,"relics_obtained":["Golden Idol"],"max_hp_gain":0,"max_hp_loss":0,"event_name":"Golden Idol","floor":8,"gold_loss":0,"cards_obtained":["Injury"]},{"damage_healed":0,"gold_gain":0,"player_choice":"Obtained Relic","damage_taken":0,"relics_obtained":["hubris:SoftwareUpdate"],"max_hp_gain":0,"max_hp_loss":0,"event_name":"Addict","floor":19,"gold_loss":85},{"damage_healed":0,"gold_gain":0,"player_choice":"Obtained Book","damage_taken":16,"max_hp_gain":0,"max_hp_loss":0,"event_name":"Cursed Tome","floor":20,"gold_loss":0},{"cards_removed":["Strike_B"],"damage_healed":0,"gold_gain":0,"player_choice":"Purged","damage_taken":0,"max_hp_gain":0,"max_hp_loss":0,"event_name":"Purifier","floor":22,"gold_loss":0}],"is_beta":false,"boss_relics":[{"not_picked":["hubris:ScarierMask","Busted Crown"],"picked":"hubris:Backtick"}],"items_purged_floors":[4,21],"is_endless":false,"potions_floor_spawned":[7,13],"killed_by":"Gremlin Leader","ascension_level":6}}