{"host":"2wgvpzon7e7g5l7y","time":1610650444,"event":{"mods":["BaseMod","Minty Spire (QoL Compilation)","StSLib"],"gold_per_floor":[118,129,79,79,54,97,97,26,26,62,87,87,262,37,37,165,165,184,184,184],"floor_reached":19,"language":"ENG","playtime":697,"items_purged":["Doubt"],"score":298,"play_id":"cd04f268-e034-4803-ae6b-34625522dac3","local_time":"20210114195404","is_ascension_mode":true,"campfire_choices":[{"floor":7,"key":"RECALL"},{"data":"Eruption","floor":12,"key":"SMITH"},{"data":"MentalFortress","floor":15,"key":"SMITH"}],"circlet_count":0,"master_deck":["Strike_P","Strike_P","Strike_P","Strike_P","Defend_P+1","Defend_P","Defend_P","Eruption+1","Vigilance","Prostrate","Evaluate","Injury","EmptyFist","MentalFortress+1","LikeWater","Devotion","FollowUp","LessonLearned","SignatureMove"],"relics":["PureWater","NeowsBlessing","Golden Idol","CloakClasp","Prayer Wheel","Bottled Flame","Omamori","VioletLotus"],"acts_visited":["Exordium","TheCity"],"potions_floor_usage":[16,18,19],"damage_taken":[{"damage":0,"enemies":"2 Louse","floor":1,"turns":1},{"damage":0,"enemies":"Jaw Worm","floor":2,"turns":1},{"damage":0,"enemies":"Gremlin Nob","floor":6,"turns":1},{"damage":28,"enemies":"3 Sentries","floor":10,"turns":14},{"damage":0,"enemies":"Small Slimes","floor":11,"turns":5},{"damage":0,"enemies":"Slime Boss","floor":16,"turns":11},{"damage":32,"enemies":"Shell Parasite","floor":18,"turns":8},{"damage":68,"enemies":"Masked Bandits","floor":19,"turns":5}],"seed_played":"-583107238525292953","potions_obtained":[{"floor":10,"key":"DuplicationPotion"},{"floor":16,"key":"SpeedPotion"},{"floor":18,"key":"LiquidBronze"}],"is_trial":false,"path_per_floor":["M","M","?","?","$","E","R","$","T","E","M","R","?","$","R","B",null,"M","?"],"character_chosen":"WATCHER","items_purchased":["EmptyFist","LikeWater","Omamori"],"campfire_rested":0,"item_purchase_floors":[5,8,14],"current_hp_per_floor":[72,72,72,72,72,72,72,72,72,44,44,44,44,44,44,44,72,40,0,0],"gold":184,"neow_bonus":"THREE_ENEMY_KILL","is_daily":false,"chose_seed":false,"campfire_upgraded":2,"win_rate":0.0,"timestamp":1610650444,"path_taken":["M","M","?","?","?","E","R","$","T","E","M","R","?","?","R","BOSS","M","?"],"items_purchased_type":["Card","Card","Relic"],"build_version":"2020-12-22","purchased_purges":1,"victory":false,"max_hp_per_floor":[72,72,72,72,72,72,72,72,72,72,72,72,72,72,72,72,72,72,72,72],"card_choices":[{"not_picked":["BowlingBash","SashWhip"],"picked":"Prostrate","floor":1},{"not_picked":["CutThroughFate","JustLucky"],"picked":"Evaluate","floor":2},{"not_picked":["EmptyFist","SashWhip"],"picked":"MentalFortress","floor":6},{"not_picked":["BowlingBash","CutThroughFate"],"picked":"Devotion","floor":10},{"not_picked":["SashWhip","Prostrate"],"picked":"FollowUp","floor":11},{"not_picked":["EmptyFist","Nirvana","ClearTheMind"],"picked":"SKIP","floor":11},{"not_picked":["Vault","Blasphemy"],"picked":"LessonLearned","floor":16},{"not_picked":["TalkToTheHand","BowlingBash"],"picked":"SignatureMove","floor":18},{"not_picked":["EmptyMind","BowlingBash","PathToVictory"],"picked":"SKIP","floor":18}],"player_experience":242751,"relics_obtained":[{"floor":6,"key":"CloakClasp"},{"floor":9,"key":"Prayer Wheel"},{"floor":10,"key":"Bottled Flame"}],"event_choices":[{"cards_removed":["Defend_P"],"damage_healed":0,"gold_gain":0,"player_choice":"Card Removal","damage_taken":0,"max_hp_gain":0,"max_hp_loss":0,"event_name":"The Cleric","floor":3,"gold_loss":50},{"damage_healed":0,"gold_gain":0,"player_choice":"Take Wound","damage_taken":0,"relics_obtained":["Golden Idol"],"max_hp_gain":0,"max_hp_loss":0,"event_name":"Golden Idol","floor":4,"gold_loss":0,"cards_obtained":["Injury"]},{"damage_healed":0,"gold_gain":175,"player_choice":"AGREE","damage_taken":0,"max_hp_gain":0,"max_hp_loss":0,"event_name":"Liars Game","floor":13,"gold_loss":0,"cards_obtained":["Doubt"]},{"damage_healed":0,"gold_gain":0,"player_choice":"Fought Bandits","damage_taken":0,"max_hp_gain":0,"max_hp_loss":0,"event_name":"Masked Bandits","floor":19,"gold_loss":0}],"is_beta":false,"boss_relics":[{"not_picked":["Runic Dome","SacredBark"],"picked":"VioletLotus"}],"items_purged_floors":[14],"is_endless":false,"potions_floor_spawned":[10,16,18],"killed_by":"Masked Bandits","ascension_level":4}}