{"host":"56ghxnzsglgdq727","time":1610652017,"event":{"mods":["AchievementEnabler","BaseMod","Downfall","Duelist Mod","Minty Spire (QoL Compilation)","Rare Cards Sparkle","StSLib","The Bug Knight","The Exalted","The Senshi","The Wild Card"],"gold_per_floor":[15,190,190,207,8,8,8,20,71,71,71,71,91,107,107,203,203,223,240,255,2,0,0,34,46,116,16,16,16,16],"floor_reached":29,"language":"ENG","playtime":1625,"items_purged":["theDuelist:SummoningCurse","theDuelist:SteamTrainKing"],"score":323,"play_id":"f9eb980e-b102-437d-b1a8-8451e5280847","local_time":"20210114142017","is_ascension_mode":true,"campfire_choices":[{"data":"theDuelist:PotGreed","floor":6,"key":"SMITH"},{"data":"theDuelist:Nameless:War:AssaultArmor","floor":12,"key":"SMITH"},{"data":"theDuelist:SatelliteCannon","floor":15,"key":"SMITH"},{"data":"theDuelist:ShortCircuit","floor":23,"key":"SMITH"}],"circlet_count":0,"master_deck":["theDuelist:Biofalcon","theDuelist:CastleWalls","theDuelist:CastleWalls","theDuelist:Deskbot004","theDuelist:Deskbot004","theDuelist:Deskbot005","theDuelist:Deskbot005","theDuelist:GreenGadget","theDuelist:Sparks","theDuelist:Sparks","Doubt","theDuelist:SatelliteCannon+1","theDuelist:PotGreed+1","theDuelist:LightningDarts","theDuelist:Nameless:War:AssaultArmor+1","theDuelist:ShortCircuit+1","theDuelist:TimeToken","theDuelist:SwordsConcealing","theDuelist:ShortCircuit+1","theDuelist:Shekhinaga+1","theDuelist:AncientGearChimera","theDuelist:FutureFusion"],"relics":["theDuelist:MillenniumPuzzle","theDuelist:CardPoolRelic","theDuelist:CardPoolBasicRelic","theDuelist:BoosterPackPoolRelic","theDuelist:CardPoolAddRelic","theDuelist:CardPoolMinusRelic","theDuelist:CardPoolSaveRelic","theDuelist:CardPoolOptionsRelic","theDuelist:MerchantPendant","theDuelist:MillenniumRod","theDuelist:SummonAnchor","theDuelist:MillenniumArmor","Philosopher\u0027s Stone","Happy Flower","theDuelist:MillenniumRod","Bottled Flame","theDuelist:BoosterBetterBoostersRelic"],"acts_visited":["Exordium","TheCity"],"potions_floor_usage":[8,16,24,24,29],"damage_taken":[{"damage":6,"enemies":"Small Slimes","floor":1,"turns":3},{"damage":2,"enemies":"2 Louse","floor":4,"turns":4},{"damage":0,"enemies":"Jaw Worm","floor":8,"turns":1},{"damage":1,"enemies":"Large Slime","floor":13,"turns":7},{"damage":0,"enemies":"Blue Slaver","floor":14,"turns":4},{"damage":46,"enemies":"The Guardian","floor":16,"turns":13},{"damage":8,"enemies":"Chosen","floor":18,"turns":6},{"damage":6,"enemies":"Shell Parasite","floor":19,"turns":4},{"damage":0,"enemies":"Centurion and Healer","floor":20,"turns":13},{"damage":33,"enemies":"Slavers","floor":24,"turns":6},{"damage":1,"enemies":"Chosen and Byrds","floor":25,"turns":4},{"damage":28,"enemies":"Gremlin Leader","floor":29,"turns":4}],"seed_played":"8866563268579766077","potions_obtained":[{"floor":1,"key":"SteroidPotion"},{"floor":14,"key":"Strength Potion"},{"floor":19,"key":"theDuelist:TokenPotion"},{"floor":20,"key":"theDuelist:VoidBottle"},{"floor":25,"key":"theDuelist:LavaBottle"}],"is_trial":false,"path_per_floor":["M","?","?","M","$","R","$","M","T","?","?","R","M","M","R","B",null,"M","M","M","$","?","R","E","M","T","$","?","E"],"character_chosen":"THE_DUELIST","items_purchased":["theDuelist:PotGreed","theDuelist:MerchantPendant","theDuelist:MillenniumRod","theDuelist:AncientGearChimera","Happy Flower"],"campfire_rested":0,"item_purchase_floors":[5,5,5,21,21],"current_hp_per_floor":[74,74,74,72,72,72,72,72,72,72,72,72,71,71,71,25,66,58,52,52,52,52,52,19,18,18,18,18,0,0],"gold":16,"neow_bonus":"THREE_RARE_CARDS","is_daily":false,"chose_seed":false,"campfire_upgraded":4,"win_rate":0.0,"timestamp":1610652017,"path_taken":["M","?","?","M","$","R","$","M","T","?","?","R","M","M","R","BOSS","M","M","M","$","?","R","E","M","T","$","?","E"],"items_purchased_type":["Card","Relic","Relic","Card","Relic"],"build_version":"2020-12-22","purchased_purges":2,"victory":false,"max_hp_per_floor":[80,80,80,80,80,80,80,80,80,80,80,80,80,80,80,80,80,80,80,80,80,80,80,80,80,80,80,80,80,80],"card_choices":[{"not_picked":["theDuelist:NightmareWheel","theDuelist:OrcustCrescendo"],"picked":"theDuelist:SteamTrainKing","floor":0},{"not_picked":["theDuelist:Geargiauger","theDuelist:Deskbot003","theDuelist:Biofalcon","theDuelist:CardsFromTheSky","theDuelist:BlastJuggler"],"picked":"SKIP","floor":1},{"not_picked":["theDuelist:RedGadget","theDuelist:PortableBatteryPack","theDuelist:Overworked","theDuelist:CatapultTurtle"],"picked":"theDuelist:SatelliteCannon","floor":4},{"not_picked":["theDuelist:Hinotama","theDuelist:LightningVortex","theDuelist:WingedKuriboh","theDuelist:PowerGiant"],"picked":"theDuelist:LightningDarts","floor":8},{"not_picked":["theDuelist:RevolvingSwitchyard","theDuelist:ImperialOrder","theDuelist:BlastingFuse"],"picked":"theDuelist:ShortCircuit","floor":13},{"not_picked":["theDuelist:BonanzaToken","theDuelist:StormToken","theDuelist:BurnToken","theDuelist:FocusToken"],"picked":"theDuelist:TimeToken","floor":14},{"not_picked":["theDuelist:SteamTrainKing","theDuelist:JinzoLord","theDuelist:GoldenBlastJuggler","theDuelist:Deskbot009"],"picked":"theDuelist:SwordsConcealing","floor":16},{"not_picked":["theDuelist:BigFire","theDuelist:BigEye","theDuelist:WingedKuriboh","theDuelist:ForbiddenChalice","theDuelist:LabyrinthWall"],"picked":"SKIP","floor":18},{"not_picked":["theDuelist:BreakDraw","theDuelist:AncientGearWorkshop","theDuelist:MachineFactory","theDuelist:Geartown"],"picked":"theDuelist:ShortCircuit+1","floor":19},{"not_picked":["theDuelist:PlatinumGadget+1","theDuelist:PineappleBlast","theDuelist:MachineKingPrototype","theDuelist:MachineKing+1"],"picked":"theDuelist:Shekhinaga+1","floor":20},{"not_picked":["theDuelist:LightningVortex","theDuelist:DestructPotion","theDuelist:BlockGolem+1","theDuelist:Reload+1","theDuelist:FutureFusion"],"picked":"SKIP","floor":24},{"not_picked":["theDuelist:LightningVortex","theDuelist:DestructPotion","theDuelist:BlockGolem+1","theDuelist:Reload+1"],"picked":"theDuelist:FutureFusion","floor":24},{"not_picked":["theDuelist:CoreBlaster","theDuelist:JunkKuriboh","theDuelist:AncientGearBox","theDuelist:DoubleTool","theDuelist:Deskbot003"],"picked":"SKIP","floor":25}],"player_experience":252064,"relics_obtained":[{"floor":9,"key":"theDuelist:SummonAnchor"},{"floor":24,"key":"Bottled Flame"},{"floor":26,"key":"theDuelist:BoosterBetterBoostersRelic"}],"event_choices":[{"damage_healed":0,"gold_gain":175,"player_choice":"AGREE","damage_taken":0,"max_hp_gain":0,"max_hp_loss":0,"event_name":"Liars Game","floor":2,"gold_loss":0,"cards_obtained":["Doubt"]},{"damage_healed":0,"gold_gain":0,"player_choice":"Leave","duelist":true,"damage_taken":0,"max_hp_gain":0,"max_hp_loss":0,"event_name":"Egyptian Village","floor":3,"gold_loss":0},{"total_magic_score":35,"gold_gain":0,"duelist":true,"damage_taken":0,"relics_obtained":[],"points":7,"war_reward":4,"max_hp_gain":0,"max_hp_loss":0,"spent_points":{"magic":0,"greed":0,"war":4,"power":0,"hunger":0},"event_name":"Nameless Tomb","floor":10,"gold_loss":0,"cards_obtained":["theDuelist:Nameless:War:AssaultArmor"]},{"damage_healed":0,"gold_gain":0,"player_choice":"Took item - Received: Millennium Armor","duelist":true,"damage_taken":0,"max_hp_gain":0,"max_hp_loss":0,"event_name":"Millennium Items","floor":11,"gold_loss":0},{"damage_healed":0,"gold_gain":0,"player_choice":"Duplicated Relic - Millennium Rod","duelist":true,"damage_taken":0,"max_hp_gain":0,"max_hp_loss":0,"event_name":"Relic Duplicator","floor":22,"gold_loss":0}],"is_beta":false,"boss_relics":[{"not_picked":["Mark of Pain","theDuelist:ElectricKey"],"picked":"Philosopher\u0027s Stone"}],"items_purged_floors":[21,27],"is_endless":false,"potions_floor_spawned":[1,14,19,20,25],"killed_by":"Gremlin Leader","ascension_level":5}}