{"host":"oehe2dxjvdgux73m","time":1610591781,"event":{"mods":["AchievementEnabler","BaseMod","Colored Map","Colored Powertips","DeckTracker","Keyboard Shortcuts","Minty Spire (QoL Compilation)","Permanent Neow","Quick Restart","StSLib","SuperFastMode"],"gold_per_floor":[110,60,60,70,88,122,122,140,164,164,194,194,207,221,221,323,323,338,351,48,48,2,2,18,43,66,66,80,80,115,115,115,115,115],"floor_reached":33,"language":"KOR","playtime":988,"items_purged":["Strike_R"],"score":413,"play_id":"3992259f-8f92-4603-84ae-d6553a756a5e","local_time":"20210114113621","is_ascension_mode":true,"campfire_choices":[{"data":"Hemokinesis","floor":7.0,"key":"SMITH"},{"data":"Immolate","floor":12.0,"key":"SMITH"},{"data":"Bash","floor":15.0,"key":"SMITH"},{"data":"Rupture","floor":23.0,"key":"SMITH"},{"floor":29.0,"key":"REST"},{"floor":32.0,"key":"REST"}],"circlet_count":0,"master_deck":["Strike_R+1","Strike_R+1","Defend_R","Defend_R","Defend_R","Defend_R","Bash+1","Cleave","Disarm","Hemokinesis+1","Carnage","Immolate+1","Power Through","Bloodletting","Limit Break","Shrug It Off","Shrug It Off+1","Exhume","Battle Trance","Rupture+1","Shrug It Off","Evolve","Necronomicurse","Burning Pact","Thunderclap"],"relics":["Burning Blood","Vajra","Kunai","Orichalcum","Boot","Happy Flower","SlaversCollar","Orrery","Smiling Mask","Whetstone","Pen Nib","Necronomicon","Tiny Chest"],"acts_visited":["Exordium","TheCity"],"potions_floor_usage":[33],"damage_taken":[{"damage":7.0,"enemies":"Jaw Worm","floor":1.0,"turns":3.0},{"damage":11.0,"enemies":"Small Slimes","floor":4.0,"turns":4.0},{"damage":3.0,"enemies":"Cultist","floor":5.0,"turns":4.0},{"damage":20.0,"enemies":"3 Sentries","floor":6.0,"turns":8.0},{"damage":7.0,"enemies":"Exordium Thugs","floor":8.0,"turns":4.0},{"damage":26.0,"enemies":"Lagavulin","floor":11.0,"turns":4.0},{"damage":2.0,"enemies":"2 Fungi Beasts","floor":13.0,"turns":2.0},{"damage":4.0,"enemies":"Looter","floor":14.0,"turns":3.0},{"damage":18.0,"enemies":"Slime Boss","floor":16.0,"turns":7.0},{"damage":18.0,"enemies":"Shell Parasite","floor":18.0,"turns":3.0},{"damage":25.0,"enemies":"2 Thieves","floor":19.0,"turns":3.0},{"damage":5.0,"enemies":"Cultist and Chosen","floor":24.0,"turns":3.0},{"damage":19.0,"enemies":"Slavers","floor":25.0,"turns":5.0},{"damage":6.0,"enemies":"Chosen and Byrds","floor":28.0,"turns":3.0},{"damage":12.0,"enemies":"Book of Stabbing","floor":30.0,"turns":4.0},{"damage":63,"enemies":"Champ","floor":33,"turns":7}],"seed_played":"4278670668458859273","potions_obtained":[{"floor":4.0,"key":"DistilledChaos"},{"floor":5.0,"key":"PowerPotion"},{"floor":6.0,"key":"Dexterity Potion"},{"floor":13.0,"key":"Swift Potion"},{"floor":19.0,"key":"SteroidPotion"},{"floor":30.0,"key":"SteroidPotion"}],"is_trial":false,"path_per_floor":["M","?","T","M","M","E","R","M","T","?","E","R","M","M","R","B",null,"M","M","$","?","$","R","M","E","T","?","M","R","E","?","R","B"],"character_chosen":"IRONCLAD","items_purchased":["Orrery","Rupture","Shrug It Off"],"campfire_rested":2,"item_purchase_floors":[20,20,22],"current_hp_per_floor":[71,71,71,66,69,55,55,54,54,54,34,34,38,40,40,28,67,55,36,36,36,36,36,37,24,24,8,8,32,26,26,50,0,0],"gold":115,"neow_bonus":"RANDOM_COMMON_RELIC","is_daily":false,"chose_seed":false,"campfire_upgraded":4,"win_rate":0.0,"timestamp":1610591781,"path_taken":["M","?","?","M","M","E","R","M","T","?","E","R","M","M","R","BOSS","M","M","$","?","?","R","M","E","T","?","M","R","E","?","R","BOSS"],"items_purchased_type":["Relic","Card","Card"],"build_version":"2020-12-22","purchased_purges":1,"victory":false,"max_hp_per_floor":[80,80,80,80,80,80,80,80,80,80,80,80,80,80,80,80,80,80,80,80,80,80,80,80,80,80,80,80,80,80,80,80,80,80],"card_choices":[{"not_picked":["Warcry","Iron Wave"],"picked":"Cleave","floor":1.0},{"not_picked":["Dark Embrace","Exhume"],"picked":"Disarm","floor":4.0},{"not_picked":["Rage","Body Slam"],"picked":"Hemokinesis","floor":5.0},{"not_picked":["Cleave","Clothesline","Clash"],"picked":"SKIP","floor":6.0},{"not_picked":["Armaments","Power Through"],"picked":"Carnage","floor":8.0},{"not_picked":["Headbutt","Perfected Strike"],"picked":"Immolate","floor":11.0},{"not_picked":["Flex","Searing Blow"],"picked":"Power Through","floor":13.0},{"not_picked":["Sever Soul","Wild Strike"],"picked":"Bloodletting","floor":14.0},{"not_picked":["Immolate","Exhume"],"picked":"Limit Break","floor":16.0},{"not_picked":["Warcry","True Grit","Havoc"],"picked":"SKIP","floor":18.0},{"not_picked":["Whirlwind+1","Sword Boomerang"],"picked":"Shrug It Off","floor":19.0},{"not_picked":["Havoc+1","Twin Strike"],"picked":"Shrug It Off+1","floor":20.0},{"not_picked":["Pommel Strike","Iron Wave"],"picked":"Exhume","floor":20.0},{"not_picked":["True Grit","Intimidate"],"picked":"Battle Trance","floor":20.0},{"not_picked":["Wild Strike+1","Cleave"],"picked":"Evolve","floor":24.0},{"not_picked":["Heavy Blade+1","Dropkick","Carnage"],"picked":"SKIP","floor":25.0},{"not_picked":["Hemokinesis","Dark Embrace","Anger"],"picked":"SKIP","floor":28.0},{"not_picked":["Sword Boomerang","Spot Weakness"],"picked":"Burning Pact","floor":30.0}],"player_experience":169722,"relics_obtained":[{"floor":3.0,"key":"Kunai"},{"floor":6.0,"key":"Orichalcum"},{"floor":9.0,"key":"Boot"},{"floor":11.0,"key":"Happy Flower"},{"floor":25.0,"key":"Whetstone"},{"floor":26.0,"key":"Pen Nib"},{"floor":27.0,"key":"Necronomicon"},{"floor":30.0,"key":"Tiny Chest"}],"event_choices":[{"cards_removed":["Strike_R"],"damage_healed":0.0,"max_hp_gain":0.0,"max_hp_loss":0.0,"gold_gain":0.0,"event_name":"The Cleric","player_choice":"Card Removal","floor":2.0,"gold_loss":50.0,"damage_taken":0.0},{"damage_healed":0.0,"max_hp_gain":0.0,"max_hp_loss":0.0,"gold_gain":0.0,"event_name":"The Woman in Blue","player_choice":"Bought 0 Potions","floor":10.0,"gold_loss":0.0,"damage_taken":0.0},{"damage_healed":0.0,"max_hp_gain":0.0,"max_hp_loss":0.0,"gold_gain":0.0,"event_name":"The Mausoleum","player_choice":"Opened","floor":21.0,"gold_loss":0.0,"damage_taken":0.0,"relics_obtained":["Smiling Mask"]},{"damage_healed":0.0,"max_hp_gain":0.0,"max_hp_loss":0.0,"gold_gain":0.0,"event_name":"Cursed Tome","player_choice":"Obtained Book","floor":27.0,"gold_loss":0.0,"damage_taken":16.0},{"damage_healed":0.0,"max_hp_gain":0.0,"max_hp_loss":0.0,"gold_gain":0.0,"cards_transformed":["Strike_R"],"event_name":"Transmorgrifier","player_choice":"Transformed","floor":31.0,"gold_loss":0.0,"damage_taken":0.0,"cards_obtained":["Thunderclap"]}],"is_beta":false,"boss_relics":[{"not_picked":["Runic Pyramid","Ectoplasm"],"picked":"SlaversCollar"}],"items_purged_floors":[20],"is_endless":false,"potions_floor_spawned":[4,5,6,13,19,30],"killed_by":"Champ","ascension_level":8}}