{"host":"0e0lo445kffy4sr5","time":1610607959,"event":{"mods":["AchievementEnabler","BaseMod","Colored Map","Colored Powertips","Highlight Path","Key Reminder","Minty Spire (QoL Compilation)","Permanent Neow","StSLib","SuperFastMode"],"gold_per_floor":[12,25,25,25,49,84,84,84,107,107,151,251,24,62,62,188,188,208,231,156,181,199,239,239,272,272,272,272],"floor_reached":27,"playtime":2167,"items_purged":[],"score":309,"play_id":"baf427c4-9efe-4074-ad72-a6a98454fc56","local_time":"20210114020559","is_ascension_mode":true,"campfire_choices":[{"floor":7,"key":"REST"},{"floor":15,"key":"REST"},{"floor":24,"key":"REST"}],"circlet_count":0,"master_deck":["Strike_R","Strike_R","Strike_R","Strike_R","Defend_R","Defend_R+1","Defend_R+1","Defend_R+1","Bash","Disarm+1","Flame Barrier","Power Through","Spot Weakness","Flame Barrier","Barricade","Entrench","Flex+1","Fire Breathing","Heavy Blade","Whirlwind","Dual Wield"],"relics":["Burning Blood","Gambling Chip","Golden Idol","Toy Ornithopter","Juzu Bracelet","Red Skull","keyreminder:keyreminder","PreservedInsect","Strange Spoon","FossilizedHelix","Black Star","Bag of Marbles","Bottled Tornado","Oddly Smooth Stone","War Paint","Meat on the Bone"],"acts_visited":["Exordium","TheCity"],"potions_floor_usage":[6,14,25],"damage_taken":[{"damage":10,"enemies":"Jaw Worm","floor":1,"turns":5},{"damage":7,"enemies":"Small Slimes","floor":2,"turns":4},{"damage":1,"enemies":"Cultist","floor":5,"turns":3},{"damage":30,"enemies":"3 Sentries","floor":6,"turns":10},{"damage":26,"enemies":"Gremlin Nob","floor":11,"turns":6},{"damage":0,"enemies":"Lagavulin","floor":14,"turns":5},{"damage":5,"enemies":"The Guardian","floor":16,"turns":16},{"damage":9,"enemies":"3 Byrds","floor":18,"turns":7},{"damage":1,"enemies":"Chosen","floor":19,"turns":15},{"damage":8,"enemies":"Snake Plant","floor":21,"turns":6},{"damage":16,"enemies":"Chosen and Byrds","floor":22,"turns":9},{"damage":21,"enemies":"Book of Stabbing","floor":23,"turns":7},{"damage":38,"enemies":"Slavers","floor":25,"turns":4},{"damage":50,"enemies":"Gremlin Leader","floor":27,"turns":4}],"seed_played":"7671081740767988866","potions_obtained":[{"floor":1,"key":"DistilledChaos"},{"floor":2,"key":"Energy Potion"},{"floor":6,"key":"DistilledChaos"},{"floor":22,"key":"SpeedPotion"},{"floor":23,"key":"AttackPotion"},{"floor":25,"key":"BlessingOfTheForge"}],"is_trial":false,"path_per_floor":["M","M","?","?","M","E","R","?","T","?","E","?","$","E","R","B",null,"M","M","?","M","M","E","R","E","T","E"],"character_chosen":"IRONCLAD","items_purchased":["Spot Weakness","Strange Spoon"],"campfire_rested":3,"item_purchase_floors":[13,13],"current_hp_per_floor":[76,75,55,52,57,38,62,62,62,46,26,26,26,37,61,62,80,77,80,80,78,68,53,77,50,50,0,0],"gold":272,"neow_bonus":"ONE_RARE_RELIC","is_daily":false,"chose_seed":false,"campfire_upgraded":0,"win_rate":0.0,"timestamp":1610607959,"path_taken":["M","M","?","?","M","E","R","?","T","?","E","?","?","E","R","BOSS","M","M","?","M","M","E","R","E","T","E"],"items_purchased_type":["Card","Relic"],"build_version":"2020-12-13","purchased_purges":0,"victory":false,"max_hp_per_floor":[80,80,80,80,80,80,80,80,80,80,80,80,80,80,80,80,80,80,80,80,80,80,80,80,80,80,80,80],"card_choices":[{"not_picked":["Dark Embrace","Reckless Charge"],"picked":"Disarm","floor":1},{"not_picked":["Cleave","Pommel Strike","Thunderclap"],"picked":"SKIP","floor":2},{"not_picked":["True Grit","Sword Boomerang","Pummel"],"picked":"SKIP","floor":5},{"not_picked":["True Grit","Heavy Blade"],"picked":"Flame Barrier","floor":6},{"not_picked":["Rage","Heavy Blade"],"picked":"Power Through","floor":11},{"not_picked":["Bloodletting","Perfected Strike"],"picked":"Flame Barrier","floor":14},{"not_picked":["Bludgeon","Corruption"],"picked":"Barricade","floor":16},{"not_picked":["Twin Strike","Battle Trance"],"picked":"Entrench","floor":18},{"not_picked":["Battle Trance+1","Iron Wave"],"picked":"Flex+1","floor":19},{"not_picked":["Twin Strike","Shrug It Off"],"picked":"Fire Breathing","floor":21},{"not_picked":["Cleave","Anger"],"picked":"Heavy Blade","floor":22},{"not_picked":["Rupture","Battle Trance"],"picked":"Whirlwind","floor":23},{"not_picked":["Heavy Blade","Iron Wave"],"picked":"Dual Wield","floor":25}],"player_experience":59885,"relics_obtained":[{"floor":6,"key":"Juzu Bracelet"},{"floor":11,"key":"PreservedInsect"},{"floor":14,"key":"FossilizedHelix"},{"floor":23,"key":"Bag of Marbles"},{"floor":23,"key":"Bottled Tornado"},{"floor":25,"key":"Oddly Smooth Stone"},{"floor":25,"key":"War Paint"},{"floor":26,"key":"Meat on the Bone"}],"event_choices":[{"damage_healed":0,"gold_gain":0,"player_choice":"Take Damage","damage_taken":20,"relics_obtained":["Golden Idol"],"max_hp_gain":0,"max_hp_loss":0,"event_name":"Golden Idol","floor":3,"gold_loss":0},{"damage_healed":0,"gold_gain":0,"player_choice":"Success","damage_taken":3,"relics_obtained":["Toy Ornithopter"],"max_hp_gain":0,"max_hp_loss":0,"event_name":"Scrap Ooze","floor":4,"gold_loss":0},{"damage_healed":0,"gold_gain":0,"player_choice":"Gave Potion","damage_taken":0,"relics_obtained":["Red Skull"],"max_hp_gain":0,"max_hp_loss":0,"event_name":"WeMeetAgain","floor":8,"gold_loss":0},{"damage_healed":0,"gold_gain":0,"player_choice":"Entered Light","damage_taken":16,"max_hp_gain":0,"max_hp_loss":0,"event_name":"Shining Light","floor":10,"gold_loss":0,"cards_upgraded":["Defend_R","Disarm"]},{"damage_healed":0,"gold_gain":100,"player_choice":"Pray","damage_taken":0,"max_hp_gain":0,"max_hp_loss":0,"event_name":"Golden Shrine","floor":12,"gold_loss":0},{"cards_removed":["Strike_R"],"damage_healed":0,"gold_gain":0,"player_choice":"Gave Gold","damage_taken":0,"max_hp_gain":0,"max_hp_loss":0,"event_name":"Beggar","floor":20,"gold_loss":75}],"is_beta":false,"boss_relics":[{"not_picked":["Astrolabe","Busted Crown"],"picked":"Black Star"}],"items_purged_floors":[],"is_endless":false,"potions_floor_spawned":[1,2,6,22,23,25],"killed_by":"Gremlin Leader","ascension_level":1}}