{"host":"60l258qxpyrtzhoo","time":1610660324,"event":{"mods":["AchievementEnabler","Act Like it!","BaseMod","BetterRewards","Colored Map","Colored Powertips","Custom Start","Decade(???)","Downfall","Duelist Mod","Gensokyo","Googly Eyes","GungeonMod","Hermit","Hubris","Infinite Spire","Jorbs\u0027s Wanderer Trilogy","Koishi","Marisa????????","Minty Spire (QoL Compilation)","Quick Restart","Reimu??????","Remilia??????","Replay The Spire","Shop Mod","StSLib","The Bug Knight","The Construct","The Cursed","The Disciple","The Hierophant","The Necromancer","The Servant 0.9.4","UnlockEverythingMod","vexMod"],"gold_per_floor":[199,218,234,249,263,263,289,302,302,317,334,345,345,358,376,475,475,475,475,475,493,508,508,589,605,605,625,642,662,662,674,684,684,684,684],"floor_reached":33,"language":"ENG","playtime":4615,"items_purged":[],"score":276,"play_id":"c6d8f820-1407-4bd5-a364-1d8f5aa96c40","local_time":"20210114223844","is_ascension_mode":false,"campfire_choices":[{"data":"Slimebound:CorrosiveSpit","floor":1,"key":"SMITH"},{"data":"Slimebound:SlimeSpikes","floor":9,"key":"SMITH"},{"data":"Slimebound:Schlurp","floor":13,"key":"SMITH"},{"data":"Slimebound:Prepare","floor":23,"key":"SMITH"},{"data":"Slimebound:LeechLife","floor":26,"key":"SMITH"},{"data":"Slimebound:Schlurp","floor":30,"key":"SMITH"}],"circlet_count":0,"master_deck":["Slimebound:Strike_Slimebound","Slimebound:Strike_Slimebound","Slimebound:Strike_Slimebound","Slimebound:Tackle","Slimebound:Defend_Slimebound","Slimebound:Defend_Slimebound","Slimebound:Split+1","Slimebound:CorrosiveSpit+1","Slimebound:Schlurp+1","Slimebound:SlimeSpikes+1","Slimebound:SamplingLick","Slimebound:LeechLife+1","Slimebound:LeechingTouch","Slimebound:Prepare+1","Slimebound:GoopSpray","Slimebound:SamplingLick","Slimebound:ViciousTackle","Slimebound:Replication","Iron Wave","Slimebound:SplitAcid+1","Slimebound:AcidTongue+1","Slimebound:GoopTackle+1","Slimebound:SplitLeeching+1","Slimebound:Nibble+1","Slimebound:Schlurp+1","Slimebound:LeechingTouch+1"],"relics":["Slimebound:AbsorbEndCombat","Runic Pyramid","infinitespire:Bottled Soul"],"acts_visited":["Exordium","TheCity"],"potions_floor_usage":[16,33,33],"damage_taken":[{"damage":17,"enemies":"Small Slimes","floor":2,"turns":3},{"damage":8,"enemies":"Cultist","floor":3,"turns":4},{"damage":1,"enemies":"2 Louse","floor":4,"turns":3},{"damage":9,"enemies":"Exordium Thugs","floor":5,"turns":4},{"damage":10,"enemies":"Blue Slaver","floor":8,"turns":4},{"damage":14,"enemies":"2 Fungi Beasts","floor":10,"turns":5},{"damage":8,"enemies":"Red Slaver","floor":11,"turns":4},{"damage":25,"enemies":"Large Slime","floor":12,"turns":3},{"damage":8,"enemies":"2 Fungi Beasts","floor":14,"turns":3},{"damage":8,"enemies":"Blue Slaver","floor":15,"turns":3},{"damage":84,"enemies":"downfall:Defect","floor":16,"turns":8},{"damage":21,"enemies":"Spheric Guardian","floor":21,"turns":6},{"damage":45,"enemies":"Cultist and Chosen","floor":22,"turns":6},{"damage":23,"enemies":"Chosen and Byrds","floor":25,"turns":6},{"damage":48,"enemies":"3 Cultists","floor":27,"turns":6},{"damage":32,"enemies":"Snake Plant","floor":28,"turns":4},{"damage":42,"enemies":"Centurion and Healer","floor":29,"turns":5},{"damage":22,"enemies":"Cultist and Chosen","floor":31,"turns":6},{"damage":10,"enemies":"Snecko","floor":32,"turns":4},{"damage":101,"enemies":"downfall:Silent","floor":33,"turns":7}],"seed_played":"8482928847394225931","potions_obtained":[{"floor":8,"key":"sneckomod:MuddlingPotion"},{"floor":10,"key":"Energy Potion"},{"floor":11,"key":"champ:CounterPotion"},{"floor":25,"key":"Slimebound:SlimedPotion"}],"is_trial":false,"path_per_floor":["R","M","M","M","M","?","T","M","R","M","M","M","R","M","M","B",null,"R_BF","?","?","M","M","R","T","M","R","M","M","M","R","M","M","B"],"character_chosen":"SLIMEBOUND","items_purchased":[],"campfire_rested":0,"item_purchase_floors":[],"current_hp_per_floor":[60,47,47,50,49,49,49,60,60,60,60,60,60,60,60,13,60,60,50,50,49,46,46,46,65,65,65,64,57,57,65,63,0,0,0],"gold":684,"neow_bonus":"HUNDRED_GOLD","is_daily":false,"chose_seed":false,"campfire_upgraded":6,"win_rate":0.0,"timestamp":1610660324,"path_taken":["R","M","M","M","M","?","T","M","R","M","M","M","R","M","M","BOSS","R_BF","?","?","M","M","R","T","M","R","M","M","?","R","M","M","BOSS"],"items_purchased_type":[],"build_version":"2020-12-22","purchased_purges":0,"victory":false,"max_hp_per_floor":[60,60,60,60,60,60,60,60,60,60,60,60,60,60,60,60,60,60,65,65,65,65,65,65,65,65,65,65,65,65,65,65,65,65,65],"card_choices":[{"not_picked":["Slimebound:RainOfGoop","Slimebound:LeechEnergy"],"picked":"Slimebound:Schlurp","floor":2},{"not_picked":["Slimebound:FlameTackle","Slimebound:Schlurp"],"picked":"Slimebound:SlimeSpikes","floor":3},{"not_picked":["Slimebound:Schlurp","Slimebound:ComboTackle"],"picked":"Slimebound:SamplingLick","floor":4},{"not_picked":["Slimebound:SplitAcid","Slimebound:LeechEnergy"],"picked":"Slimebound:LeechLife","floor":5},{"not_picked":["Slimebound:ViciousTackle","Slimebound:Grow"],"picked":"Slimebound:LeechingTouch","floor":8},{"not_picked":["Slimebound:FlameTackle","Slimebound:SplitLeeching"],"picked":"Slimebound:Prepare","floor":10},{"not_picked":["Slimebound:LeechingTouch","Slimebound:ForwardTackle"],"picked":"Slimebound:GoopSpray","floor":11},{"not_picked":["Slimebound:LeadByExample","Slimebound:GoopSpray"],"picked":"Slimebound:SamplingLick","floor":12},{"not_picked":["Slimebound:FinishingTackle","Slimebound:SamplingLick"],"picked":"Slimebound:ViciousTackle","floor":14},{"not_picked":["Slimebound:GoopSpray","Slimebound:Gluttony","Slimebound:SplitMire"],"picked":"SKIP","floor":15},{"not_picked":["Slimebound:SlimeBrawl","Slimebound:GoopSpray"],"picked":"Slimebound:SplitAcid+1","floor":21},{"not_picked":["Slimebound:FormOfPuddle","Slimebound:SplitBruiser"],"picked":"Slimebound:AcidTongue+1","floor":22},{"not_picked":["Slimebound:ViciousTackle+1","Slimebound:Schlurp+1"],"picked":"Slimebound:GoopTackle+1","floor":25},{"not_picked":["Slimebound:LeechingTouch","Slimebound:SplitAcid"],"picked":"Slimebound:SplitLeeching+1","floor":27},{"not_picked":["Slimebound:Dissolve","Slimebound:PressTheAttack"],"picked":"Slimebound:Nibble+1","floor":28},{"not_picked":["Slimebound:LeechingTouch","Slimebound:ComboTackle"],"picked":"Slimebound:Schlurp","floor":29},{"not_picked":["Slimebound:ViciousTackle","Slimebound:Dissolve","Slimebound:SlimeSlap"],"picked":"SKIP","floor":31},{"not_picked":["Slimebound:Nibble","Slimebound:Dissolve"],"picked":"Slimebound:LeechingTouch+1","floor":32}],"player_experience":21852,"relics_obtained":[{"floor":24,"key":"infinitespire:Bottled Soul"}],"event_choices":[{"damage_healed":0,"gold_gain":0,"player_choice":"Upgraded","damage_taken":0,"max_hp_gain":0,"max_hp_loss":0,"event_name":"Upgrade Shrine","floor":6,"gold_loss":0,"cards_upgraded":["Slimebound:Split"]},{"cards_removed":["Slimebound:Defend_Slimebound"],"damage_healed":0,"gold_gain":0,"player_choice":"Took Card","damage_taken":0,"max_hp_gain":0,"max_hp_loss":0,"event_name":"NoteForYourself","floor":20,"gold_loss":0,"cards_obtained":["Iron Wave"]}],"is_beta":false,"boss_relics":[{"not_picked":["ChewingGum","vexMod:RockOfEvil"],"picked":"Runic Pyramid"}],"items_purged_floors":[],"is_endless":false,"potions_floor_spawned":[8,10,11,12,21,25,28,29],"killed_by":"downfall:Silent","ascension_level":0}}