{"host":"4q6g5wn1adpnm0z5","time":1610637804,"event":{"mods":["2.2 Compatiblity","Aspiration","Astrologer","BaseMod","Hubris","Minty Spire (QoL Compilation)","Replay The Spire","StSLib","The Cursed","The Jungle"],"gold_per_floor":[114,131,131,143,143,170,170,200,281,311,323,333,366,376,376,455,455,471,137,137,148,148,179,193,226,226,226,353,367,367,395,395,472,522,484,484,495,523,4,36,36,66,66,100,100,100,110,0,30,45,45,45],"floor_reached":53,"language":"ENG","playtime":4055,"items_purged":["hubris:SharpeningStone"],"score":1769,"play_id":"43625503-1758-4691-bd42-292aaa32f8dd","local_time":"20210114162324","daily_mods":["Insanity","ControlledChaos","Elite Swarm"],"is_ascension_mode":true,"campfire_choices":[{"data":"Body Slam","floor":7.0,"key":"SMITH"},{"data":"Havoc","floor":15.0,"key":"SMITH"},{"data":"Perfected Strike","floor":27.0,"key":"SMITH"},{"data":"Inflame","floor":30.0,"key":"SMITH"},{"data":"Flame Barrier","floor":32.0,"key":"SMITH"},{"data":"True Grit","floor":41.0,"key":"SMITH"},{"data":"Perfected Strike","floor":51,"key":"SMITH"}],"circlet_count":0,"master_deck":["AscendersBane","Body Slam+1","Run Through","Metallicize","Clash","Metallicize","Anger","Clash","Anger","Sword Boomerang","Sword Boomerang","Wild Strike","Anger","Pommel Strike","Headbutt","ReplayTheSpireMod:Strike From Hell","Armaments","Pommel Strike","Anger","Havoc+1","Warcry","Replay:Undeath\u0027s Touch","hubris:ReadiedAction","Whirlwind","Twin Strike+1","True Grit+1","Havoc","Dual Wield","Pommel Strike","Body Slam","Havoc","Cleave","Cleave","Inflame+1","ReplayTheSpireMod:Limb From Limb","Clash","Havoc","Thunderclap","Power Through","Perfected Strike+1","Heavy Blade","Thunderclap","Pommel Strike","Perfected Strike+1","Anger","Twin Strike","Shrug It Off","hubris:ReadiedAction","Iron Wave","Battle Trance","Defy Death","Flame Barrier+1","Feel No Pain","ReplayTheSpireMod:Splinters","Warcry","Shrug It Off+1"],"relics":["Burning Blood","Frozen Eye","ReplayTheSpireMod:Ring of Collecting","Sundial","Darkstone Periapt","Pantograph","Ring of Fury","aspiration:FetidBarrel","Garlic","Replay:Grab Bag","Sozu","ChewingGum","hubris:Backtick","Eternal Feather","Quantum Egg","hubris:Icosahedron","hubris:IronBody","Mirror","Ring of Misfortune","Kunai","Thread and Needle","hubris:CuriousFeather","Tiny House","hubris:MedicalManual","Du-Vu Doll","Sling","Champion Belt","Ginger","Turnip","Blue Doll","Red Mask","Replay:PocketPolymizer"],"acts_visited":["Exordium","TheCity","TheBeyond"],"potions_floor_usage":[52,52],"damage_taken":[{"damage":0.0,"enemies":"Small Slimes","floor":1.0,"turns":2.0},{"damage":0.0,"enemies":"2 Louse","floor":2.0,"turns":1.0},{"damage":9.0,"enemies":"Jaw Worm","floor":4.0,"turns":2.0},{"damage":14.0,"enemies":"Replay:BlueRogue","floor":6.0,"turns":3.0},{"damage":11.0,"enemies":"Gremlin Nob","floor":8.0,"turns":3.0},{"damage":11.0,"enemies":"3 Sentries","floor":10.0,"turns":3.0},{"damage":0.0,"enemies":"Large Slime","floor":11.0,"turns":3.0},{"damage":4.0,"enemies":"3 Louse","floor":12.0,"turns":2.0},{"damage":20.0,"enemies":"Lagavulin","floor":13.0,"turns":3.0},{"damage":0.0,"enemies":"2 Fungi Beasts","floor":14.0,"turns":1.0},{"damage":1.0,"enemies":"Fading Forest","floor":16.0,"turns":11.0},{"damage":6.0,"enemies":"Chosen","floor":18.0,"turns":2.0},{"damage":5.0,"enemies":"Shell Parasite","floor":21.0,"turns":2.0},{"damage":20.0,"enemies":"Slavers","floor":23.0,"turns":3.0},{"damage":10.0,"enemies":"Snake Plant","floor":24.0,"turns":3.0},{"damage":7.0,"enemies":"Replay:Snechameleon","floor":25.0,"turns":4.0},{"damage":10.0,"enemies":"Gremlin Leader","floor":28.0,"turns":4.0},{"damage":6.0,"enemies":"Centurion and Healer","floor":29.0,"turns":3.0},{"damage":0.0,"enemies":"Replay:Snechameleon","floor":31.0,"turns":6.0},{"damage":38.0,"enemies":"Champ","floor":33.0,"turns":8.0},{"damage":9.0,"enemies":"3 Darklings","floor":35.0,"turns":4.0},{"damage":4.0,"enemies":"3 Shapes","floor":37.0,"turns":5.0},{"damage":43.0,"enemies":"Nemesis","floor":40.0,"turns":5.0},{"damage":0.0,"enemies":"Giant Head","floor":42.0,"turns":5.0},{"damage":4.0,"enemies":"Reptomancer","floor":44.0,"turns":4.0},{"damage":4.0,"enemies":"Spire Growth","floor":47.0,"turns":4.0},{"damage":0.0,"enemies":"Giant Head","floor":49.0,"turns":5.0},{"damage":7.0,"enemies":"4 Shapes","floor":50.0,"turns":7.0},{"damage":15,"enemies":"Donu and Deca","floor":52,"turns":5}],"seed_played":"-60581244521313356","potions_obtained":[{"floor":2.0,"key":"AttackPotion"},{"floor":4.0,"key":"HeartOfIron"},{"floor":6.0,"key":"Dexterity Potion"},{"floor":16.0,"key":"Swift Potion"}],"is_trial":true,"path_per_floor":["M","M","?","M","?","E","R","E","T","E","M","M","E","M","R","B",null,"M","$","?","M","?","E","M","E","T","R","E","M","R","E","R","B",null,"M","?","M","?","$","E","R","E","T","E","PTL","PTL","M","?","E","M","R","B",null],"character_chosen":"IRONCLAD","items_purchased":["Quantum Egg","Du-Vu Doll","Sling","Warcry"],"campfire_rested":0,"item_purchase_floors":[19,39,39,39],"current_hp_per_floor":[74,75,75,72,72,64,64,59,59,54,60,62,48,54,54,75,75,75,75,75,75,75,61,57,56,56,75,71,71,75,75,75,43,72,69,69,71,77,77,40,73,79,79,81,81,81,83,83,86,85,86,77],"gold":45,"neow_bonus":"","is_daily":false,"chose_seed":false,"campfire_upgraded":7,"win_rate":0.0,"timestamp":1610637804,"path_taken":["M","M","?","M","?","E","R","E","T","E","M","M","E","M","R","BOSS","M","$","?","M","?","E","M","E","T","R","E","?","R","E","R","BOSS","M","?","M","?","$","E","R","E","T","E","PTL","PTL","M","?","E","M","R","BOSS"],"items_purchased_type":["Relic","Relic","Relic","Card"],"build_version":"2020-12-22","purchased_purges":1,"victory":true,"max_hp_per_floor":[75,75,75,75,75,75,75,75,75,75,75,75,75,75,75,75,75,75,75,75,75,75,75,75,75,75,75,75,75,75,75,75,75,80,80,80,80,86,86,86,86,86,86,86,86,86,86,86,86,86,86,86],"card_choices":[{"not_picked":["Warcry","ReplayTheSpireMod:LeadingStrike","ReplayTheSpireMod:Strike From Hell"],"picked":"SKIP","floor":1.0},{"not_picked":["Heavy Blade","ReplayTheSpireMod:Strike From Hell"],"picked":"Iron Wave","floor":2.0},{"not_picked":["Flex","Reckless Charge","Clash"],"picked":"SKIP","floor":4.0},{"not_picked":["Exhume","Eclipse","Reaper"],"picked":"SKIP","floor":6.0},{"not_picked":["Double Tap","Brutality","Bludgeon"],"picked":"SKIP","floor":8.0},{"not_picked":["Eclipse","hubris:StunningStrike","Feed"],"picked":"SKIP","floor":10.0},{"not_picked":["Sword Boomerang","Run Through"],"picked":"Battle Trance","floor":11.0},{"not_picked":["ReplayTheSpireMod:Limb From Limb","Clothesline","Burning Pact"],"picked":"SKIP","floor":12.0},{"not_picked":["Bludgeon","Replay:Many Hands","Double Tap"],"picked":"SKIP","floor":13.0},{"not_picked":["Life Link","Sword Boomerang","True Grit"],"picked":"SKIP","floor":14.0},{"not_picked":["Searing Blow","Wild Strike"],"picked":"Defy Death","floor":18.0},{"not_picked":["Defy Death","Dual Wield"],"picked":"Flame Barrier","floor":21.0},{"not_picked":["Eclipse","Fiend Fire","Immolate"],"picked":"SKIP","floor":23.0},{"not_picked":["Headbutt","Replay:Undeath\u0027s Touch","Clash"],"picked":"SKIP","floor":24.0},{"not_picked":["Feed","Demonic Infusion","Replay:Many Hands"],"picked":"SKIP","floor":25.0},{"not_picked":["Barricade","Reaper","Replay:Many Hands"],"picked":"SKIP","floor":28.0},{"not_picked":["Evolve","Infernal Blade","Rupture"],"picked":"SKIP","floor":29.0},{"not_picked":["Exhume","Replay:Many Hands","Limit Break"],"picked":"SKIP","floor":31.0},{"not_picked":["Flex","Cleave"],"picked":"Feel No Pain","floor":34.0},{"not_picked":["ReplayTheSpireMod:Limb From Limb","hubris:ReadiedAction","Dark Embrace"],"picked":"SKIP","floor":35.0},{"not_picked":["Seeing Red","Sword Boomerang","hubris:ReadiedAction"],"picked":"SKIP","floor":37.0},{"not_picked":["Replay:Many Hands","Exhume","Demonic Infusion"],"picked":"SKIP","floor":40.0},{"not_picked":["Barricade","Replay:Many Hands","Immolate"],"picked":"SKIP","floor":42.0},{"not_picked":["Fiend Fire","Exhume","Reaper"],"picked":"SKIP","floor":44.0},{"not_picked":["Dual Wield","Intimidate","Combust+1"],"picked":"SKIP","floor":47.0},{"not_picked":["Replay:Many Hands","Immolate","Juggernaut"],"picked":"SKIP","floor":49.0},{"not_picked":["Second Wind","Flex+1"],"picked":"Shrug It Off+1","floor":50.0}],"player_experience":2346793,"relics_obtained":[{"floor":5.0,"key":"ReplayTheSpireMod:Ring of Collecting"},{"floor":6.0,"key":"Sundial"},{"floor":8.0,"key":"Darkstone Periapt"},{"floor":9.0,"key":"Pantograph"},{"floor":9.0,"key":"Ring of Fury"},{"floor":10.0,"key":"aspiration:FetidBarrel"},{"floor":13.0,"key":"Garlic"},{"floor":23.0,"key":"hubris:IronBody"},{"floor":25.0,"key":"Mirror"},{"floor":26.0,"key":"Ring of Misfortune"},{"floor":26.0,"key":"Kunai"},{"floor":28.0,"key":"Thread and Needle"},{"floor":31.0,"key":"hubris:CuriousFeather"},{"floor":38.0,"key":"hubris:MedicalManual"},{"floor":40.0,"key":"Champion Belt"},{"floor":42.0,"key":"Ginger"},{"floor":43.0,"key":"Turnip"},{"floor":44.0,"key":"Blue Doll"},{"floor":49.0,"key":"Replay:PocketPolymizer"}],"event_choices":[{"cards_removed":["Combust"],"damage_healed":0.0,"max_hp_gain":0.0,"max_hp_loss":0.0,"gold_gain":0.0,"event_name":"Living Wall","player_choice":"Forget","floor":3.0,"gold_loss":0.0,"damage_taken":0.0},{"damage_healed":0.0,"max_hp_gain":0.0,"max_hp_loss":0.0,"gold_gain":0.0,"event_name":"Vampires","player_choice":"Ignored","floor":22.0,"gold_loss":0.0,"damage_taken":0.0},{"cards_removed":["Warcry"],"damage_healed":0.0,"max_hp_gain":0.0,"max_hp_loss":0.0,"gold_gain":0.0,"event_name":"Falling","player_choice":"Removed Skill","floor":36.0,"gold_loss":0.0,"damage_taken":0.0},{"damage_healed":0.0,"max_hp_gain":0.0,"max_hp_loss":0.0,"gold_gain":0.0,"event_name":"Tomb of Lord Red Mask","player_choice":"Paid","floor":48.0,"gold_loss":110.0,"damage_taken":0.0,"relics_obtained":["Red Mask"]}],"is_beta":false,"boss_relics":[{"not_picked":["Kintsugi","Black Star"],"picked":"Replay:Grab Bag"},{"not_picked":["aspiration:FutureDiary","ReplayTheSpireMod:Onyx Gauntlets"],"picked":"Sozu"},{"not_picked":["Runic Dome","Replay:Wanted Poster"],"picked":"ChewingGum"},{"not_picked":["aspiration:RitualDagger","hubris:ScarierMask"],"picked":"hubris:Backtick"},{"not_picked":["Replay:Ancient Bell","aspiration:PoetsPen_weak"],"picked":"Tiny House"}],"items_purged_floors":[19],"is_endless":false,"potions_floor_spawned":[2,4,6,16,25,31,33,40,44],"ascension_level":14}}