{"host":"x3qmax6e7jj3tga5","time":1610592630,"event":{"mods":["BaseMod","Custom Start","Minty Spire (QoL Compilation)","StSLib"],"gold_per_floor":[119,137,137,154,154,154,154,186,186,203,218,229,49,61,61,163,163,181,199,199,199,7,7,42,42,42,52,52,2,19,36,36,132,132,151,163,176,176,194,229,229,229,229,274,291,291,59,88,88,88],"floor_reached":51,"language":"ENG","playtime":4835,"items_purged":["Strike_G"],"score":754,"play_id":"e17dea1d-6b4b-42ae-9ed1-3137b31bf88a","local_time":"20210113205030","is_ascension_mode":false,"campfire_choices":[{"data":"1","floor":6,"key":"LIFT"},{"floor":15,"key":"REST"},{"data":"2","floor":23,"key":"LIFT"},{"floor":25,"key":"REST"},{"data":"Acrobatics","floor":28,"key":"SMITH"},{"floor":32,"key":"REST"},{"floor":41,"key":"REST"},{"floor":49,"key":"REST"}],"circlet_count":0,"master_deck":["Strike_G","Strike_G","Defend_G","Defend_G","Defend_G","Defend_G+1","Defend_G","Survivor","Neutralize","Bane","Dagger Throw","Blade Dance","Dagger Throw","Leg Sweep","Dodge and Roll+1","Wraith Form v2","Predator","Tactician","Noxious Fumes","Envenom","Deflect","Dodge and Roll","Noxious Fumes","PiercingWail","Acrobatics+1","Footwork","Dagger Throw","After Image","Dagger Throw+1","Deadly Poison+1","Infinite Blades","Well Laid Plans","Good Instincts"],"relics":["Ring of the Snake","Girya","Kunai","Matryoshka","HoveringKite","Happy Flower","Mango","Tiny Chest","War Paint","SlaversCollar","Bag of Marbles","StoneCalendar","HornCleat","Bottled Tornado","Bird Faced Urn","Shuriken"],"acts_visited":["Exordium","TheCity","TheBeyond"],"potions_floor_usage":[24,24,37,50,50],"damage_taken":[{"damage":3,"enemies":"Jaw Worm","floor":1,"turns":4},{"damage":3,"enemies":"2 Louse","floor":2,"turns":4},{"damage":0,"enemies":"Cultist","floor":4,"turns":3},{"damage":16,"enemies":"3 Sentries","floor":8,"turns":7},{"damage":0,"enemies":"3 Louse","floor":10,"turns":4},{"damage":4,"enemies":"Gremlin Gang","floor":11,"turns":4},{"damage":0,"enemies":"Blue Slaver","floor":12,"turns":3},{"damage":7,"enemies":"Lots of Slimes","floor":14,"turns":4},{"damage":0,"enemies":"The Guardian","floor":16,"turns":13},{"damage":11,"enemies":"Spheric Guardian","floor":18,"turns":5},{"damage":12,"enemies":"3 Byrds","floor":19,"turns":5},{"damage":27,"enemies":"Slavers","floor":24,"turns":5},{"damage":15,"enemies":"Cultist and Chosen","floor":27,"turns":6},{"damage":9,"enemies":"Snake Plant","floor":30,"turns":6},{"damage":7,"enemies":"Centurion and Healer","floor":31,"turns":6},{"damage":21,"enemies":"Champ","floor":33,"turns":12},{"damage":9,"enemies":"Orb Walker","floor":35,"turns":5},{"damage":0,"enemies":"3 Shapes","floor":36,"turns":6},{"damage":11,"enemies":"3 Darklings","floor":37,"turns":5},{"damage":12,"enemies":"Maw","floor":39,"turns":9},{"damage":24,"enemies":"Reptomancer","floor":40,"turns":7},{"damage":47,"enemies":"2 Orb Walkers","floor":44,"turns":7},{"damage":0,"enemies":"4 Shapes","floor":45,"turns":7},{"damage":2,"enemies":"Giant Head","floor":48,"turns":8},{"damage":17,"enemies":"Awakened One","floor":50,"turns":13}],"seed_played":"806261686914600567","potions_obtained":[{"floor":4,"key":"EssenceOfSteel"},{"floor":11,"key":"Block Potion"},{"floor":14,"key":"Energy Potion"},{"floor":24,"key":"BlessingOfTheForge"},{"floor":27,"key":"ColorlessPotion"},{"floor":30,"key":"Fire Potion"},{"floor":35,"key":"PowerPotion"},{"floor":36,"key":"FearPotion"},{"floor":44,"key":"CunningPotion"}],"is_trial":false,"path_per_floor":["M","M","?","M","?","R","?","E","T","M","M","M","$","M","R","B",null,"M","M","?","?","$","R","E","R","T","M","R","?","M","M","R","B",null,"M","M","M","T","M","E","R","?","T","?","M","T","$","E","R","B",null],"character_chosen":"THE_SILENT","items_purchased":["Tactician","Noxious Fumes","Poisoned Stab","Happy Flower","Noxious Fumes","Well Laid Plans","Good Instincts"],"campfire_rested":5,"item_purchase_floors":[13,13,13,22,22,47,47],"current_hp_per_floor":[60,57,50,50,55,55,55,39,39,39,35,35,35,28,48,48,68,57,45,45,45,45,45,32,56,56,41,41,41,32,25,49,28,82,73,73,62,62,50,26,50,50,50,3,15,15,15,27,51,50],"gold":88,"neow_bonus":"ONE_RARE_RELIC","is_daily":false,"chose_seed":false,"campfire_upgraded":1,"win_rate":0.0,"timestamp":1610592630,"path_taken":["M","M","?","M","?","R","?","E","T","M","M","M","$","M","R","BOSS","M","M","?","?","$","R","E","R","T","?","R","?","?","M","R","BOSS","M","M","M","?","?","E","R","?","T","?","M","?","$","E","R","BOSS"],"items_purchased_type":["Card","Card","Card","Relic","Card","Card","Card"],"build_version":"2020-12-22","purchased_purges":1,"victory":true,"max_hp_per_floor":[63,63,63,63,68,68,68,68,68,68,68,68,68,68,68,68,68,68,68,68,68,68,68,82,82,82,82,82,82,82,82,82,82,82,82,82,82,82,82,82,82,82,82,82,82,82,82,82,82,82],"card_choices":[{"not_picked":["Acrobatics","PiercingWail"],"picked":"Bane","floor":1},{"not_picked":["Eviscerate","Setup"],"picked":"Dagger Throw","floor":2},{"not_picked":["Dagger Throw","Deflect"],"picked":"Blade Dance","floor":4},{"not_picked":["Outmaneuver","Terror"],"picked":"Leg Sweep","floor":8},{"not_picked":["Prepared","Sucker Punch"],"picked":"Dodge and Roll","floor":10},{"not_picked":["Backstab","Well Laid Plans"],"picked":"Wraith Form v2","floor":11},{"not_picked":["Accuracy","Escape Plan"],"picked":"Predator","floor":12},{"not_picked":["Bane","Dagger Throw","Dagger Spray"],"picked":"SKIP","floor":14},{"not_picked":["Storm of Steel","Burst"],"picked":"Envenom","floor":16},{"not_picked":["Flying Knee","Backstab"],"picked":"Deflect","floor":18},{"not_picked":["Outmaneuver","Flying Knee"],"picked":"Dodge and Roll","floor":19},{"not_picked":["Dodge and Roll","Expertise+1"],"picked":"PiercingWail","floor":24},{"not_picked":["Poisoned Stab","Dodge and Roll+1"],"picked":"Acrobatics","floor":27},{"not_picked":["Expertise+1","Finisher"],"picked":"Footwork","floor":30},{"not_picked":["Bullet Time","Bouncing Flask+1"],"picked":"Dagger Throw","floor":31},{"not_picked":["Doppelganger","Storm of Steel"],"picked":"After Image","floor":33},{"not_picked":["Skewer","Flying Knee+1","All Out Attack"],"picked":"SKIP","floor":35},{"not_picked":["Poisoned Stab","Blur+1"],"picked":"Dagger Throw+1","floor":36},{"not_picked":["Predator","PiercingWail","Dodge and Roll+1"],"picked":"SKIP","floor":37},{"not_picked":["Poisoned Stab+1","Finisher+1"],"picked":"Deadly Poison+1","floor":39},{"not_picked":["Concentrate+1","Leg Sweep+1"],"picked":"Infinite Blades","floor":40},{"not_picked":["Finisher","Heel Hook","Blade Dance"],"picked":"SKIP","floor":45},{"not_picked":["Poisoned Stab","Unload","Underhanded Strike"],"picked":"SKIP","floor":48}],"player_experience":295173,"relics_obtained":[{"floor":8,"key":"Kunai"},{"floor":9,"key":"Matryoshka"},{"floor":24,"key":"Mango"},{"floor":26,"key":"Tiny Chest"},{"floor":26,"key":"War Paint"},{"floor":38,"key":"Bag of Marbles"},{"floor":38,"key":"StoneCalendar"},{"floor":40,"key":"HornCleat"},{"floor":43,"key":"Bottled Tornado"},{"floor":44,"key":"Bird Faced Urn"},{"floor":48,"key":"Shuriken"}],"event_choices":[{"cards_removed":["Strike_G"],"damage_healed":0,"gold_gain":0,"player_choice":"Card Removal","damage_taken":7,"max_hp_gain":0,"max_hp_loss":0,"event_name":"Golden Wing","floor":3,"gold_loss":0},{"damage_healed":0,"gold_gain":0,"player_choice":"Donut","damage_taken":0,"max_hp_gain":5,"max_hp_loss":0,"event_name":"Big Fish","floor":5,"gold_loss":0},{"damage_healed":0,"gold_gain":0,"player_choice":"1 cards matched","damage_taken":0,"max_hp_gain":0,"max_hp_loss":0,"event_name":"Match and Keep!","floor":7,"gold_loss":0,"cards_obtained":["Dagger Throw"]},{"damage_healed":0,"gold_gain":0,"player_choice":"Ignored","damage_taken":0,"max_hp_gain":0,"max_hp_loss":0,"event_name":"The Mausoleum","floor":20,"gold_loss":0},{"cards_removed":["Strike_G"],"damage_healed":0,"gold_gain":0,"player_choice":"Offered Basic","damage_taken":0,"max_hp_gain":0,"max_hp_loss":0,"event_name":"Bonfire Elementals","floor":21,"gold_loss":0},{"damage_healed":0,"gold_gain":0,"player_choice":"Bet on Murderer","damage_taken":0,"max_hp_gain":0,"max_hp_loss":0,"event_name":"The Joust","floor":29,"gold_loss":50},{"cards_removed":["Poisoned Stab"],"damage_healed":0,"gold_gain":0,"player_choice":"Removed Attack","damage_taken":0,"max_hp_gain":0,"max_hp_loss":0,"event_name":"Falling","floor":42,"gold_loss":0},{"damage_healed":0,"gold_gain":0,"player_choice":"Fight","damage_taken":0,"max_hp_gain":0,"max_hp_loss":0,"event_name":"Mysterious Sphere","floor":44,"gold_loss":0}],"is_beta":false,"boss_relics":[{"not_picked":["Astrolabe","Ring of the Serpent"],"picked":"HoveringKite"},{"not_picked":["Coffee Dripper","Calling Bell"],"picked":"SlaversCollar"}],"items_purged_floors":[47],"is_endless":false,"potions_floor_spawned":[4,11,14,16,24,27,30,33,35,36,44],"ascension_level":0}}