{"host":"4rvakrj1idbgia3f","time":1610602661,"event":{"mods":["BaseMod","Colored Map","Colored Powertips","DeckTracker","Highlight Path","Minty Spire (QoL Compilation)","Random Character Button","StSLib"],"gold_per_floor":[209,120,120,134,59,59,77,77,77,104,104,104,24,51,51,127,127,146,158,158,158,158,158,186,198,198],"floor_reached":25,"language":"JPN","playtime":748,"items_purged":["Strike_B"],"score":450,"play_id":"685fdd95-50c0-41e6-8a88-0ac0ca563190","local_time":"20210114143741","is_ascension_mode":true,"campfire_choices":[{"data":"Zap","floor":6.0,"key":"SMITH"},{"data":"Hologram","floor":8.0,"key":"SMITH"},{"floor":11.0,"key":"REST"},{"data":"Hologram","floor":15.0,"key":"SMITH"},{"data":"Creative AI","floor":23.0,"key":"SMITH"}],"circlet_count":0,"master_deck":["AscendersBane","Strike_B","Defend_B","Defend_B","Defend_B+1","Defend_B+1","Zap+1","Dualcast","Gash","FTL","Gash","Hologram+1","Ball Lightning","Gash","Hologram+1","Steam","Creative AI+1","Go for the Eyes","Conserve Battery"],"relics":["Cracked Core","Vajra","Shuriken","Orichalcum","Cursed Key","MawBank"],"acts_visited":["Exordium","TheCity"],"potions_floor_usage":[24,24],"damage_taken":[{"damage":6.0,"enemies":"Cultist","floor":1.0,"turns":4.0},{"damage":7.0,"enemies":"Small Slimes","floor":4.0,"turns":2.0},{"damage":4.0,"enemies":"Jaw Worm","floor":7.0,"turns":3.0},{"damage":22.0,"enemies":"Lagavulin","floor":10.0,"turns":5.0},{"damage":3.0,"enemies":"Gremlin Nob","floor":14.0,"turns":3.0},{"damage":16.0,"enemies":"Hexaghost","floor":16.0,"turns":8.0},{"damage":12.0,"enemies":"3 Byrds","floor":18.0,"turns":5.0},{"damage":6.0,"enemies":"Chosen","floor":19.0,"turns":5.0},{"damage":18,"enemies":"Book of Stabbing","floor":24,"turns":5},{"damage":22,"enemies":"Snake Plant","floor":25,"turns":4}],"seed_played":"-3463929217478538599","potions_obtained":[{"floor":1.0,"key":"Regen Potion"},{"floor":4.0,"key":"SteroidPotion"},{"floor":19.0,"key":"SkillPotion"}],"is_trial":false,"path_per_floor":["M","$","?","M","$","R","M","R","T","E","R","?","$","E","R","B",null,"M","M","?","?","?","R","E","M"],"character_chosen":"DEFECT","items_purchased":["FTL","Gash","Hologram"],"campfire_rested":1,"item_purchase_floors":[2,13,13],"current_hp_per_floor":[58,58,37,30,30,30,26,26,26,16,37,30,30,27,27,11,56,44,38,38,38,38,38,20,0,0],"gold":198,"neow_bonus":"HUNDRED_GOLD","is_daily":false,"chose_seed":false,"campfire_upgraded":4,"win_rate":0.0,"timestamp":1610602661,"path_taken":["M","?","?","M","$","R","M","R","T","E","R","?","?","E","R","BOSS","M","M","?","?","?","R","E","M"],"items_purchased_type":["Card","Card","Card"],"build_version":"2020-12-22","purchased_purges":1,"victory":false,"max_hp_per_floor":[71,71,71,71,71,71,71,71,71,71,71,71,71,71,71,71,71,71,71,71,71,71,71,71,71,71],"card_choices":[{"not_picked":["Double Energy","Leap"],"picked":"Gash","floor":1.0},{"not_picked":["Chaos","Hello World"],"picked":"Gash","floor":4.0},{"not_picked":["Compile Driver","Rebound"],"picked":"Hologram","floor":7.0},{"not_picked":["Hello World","Stack"],"picked":"Ball Lightning","floor":10.0},{"not_picked":["Amplify","Streamline"],"picked":"Steam","floor":14.0},{"not_picked":["Biased Cognition","Amplify"],"picked":"Creative AI","floor":16.0},{"not_picked":["Rebound","Hologram"],"picked":"Go for the Eyes","floor":18.0},{"not_picked":["Sweeping Beam","Redo+1","Fusion"],"picked":"SKIP","floor":19.0},{"not_picked":["Lockon","BootSequence"],"picked":"Conserve Battery","floor":24}],"player_experience":2024707,"relics_obtained":[{"floor":9.0,"key":"Vajra"},{"floor":10.0,"key":"Shuriken"},{"floor":14.0,"key":"Orichalcum"},{"floor":24,"key":"MawBank"}],"event_choices":[{"damage_healed":0.0,"max_hp_gain":0.0,"max_hp_loss":0.0,"gold_gain":0.0,"event_name":"Shining Light","player_choice":"Entered Light","floor":3.0,"gold_loss":0.0,"damage_taken":21.0,"cards_upgraded":["Defend_B","Defend_B"]},{"cards_removed":["Strike_B"],"damage_healed":0.0,"max_hp_gain":0.0,"max_hp_loss":0.0,"gold_gain":0.0,"event_name":"Golden Wing","player_choice":"Card Removal","floor":12.0,"gold_loss":0.0,"damage_taken":7.0},{"cards_removed":["Strike_B"],"damage_healed":0.0,"max_hp_gain":0.0,"max_hp_loss":0.0,"gold_gain":0.0,"event_name":"Back to Basics","player_choice":"Elegance","floor":20.0,"gold_loss":0.0,"damage_taken":0.0},{"damage_healed":0.0,"max_hp_gain":0.0,"max_hp_loss":0.0,"gold_gain":0.0,"event_name":"The Mausoleum","player_choice":"Ignored","floor":21.0,"gold_loss":0.0,"damage_taken":0.0},{"damage_healed":0.0,"max_hp_gain":0.0,"max_hp_loss":0.0,"gold_gain":0.0,"event_name":"Cursed Tome","player_choice":"Ignored","floor":22.0,"gold_loss":0.0,"damage_taken":0.0}],"is_beta":false,"boss_relics":[{"not_picked":["Ectoplasm","Fusion Hammer"],"picked":"Cursed Key"}],"items_purged_floors":[5],"is_endless":false,"potions_floor_spawned":[1,4,7,19],"killed_by":"Snake Plant","ascension_level":20}}