{"host":"usrgk25etjl0nf5i","time":1610589247,"event":{"mods":["2.2 Compatiblity","BaseMod","Downfall","Hubris","Minty Spire (QoL Compilation)","StSLib","SuperFastMode"],"gold_per_floor":[111,111,42,60,60,60,94,94,121,133,220,248,260,260],"floor_reached":13,"language":"ENG","playtime":352,"items_purged":[],"score":122,"play_id":"444f2de0-2d66-4f6a-9d9a-a6dc6972509e","local_time":"20210113175407","is_ascension_mode":true,"campfire_choices":[{"data":"Genetic Algorithm","floor":6,"key":"SMITH"},{"floor":10,"key":"REST"}],"circlet_count":0,"master_deck":["AscendersBane","Strike_B","Strike_B","Strike_B","Defend_B","Defend_B","Defend_B","Defend_B","Zap","Dualcast","All For One","White Noise","Genetic Algorithm+1","Go for the Eyes","Injury","Double Energy","Hologram","Hologram"],"relics":["Cracked Core","Golden Idol","Ginger","MawBank"],"acts_visited":["Exordium"],"potions_floor_usage":[7,13,13],"damage_taken":[{"damage":9,"enemies":"Small Slimes","floor":1,"turns":4},{"damage":1,"enemies":"Cultist","floor":4,"turns":4},{"damage":27,"enemies":"Gremlin Nob","floor":7,"turns":4},{"damage":3,"enemies":"2 Louse","floor":12,"turns":3},{"damage":24,"enemies":"3 Sentries","floor":13,"turns":5}],"seed_played":"4341943810139155974","potions_obtained":[{"floor":4,"key":"PowerPotion"},{"floor":7,"key":"Block Potion"},{"floor":12,"key":"AttackPotion"}],"is_trial":false,"path_per_floor":["M","?","$","M","?","R","E","?","T","R","?","M","E"],"character_chosen":"DEFECT","items_purchased":["Genetic Algorithm"],"campfire_rested":1,"item_purchase_floors":[3],"current_hp_per_floor":[41,41,41,40,40,40,13,13,13,35,24,21,0,0],"gold":260,"neow_bonus":"THREE_RARE_CARDS","is_daily":false,"chose_seed":false,"campfire_upgraded":1,"win_rate":0.0,"timestamp":1610589247,"path_taken":["M","?","?","?","?","R","E","?","T","R","?","M","E"],"items_purchased_type":["Card"],"build_version":"2020-12-22","purchased_purges":0,"victory":false,"max_hp_per_floor":[75,75,75,75,75,75,75,75,75,75,75,75,75,75],"card_choices":[{"not_picked":["Machine Learning","Biased Cognition"],"picked":"All For One","floor":0},{"not_picked":["Stack","Rip and Tear"],"picked":"White Noise","floor":1},{"not_picked":["Stack","Compile Driver"],"picked":"Go for the Eyes","floor":4},{"not_picked":["Defragment","Chaos"],"picked":"Double Energy","floor":7},{"not_picked":["Undo","Ball Lightning"],"picked":"Hologram","floor":12}],"player_experience":639387,"relics_obtained":[{"floor":7,"key":"Ginger"},{"floor":9,"key":"MawBank"}],"event_choices":[{"cards_removed":["Strike_B"],"damage_healed":0,"gold_gain":0,"player_choice":"Offered Basic","damage_taken":0,"max_hp_gain":0,"max_hp_loss":0,"event_name":"Bonfire Elementals","floor":2,"gold_loss":0},{"damage_healed":0,"gold_gain":0,"player_choice":"Take Wound","damage_taken":0,"relics_obtained":["Golden Idol"],"max_hp_gain":0,"max_hp_loss":0,"event_name":"Golden Idol","floor":5,"gold_loss":0,"cards_obtained":["Injury"]},{"damage_healed":0,"gold_gain":75,"player_choice":"Gather Gold","damage_taken":11,"max_hp_gain":0,"max_hp_loss":0,"event_name":"World of Goop","floor":11,"gold_loss":0}],"is_beta":false,"boss_relics":[],"items_purged_floors":[],"is_endless":false,"potions_floor_spawned":[4,7,12],"killed_by":"3 Sentries","ascension_level":10}}