{"host":"52m1o8iwwagurbjs","time":1610638119,"event":{"mods":["AchievementEnabler","BaseMod","Bestiary","Colored Powertips","GifTheSpireLib","Minty Spire (QoL Compilation)","Quick Restart","RNG Fix","Relic Stats","StSLib"],"gold_per_floor":[113,124,49,14,29,29,57,74,74,74,87,87,162,189,189,189,189],"floor_reached":16,"language":"ENG","playtime":491,"items_purged":["Strike_B"],"score":263,"play_id":"4bc277b9-849a-4991-8841-aee2a1d07727","local_time":"20210114102839","is_ascension_mode":true,"campfire_choices":[{"data":"Lockon","floor":6,"key":"SMITH"},{"data":"Fission","floor":10,"key":"SMITH"},{"data":"Doom and Gloom","floor":12,"key":"SMITH"},{"floor":15,"key":"REST"}],"circlet_count":0,"master_deck":["AscendersBane","Strike_B","Strike_B","Strike_B","Defend_B","Defend_B","Defend_B","Defend_B","Zap","Dualcast","Leap","Doom and Gloom+1","Lockon+1","Rebound","Fission+1","Self Repair"],"relics":["Cracked Core","Juzu Bracelet","Centennial Puzzle","Pear"],"acts_visited":["Exordium"],"potions_floor_usage":[7,8],"damage_taken":[{"damage":4,"enemies":"Jaw Worm","floor":1,"turns":3},{"damage":0,"enemies":"Small Slimes","floor":2,"turns":4},{"damage":3,"enemies":"2 Louse","floor":5,"turns":3},{"damage":0,"enemies":"Lagavulin","floor":7,"turns":8},{"damage":25,"enemies":"Exordium Thugs","floor":8,"turns":3},{"damage":8,"enemies":"Blue Slaver","floor":11,"turns":2},{"damage":20,"enemies":"3 Sentries","floor":14,"turns":4},{"damage":45,"enemies":"The Guardian","floor":16,"turns":12}],"seed_played":"1025305912076648026","potions_obtained":[{"floor":2,"key":"PowerPotion"},{"floor":5,"key":"Fire Potion"}],"is_trial":false,"path_per_floor":["M","M","$","?","M","R","E","M","T","R","M","R","?","E","R","B"],"character_chosen":"DEFECT","items_purchased":[],"campfire_rested":1,"item_purchase_floors":[],"current_hp_per_floor":[60,60,60,71,68,68,68,43,43,43,35,35,24,21,45,0,0],"gold":189,"neow_bonus":"RANDOM_COMMON_RELIC","is_daily":false,"chose_seed":false,"campfire_upgraded":3,"win_rate":0.0,"timestamp":1610638119,"path_taken":["M","M","$","?","M","R","E","M","T","R","M","R","?","E","R","BOSS"],"items_purchased_type":[],"build_version":"2020-12-22","purchased_purges":1,"victory":false,"max_hp_per_floor":[71,71,71,71,71,71,71,71,71,71,71,71,71,81,81,81,81],"relic_stats":{"Centennial Puzzle":[12],"counters":[8,39],"Juzu Bracelet":0,"obtain_stats":[{"Centennial Puzzle":7,"Pear":14,"Juzu Bracelet":0,"Cracked Core":0},{"Centennial Puzzle":4,"Pear":7,"Juzu Bracelet":0,"Cracked Core":0},{"Centennial Puzzle":18,"Pear":27,"Juzu Bracelet":0,"Cracked Core":0}]},"card_choices":[{"not_picked":["Barrage","Redo"],"picked":"Leap","floor":1},{"not_picked":["Capacitor","Steam"],"picked":"Doom and Gloom","floor":2},{"not_picked":["Steam","Fusion"],"picked":"Lockon","floor":5},{"not_picked":["Steam","Gash"],"picked":"Rebound","floor":7},{"not_picked":["Streamline","Static Discharge"],"picked":"Fission","floor":8},{"not_picked":["Conserve Battery","Go for the Eyes"],"picked":"Self Repair","floor":11},{"not_picked":["Rip and Tear","Genetic Algorithm","Fusion"],"picked":"SKIP","floor":14}],"player_experience":1117852,"relics_obtained":[{"floor":7,"key":"Centennial Puzzle"},{"floor":14,"key":"Pear"}],"event_choices":[{"damage_healed":17,"gold_gain":0,"player_choice":"Healed","damage_taken":0,"max_hp_gain":0,"max_hp_loss":0,"event_name":"The Cleric","floor":4,"gold_loss":35},{"damage_healed":0,"gold_gain":75,"player_choice":"Gather Gold","damage_taken":11,"max_hp_gain":0,"max_hp_loss":0,"event_name":"World of Goop","floor":13,"gold_loss":0}],"is_beta":false,"boss_relics":[],"items_purged_floors":[3],"is_endless":false,"potions_floor_spawned":[2,5],"killed_by":"The Guardian","ascension_level":19}}