{"host":"3845m0wekkhud1e6","time":1610583491,"event":{"mods":["2.2 Compatiblity","AchievementEnabler","Act Like it!","Aspiration","BaseMod","Beaked The Cultist","Better Altar","Better Match","Better Note","Better Sensory Stone","Better Skull","Better Third Choice","BetterRewards","Block Reminder","Challenge The Spire","Colored Powertips","Conspire","Dark Map","Downfall","Energized Spire","GifTheSpireLib","GungeonMod","Halation","Hallownest","Hermit","Hubris","Infinite Spire","Mad Scientist","Marisa????????","Minty Spire (QoL Compilation)","Permanent Neow","RNG Fix","Random Character Button","Rare Cards Sparkle","Replay The Spire","Shop Mod","Spicy Shops","Spikes Relics","StSLib","Strawberry Spire","Stuff the Spire","The Blue Laboratory","The Bug Knight","The Construct","The Cursed","The Disciple","The Hayseed","The Jungle","The Poker Player","The Problem Sleuth","The Sage","The Spell Scribe","TheArtist","Trackpad","Uncapped","Unknown Chances","Wandering Minibosses","vexMod"],"gold_per_floor":[109,109,119,119,119,119,146,196,223,258,114,131,181,209,209,306,306,324,324,374,436,449,478,478,508,508,508,508,523,540,558,558,653,653,708,822,797,847,847,847],"floor_reached":39,"language":"ENG","playtime":2840,"items_purged":["Strike_G","Strike_G"],"score":789,"play_id":"51f4a9b5-8962-4f55-8e21-552e39099fec","local_time":"20210114011811","is_ascension_mode":true,"campfire_choices":[{"data":"infinitespire:Collect","floor":6,"key":"SMITH"},{"data":"Strike_G","floor":15,"key":"PURGE"},{"floor":24,"key":"REST"},{"floor":27,"key":"REST"},{"floor":28,"key":"REST"},{"floor":32,"key":"DIG"}],"circlet_count":0,"master_deck":["Strike_G","Defend_G","Defend_G","Defend_G","Defend_G","Defend_G","Survivor","Neutralize","Poisoned Stab","infinitespire:Collect+1","Poisoned Stab","Dagger Spray","Distraction","Flying Knee","Flying Knee","Dagger Throw","Replay:SS_hec_2","Sucker Punch","ReplayTheSpireMod:The Works","Die Die Die","Acrobatics+1","PiercingWail","Bane+1","StuffTheSpire:Repulse+1","StuffTheSpire:BrimstoneBlast+1","Adrenaline","StuffTheSpire:Injection+1","Adrenaline","Catalyst+1","expansioncontent:BronzeBeam+1"],"relics":["Ring of the Snake","NeowsBlessing","SsserpentHead","halation:QuantumPhysicsTextbook","hubris:SlimyHat","Mercury Hourglass","BargainBundle","ReplayTheSpireMod:Lightbulb","Pantograph","halation:Prosthetics","aspiration:EmptySkull","HornCleat","halation:BlackBeret","DemoMod:MeltedRock","trackpad:Mousetrap","infinitespire:EvilPickle","sagemod:Falmels_Amulet","hubris:Icosahedron"],"acts_visited":["Exordium","TheCity","TheBeyond"],"potions_floor_usage":[14,22,25,25,31,39,39],"damage_taken":[{"damage":0,"enemies":"conspire:RoseBush","floor":1,"turns":1},{"damage":0,"enemies":"2 Louse","floor":3,"turns":1},{"damage":0,"enemies":"Gremlin Nob","floor":7,"turns":1},{"damage":19,"enemies":"HollowMod:MossKnight","floor":10,"turns":8},{"damage":1,"enemies":"Jaw Worm","floor":12,"turns":2},{"damage":0,"enemies":"strawberrySpire:EnergyPylons","floor":14,"turns":4},{"damage":6,"enemies":"The Guardian","floor":16,"turns":10},{"damage":1,"enemies":"3 Byrds","floor":18,"turns":4},{"damage":2,"enemies":"Chosen","floor":21,"turns":3},{"damage":8,"enemies":"Shelled Parasite and Fungi","floor":22,"turns":5},{"damage":13,"enemies":"conspire:SneckoGhost","floor":23,"turns":6},{"damage":19,"enemies":"Gremlin Leader","floor":25,"turns":5},{"damage":0,"enemies":"Snecko","floor":29,"turns":4},{"damage":0,"enemies":"Cultist and Chosen","floor":30,"turns":4},{"damage":0,"enemies":"conspire:HollyBat","floor":31,"turns":4},{"damage":17,"enemies":"Pondfish","floor":33,"turns":14},{"damage":0,"enemies":"3 Shapes","floor":35,"turns":1},{"damage":10,"enemies":"Orb Walker","floor":36,"turns":2},{"damage":50,"enemies":"Transient","floor":39,"turns":1}],"seed_played":"-4896348618393481538","potions_obtained":[{"floor":10,"key":"GamblersBrew"},{"floor":14,"key":"blueLaboratory:Virophage"},{"floor":16,"key":"blueLaboratory:BottleOfVodka"},{"floor":21,"key":"blueLaboratory:HeartbeatPotion"},{"floor":25,"key":"DistilledChaos"},{"floor":29,"key":"blueLaboratory:SuffocatingSmog"},{"floor":36,"key":"SpeedPotion"}],"is_trial":false,"path_per_floor":["M","?","M","?","$","R","E","?","T","E","$","M","T","E","R","B",null,"M","AVR","?","M","M","E","R","E","T","R","R","M","M","M","R","B",null,"M","M","?","?","M"],"character_chosen":"THE_SILENT","items_purchased":["BargainBundle","Poison Potion","ColorlessPotion","blueLaboratory:BottledHope","Flying Knee","Dagger Throw","Replay:SS_hec_2"],"campfire_rested":3,"item_purchase_floors":[11,11,11,11,11,11,11],"current_hp_per_floor":[70,53,53,53,53,53,53,53,53,34,34,33,33,33,33,52,35,34,34,34,32,24,11,21,2,2,12,22,22,22,22,22,18,35,35,25,25,25,0,0],"gold":847,"neow_bonus":"THREE_ENEMY_KILL","is_daily":false,"chose_seed":false,"campfire_upgraded":1,"win_rate":0.0,"timestamp":1610583491,"path_taken":["M","?","?","?","$","R","E","?","T","E","?","M","?","E","R","BOSS","M","AVR","?","?","M","E","R","E","T","R","R","M","M","M","R","BOSS","M","?","?","?","M"],"items_purchased_type":["Relic","Potion","Potion","Potion","Card","Card","Card"],"build_version":"2020-12-22","purchased_purges":2,"victory":false,"max_hp_per_floor":[70,70,70,70,70,70,70,70,70,70,70,70,70,70,70,70,35,35,35,35,35,35,35,35,35,35,35,35,35,35,35,35,35,35,35,35,35,35,35,35],"card_choices":[{"not_picked":["Flying Knee","StuffTheSpire:Incursion"],"picked":"Poisoned Stab","floor":1},{"not_picked":["infinitespire:Gouge","infinitespire:Punishment"],"picked":"infinitespire:Collect","floor":2},{"not_picked":["strawberrySpire:Rummage","Dodge and Roll"],"picked":"Poisoned Stab","floor":3},{"not_picked":["StuffTheSpire:BumpUp","strawberrySpire:SpinKick"],"picked":"Dagger Spray","floor":7},{"not_picked":["ReplayTheSpireMod:Necrosis","ReplayTheSpireMod:Speed Training"],"picked":"Distraction","floor":10},{"not_picked":["Sneak Up","ReplayTheSpireMod:The Works"],"picked":"Sucker Punch","floor":12},{"not_picked":["strawberrySpire:Pant","Hidden Blade"],"picked":"ReplayTheSpireMod:The Works","floor":14},{"not_picked":["Glass Knife","Envenom"],"picked":"Die Die Die","floor":16},{"not_picked":["StuffTheSpire:Shiver","StuffTheSpire:Incursion"],"picked":"Acrobatics+1","floor":18},{"not_picked":["Blade Dance","Riddle With Holes"],"picked":"PiercingWail","floor":21},{"not_picked":["Pace","strawberrySpire:Trickbox+1"],"picked":"Bane+1","floor":22},{"not_picked":["StuffTheSpire:ClusterCrunch+1","Catalyst"],"picked":"StuffTheSpire:Repulse+1","floor":23},{"not_picked":["StuffTheSpire:BumpUp","strawberrySpire:Pant"],"picked":"StuffTheSpire:BrimstoneBlast+1","floor":25},{"not_picked":["StuffTheSpire:ReptileScales","Dash"],"picked":"Adrenaline","floor":29},{"not_picked":["strawberrySpire:Pant","Hidden Blade"],"picked":"StuffTheSpire:Injection+1","floor":30},{"not_picked":["StuffTheSpire:Shiver","StuffTheSpire:ReptileScales","All Out Attack"],"picked":"SKIP","floor":31},{"not_picked":["Night Terror","Doppelganger"],"picked":"Adrenaline","floor":33},{"not_picked":["Flying Knee+1","ReplayTheSpireMod:Tripwire+1","Replay:Poison Smokescreen+1"],"picked":"SKIP","floor":35},{"not_picked":["StuffTheSpire:ClusterCrunch+1","strawberrySpire:DeltaFlow"],"picked":"Catalyst+1","floor":36},{"not_picked":["Replay:SS_fish_3+1","Blind+1"],"picked":"expansioncontent:BronzeBeam+1","floor":37}],"player_experience":337422,"relics_obtained":[{"floor":7,"key":"halation:QuantumPhysicsTextbook"},{"floor":9,"key":"hubris:SlimyHat"},{"floor":10,"key":"Mercury Hourglass"},{"floor":13,"key":"ReplayTheSpireMod:Lightbulb"},{"floor":14,"key":"Pantograph"},{"floor":23,"key":"HornCleat"},{"floor":25,"key":"halation:BlackBeret"},{"floor":26,"key":"DemoMod:MeltedRock"},{"floor":32,"key":"trackpad:Mousetrap"}],"event_choices":[{"damage_healed":0,"gold_gain":0,"player_choice":"Trade","damage_taken":0,"relics_obtained":["SsserpentHead"],"max_hp_gain":0,"max_hp_loss":0,"event_name":"FaceTrader","floor":4,"gold_loss":0},{"damage_healed":0,"gold_gain":0,"player_choice":"Ignored","damage_taken":0,"max_hp_gain":0,"max_hp_loss":0,"event_name":"betterNote:BetterNote","floor":20,"gold_loss":0,"cards_obtained":["hermit:EternalForm"]},{"damage_healed":0,"gold_gain":0,"player_choice":"2","damage_taken":0,"max_hp_gain":0,"max_hp_loss":0,"event_name":"betterMatch:BetterMatch","floor":37,"gold_loss":0,"cards_obtained":["betterMatch:ColorlessUncommonCard"]}],"is_beta":false,"boss_relics":[{"not_picked":["trackpad:Coffee","CosmicIsotope"],"picked":"halation:Prosthetics"},{"not_picked":["trackpad:Trackpad","halation:LoveArrow"],"picked":"sagemod:Falmels_Amulet"}],"items_purged_floors":[11,19],"is_endless":false,"potions_floor_spawned":[10,14,16,21,25,29,36],"killed_by":"Transient","ascension_level":4}}