{"host":"9n6i2vl93jt4o42q","time":1610635231,"event":{"mods":["BaseMod","Minty Spire (QoL Compilation)","Relic Stats"],"gold_per_floor":[119,134,134,151,164,164,193,193,193,205,223,251,251,266,266,340,340,340,25,25,25,25,25,25,25,25],"floor_reached":25,"language":"ENG","playtime":2558,"items_purged":["Strike_B"],"score":404,"play_id":"32ce3246-b8c2-4e4d-9e21-6d6d734da990","local_time":"20210114154031","is_ascension_mode":true,"campfire_choices":[{"floor":6.0,"key":"REST"},{"floor":8.0,"key":"REST"},{"floor":13.0,"key":"REST"},{"data":"Echo Form","floor":15.0,"key":"SMITH"},{"data":"Seek","floor":23.0,"key":"SMITH"}],"circlet_count":0,"master_deck":["AscendersBane","Strike_B","Strike_B","Defend_B","Defend_B","Defend_B","Zap","Dualcast","Darkness","Seek+1","Glacier+1","Hologram+1","Chaos","Coolheaded","Echo Form+1","Conserve Battery","Turbo","Core Surge","Blizzard","Defragment","Glacier+1","Decay","Compile Driver"],"relics":["Cracked Core","Regal Pillow","Letter Opener","Odd Mushroom","Ectoplasm","DollysMirror"],"acts_visited":["Exordium","TheCity"],"potions_floor_usage":[],"damage_taken":[{"damage":4.0,"enemies":"2 Louse","floor":1.0,"turns":2.0},{"damage":1.0,"enemies":"Jaw Worm","floor":2.0,"turns":4.0},{"damage":0.0,"enemies":"Cultist","floor":4.0,"turns":4.0},{"damage":9.0,"enemies":"Exordium Thugs","floor":5.0,"turns":7.0},{"damage":29.0,"enemies":"Gremlin Nob","floor":7.0,"turns":4.0},{"damage":6.0,"enemies":"3 Louse","floor":10.0,"turns":4.0},{"damage":10.0,"enemies":"Large Slime","floor":11.0,"turns":6.0},{"damage":0.0,"enemies":"The Mushroom Lair","floor":12.0,"turns":4.0},{"damage":0.0,"enemies":"Exordium Wildlife","floor":14.0,"turns":5.0},{"damage":32.0,"enemies":"The Guardian","floor":16.0,"turns":16.0},{"damage":5.0,"enemies":"3 Byrds","floor":18.0,"turns":5.0},{"damage":0.0,"enemies":"Chosen","floor":20.0,"turns":6.0},{"damage":7.0,"enemies":"Snake Plant","floor":22.0,"turns":5.0},{"damage":6.0,"enemies":"Centurion and Healer","floor":24.0,"turns":10.0},{"damage":43,"enemies":"Gremlin Leader","floor":25,"turns":2}],"seed_played":"9197047122922622179","potions_obtained":[{"floor":2.0,"key":"Block Potion"},{"floor":4.0,"key":"Energy Potion"},{"floor":12.0,"key":"Weak Potion"},{"floor":16.0,"key":"Block Potion"},{"floor":22.0,"key":"FearPotion"}],"is_trial":false,"path_per_floor":["M","M","?","M","M","R","E","R","T","M","M","?","R","M","R","B",null,"M","$","M","?","M","R","M","E"],"character_chosen":"DEFECT","items_purchased":["Defragment","DollysMirror"],"campfire_rested":3,"item_purchase_floors":[19,19],"current_hp_per_floor":[42,41,20,20,11,32,3,39,39,33,23,23,59,59,59,27,60,55,55,55,55,48,48,42,0,0],"gold":25,"neow_bonus":"TRANSFORM_TWO_CARDS","is_daily":false,"chose_seed":false,"campfire_upgraded":2,"win_rate":0.0,"timestamp":1610635231,"path_taken":["M","M","?","M","M","R","E","R","T","M","M","?","R","M","R","BOSS","M","$","M","?","M","R","M","E"],"items_purchased_type":["Card","Relic"],"build_version":"2020-12-22","purchased_purges":1,"victory":false,"max_hp_per_floor":[71,71,71,71,71,71,71,71,71,71,71,71,71,71,71,71,71,71,71,71,71,71,71,71,71,71],"relic_stats":{"Regal Pillow":30,"counters":[15,84],"Ectoplasm":60,"Letter Opener":[242],"obtain_stats":[{"Regal Pillow":7,"DollysMirror":19,"Ectoplasm":17,"Letter Opener":9,"Odd Mushroom":12,"Cracked Core":0},{"Regal Pillow":5,"DollysMirror":11,"Ectoplasm":10,"Letter Opener":5,"Odd Mushroom":8,"Cracked Core":0},{"Regal Pillow":21,"DollysMirror":61,"Ectoplasm":56,"Letter Opener":21,"Odd Mushroom":35,"Cracked Core":0}]},"card_choices":[{"not_picked":["Sweeping Beam","Recycle"],"picked":"Glacier","floor":1.0},{"not_picked":["Steam Power","Leap"],"picked":"Hologram","floor":2.0},{"not_picked":["Gash","Leap"],"picked":"Chaos","floor":4.0},{"not_picked":["Go for the Eyes","Steam"],"picked":"Coolheaded","floor":5.0},{"not_picked":["Chill","Recycle"],"picked":"Echo Form","floor":7.0},{"not_picked":["Turbo","Gash"],"picked":"Conserve Battery","floor":10.0},{"not_picked":["Heatsinks","Beam Cell","Streamline"],"picked":"SKIP","floor":11.0},{"not_picked":["Lockon","Rebound"],"picked":"Turbo","floor":12.0},{"not_picked":["Conserve Battery","Hello World","Rebound"],"picked":"SKIP","floor":14.0},{"not_picked":["All For One","Rainbow"],"picked":"Core Surge","floor":16.0},{"not_picked":["Consume+1","Tempest"],"picked":"Blizzard","floor":18.0},{"not_picked":["Gash","Hologram","Sweeping Beam"],"picked":"SKIP","floor":20.0},{"not_picked":["Go for the Eyes","Redo"],"picked":"Compile Driver","floor":22.0},{"not_picked":["Stack","Rebound","Ball Lightning"],"picked":"SKIP","floor":24.0}],"player_experience":2076055,"relics_obtained":[{"floor":7.0,"key":"Regal Pillow"},{"floor":9.0,"key":"Letter Opener"},{"floor":12.0,"key":"Odd Mushroom"}],"event_choices":[{"damage_healed":0.0,"max_hp_gain":0.0,"max_hp_loss":0.0,"gold_gain":0.0,"event_name":"Shining Light","player_choice":"Entered Light","floor":3.0,"gold_loss":0.0,"damage_taken":21.0,"cards_upgraded":["Glacier","Hologram"]},{"damage_healed":0.0,"max_hp_gain":0.0,"max_hp_loss":0.0,"gold_gain":0.0,"event_name":"Mushrooms","player_choice":"Fought Mushrooms","floor":12.0,"gold_loss":0.0,"damage_taken":0.0},{"damage_healed":0.0,"max_hp_gain":0.0,"max_hp_loss":0.0,"gold_gain":0.0,"event_name":"Forgotten Altar","player_choice":"Smashed Altar","floor":21.0,"gold_loss":0.0,"damage_taken":0.0,"cards_obtained":["Decay"]}],"is_beta":false,"boss_relics":[{"not_picked":["Runic Pyramid","Black Star"],"picked":"Ectoplasm"}],"items_purged_floors":[19],"is_endless":false,"potions_floor_spawned":[2,4,12,16,22],"killed_by":"Gremlin Leader","ascension_level":19}}