{"host":"7gewg82ormp6yt4e","time":1610631519,"event":{"mods":["BaseMod","Block Reminder","Colored Map","Colored Powertips","DeckTracker","Highlight Path","Minty Spire (QoL Compilation)","Relic Stats","StSLib","ojb\u0027s Info Mod"],"gold_per_floor":[111,111,125,49,63,63,89,89,114,39,52,52,87,111,111,193,193,219,219,29,49,75,75,75,75],"floor_reached":24,"language":"JPN","playtime":1085,"items_purged":[],"score":412,"play_id":"fdef1215-f64d-418b-94de-2ab7af9e5080","local_time":"20210114223839","is_ascension_mode":true,"campfire_choices":[{"data":"Rip and Tear","floor":6.0,"key":"SMITH"},{"floor":12,"key":"REST"},{"data":"Reprogram","floor":15,"key":"SMITH"},{"floor":23,"key":"REST"}],"circlet_count":0,"master_deck":["AscendersBane","Strike_B","Strike_B","Defend_B","Defend_B","Defend_B","Defend_B","Zap","Dualcast","Cold Snap","Sweeping Beam","Rip and Tear+1","Reinforced Body","Recycle","Sunder","Reprogram+1","Hologram","Thunder Strike","Rebound","Apotheosis","Conserve Battery"],"relics":["Cracked Core","NeowsBlessing","Strawberry","Ancient Tea Set","CeramicFish","Nuclear Battery"],"acts_visited":["Exordium","TheCity"],"potions_floor_usage":[13,16,16,22],"damage_taken":[{"damage":0.0,"enemies":"Jaw Worm","floor":1.0,"turns":1.0},{"damage":0.0,"enemies":"Cultist","floor":3.0,"turns":1.0},{"damage":0.0,"enemies":"2 Louse","floor":5.0,"turns":1.0},{"damage":50.0,"enemies":"Gremlin Nob","floor":7.0,"turns":5.0},{"damage":8,"enemies":"Exordium Wildlife","floor":11,"turns":3},{"damage":16,"enemies":"Lagavulin","floor":13,"turns":6},{"damage":3,"enemies":"Lots of Slimes","floor":14,"turns":4},{"damage":6,"enemies":"Slime Boss","floor":16,"turns":9},{"damage":21,"enemies":"Shell Parasite","floor":18,"turns":9},{"damage":14,"enemies":"3 Byrds","floor":21,"turns":5},{"damage":18,"enemies":"Sentry and Sphere","floor":22,"turns":5},{"damage":47,"enemies":"3 Cultists","floor":24,"turns":5}],"seed_played":"-8101002471760909328","potions_obtained":[{"floor":7.0,"key":"EssenceOfDarkness"},{"floor":11,"key":"Block Potion"},{"floor":14,"key":"FocusPotion"},{"floor":21,"key":"EssenceOfSteel"}],"is_trial":false,"path_per_floor":["M","?","M","$","M","R","E","?","T","$","M","R","E","M","R","B",null,"M","?","$","M","M","R","M"],"character_chosen":"DEFECT","items_purchased":["Rip and Tear","Sunder","Apotheosis"],"campfire_rested":2,"item_purchase_floors":[4,10,20],"current_hp_per_floor":[64,64,64,64,64,64,21,21,21,21,13,36,20,17,17,11,61,40,40,40,26,8,31,0,0],"gold":75,"neow_bonus":"THREE_ENEMY_KILL","is_daily":false,"chose_seed":false,"campfire_upgraded":2,"win_rate":0.0,"timestamp":1610631519,"path_taken":["M","?","M","$","?","R","E","?","T","$","M","R","E","M","R","BOSS","M","?","$","M","?","R","M"],"items_purchased_type":["Card","Card","Card"],"build_version":"2020-12-22","purchased_purges":0,"victory":false,"max_hp_per_floor":[71,71,71,71,71,71,78,78,78,78,78,78,78,78,78,78,78,78,78,78,78,78,78,78,78],"relic_stats":{"counters":[12,54],"CeramicFish":54,"obtain_stats":[{"NeowsBlessing":0,"Strawberry":7,"CeramicFish":13,"Cracked Core":0,"Ancient Tea Set":9,"Nuclear Battery":17},{"NeowsBlessing":0,"Strawberry":4,"CeramicFish":6,"Cracked Core":0,"Ancient Tea Set":4,"Nuclear Battery":8},{"NeowsBlessing":0,"Strawberry":8,"CeramicFish":17,"Cracked Core":0,"Ancient Tea Set":8,"Nuclear Battery":30}]},"card_choices":[{"not_picked":["Barrage","Tempest"],"picked":"Cold Snap","floor":1.0},{"not_picked":["Cold Snap","Leap"],"picked":"Sweeping Beam","floor":3.0},{"not_picked":["Heatsinks","Static Discharge"],"picked":"Reinforced Body","floor":5.0},{"not_picked":["Leap","Sweeping Beam"],"picked":"Recycle","floor":7.0},{"not_picked":["Rebound","Amplify","Redo"],"picked":"SKIP","floor":11},{"not_picked":["Gash","Rebound"],"picked":"Reprogram","floor":13},{"not_picked":["Steam","Ball Lightning"],"picked":"Hologram","floor":14},{"not_picked":["Biased Cognition","Multi-Cast"],"picked":"Thunder Strike","floor":16},{"not_picked":["Capacitor+1","Beam Cell"],"picked":"Rebound","floor":18},{"not_picked":["Streamline","Stack","Coolheaded"],"picked":"SKIP","floor":21},{"not_picked":["Force Field","Barrage"],"picked":"Conserve Battery","floor":22}],"player_experience":2574284,"relics_obtained":[{"floor":7.0,"key":"Strawberry"},{"floor":9.0,"key":"Ancient Tea Set"},{"floor":13,"key":"CeramicFish"}],"event_choices":[{"cards_removed":["Strike_B"],"damage_healed":0.0,"max_hp_gain":0.0,"max_hp_loss":0.0,"gold_gain":0.0,"event_name":"Bonfire Elementals","player_choice":"Offered Basic","floor":2.0,"gold_loss":0.0,"damage_taken":0.0},{"damage_healed":0.0,"max_hp_gain":0.0,"max_hp_loss":0.0,"gold_gain":0.0,"event_name":"Shining Light","player_choice":"Ignored","floor":8.0,"gold_loss":0.0,"damage_taken":0.0},{"cards_removed":["Strike_B"],"damage_healed":0,"gold_gain":0,"player_choice":"Purged","damage_taken":0,"max_hp_gain":0,"max_hp_loss":0,"event_name":"Purifier","floor":19,"gold_loss":0}],"is_beta":false,"boss_relics":[{"not_picked":["Velvet Choker","Busted Crown"],"picked":"Nuclear Battery"}],"items_purged_floors":[],"is_endless":false,"potions_floor_spawned":[7,11,14,21],"killed_by":"3 Cultists","ascension_level":20}}