{"host":"guwca93h2ke9l2g3","time":1610599429,"event":{"mods":["100% Spire Juice","2.2 Compatiblity","Act Like it!","Arknights The Spire","Aspiration","BaseMod","Better Skull","ChefMod","Colored Powertips","Conspire","Dark Map","Downfall","Fox Events","GungeonMod","Halation","Hallownest","HololiveMod","Hubris","Infinite Spire","Lobotomy","LobotomyExtend","Marked Mod","Minty Spire (QoL Compilation)","Permanent Neow","Potionbrewer","Prisma Mod","Quick Restart","Relic Sorter","Relic Stats","Replay The Spire","Robot Space Explorer","Shade Mod","Spicy Shops","StSLib","The Alterego","The Animator","The Bug Knight","The Cursed","The Marked","The Mystic","The Necromancer","The Poker Player","TheVacant","TheWitcher","Waifu the Spire","WarShipGirlsR/????R mod","Yakumo Yukari mod","Yuri Mod","vexMod"],"gold_per_floor":[109,129,14,33,52,83,103,135,135,209,219,219,233,233,233,233,233],"floor_reached":16,"language":"ENG","playtime":1826,"items_purged":[],"score":186,"play_id":"af77ffef-c623-4493-b2f3-f3de026386b5","local_time":"20210113224349","is_ascension_mode":true,"campfire_choices":[{"floor":12,"key":"RECALL"},{"floor":15,"key":"DIG"}],"circlet_count":0,"master_deck":["DemoMod:Strike_Huntress","DemoMod:Strike_Huntress","DemoMod:Strike_Huntress","DemoMod:Defend_Huntress","DemoMod:Defend_Huntress","DemoMod:Defend_Huntress","DemoMod:Defend_Huntress","DemoMod:Roll","DemoMod:ManualReload","DemoMod:RustySidearm","DemoMod:CrossBow","DemoMod:Casey","DemoMod:SuppressiveFire","DemoMod:Casey","DemoMod:StrategicReserve"],"relics":["DemoMod:WaxWing","LetterFromLob","DemoMod:GnawedKey","Mango","DemoMod:Plus1Bullets","Pet Ghost","halation:SelfBoilingWater","Gremlin Food"],"acts_visited":["Exordium"],"potions_floor_usage":[4,8,8,10],"damage_taken":[{"damage":0,"enemies":"2 Louse","floor":1,"turns":3},{"damage":0,"enemies":"Cultist","floor":2,"turns":4},{"damage":0,"enemies":"Jaw Worm","floor":4,"turns":2},{"damage":17,"enemies":"Gremlin Gang","floor":5,"turns":5},{"damage":27,"enemies":"Gremlin Nob","floor":6,"turns":5},{"damage":0,"enemies":"2 Fungi Beasts","floor":7,"turns":3},{"damage":4,"enemies":"3 Sentries","floor":8,"turns":7},{"damage":0,"enemies":"Gremlin Nob","floor":10,"turns":3},{"damage":0,"enemies":"3 Louse","floor":11,"turns":3},{"damage":0,"enemies":"Blue Slaver","floor":13,"turns":2},{"damage":20,"enemies":"Fading Forest","floor":16,"turns":9}],"seed_played":"8848306365104875225","potions_obtained":[{"floor":2,"key":"Block Potion"},{"floor":5,"key":"Swift Potion"},{"floor":6,"key":"Energy Potion"},{"floor":7,"key":"BlessingOfTheForge"}],"is_trial":false,"path_per_floor":["M","M","$","M","M","E","M","E","T","E","M","R","M","?","R","B"],"character_chosen":"HUNTRESS","items_purchased":["DemoMod:GnawedKey"],"campfire_rested":0,"item_purchase_floors":[3],"current_hp_per_floor":[70,70,70,70,53,40,40,36,36,36,36,36,36,36,36,16,16],"gold":233,"neow_bonus":"BOSS_RELIC","is_daily":false,"chose_seed":false,"campfire_upgraded":0,"win_rate":0.0,"timestamp":1610599429,"path_taken":["M","M","$","M","M","E","M","E","T","E","M","R","M","?","R","BOSS"],"items_purchased_type":["Relic"],"build_version":"2020-12-22","purchased_purges":0,"victory":false,"max_hp_per_floor":[70,70,70,70,70,84,84,84,84,84,84,84,84,84,84,84,84],"relic_stats":{"counters":[11,46],"obtain_stats":[{"Gremlin Food":15,"DemoMod:Dog":0,"Mango":6,"DemoMod:Plus1Bullets":8,"DemoMod:GlassGuonStoneRelic":6,"LetterFromLob":1,"DemoMod:GnawedKey":3,"DemoMod:WaxWing":0,"halation:SelfBoilingWater":14,"Pet Ghost":10},{"Gremlin Food":10,"DemoMod:Dog":0,"Mango":5,"DemoMod:Plus1Bullets":7,"DemoMod:GlassGuonStoneRelic":5,"LetterFromLob":1,"DemoMod:GnawedKey":2,"DemoMod:WaxWing":0,"halation:SelfBoilingWater":10,"Pet Ghost":8},{"Gremlin Food":37,"DemoMod:Dog":0,"Mango":19,"DemoMod:Plus1Bullets":29,"DemoMod:GlassGuonStoneRelic":19,"LetterFromLob":3,"DemoMod:GnawedKey":7,"DemoMod:WaxWing":0,"halation:SelfBoilingWater":37,"Pet Ghost":32}]},"card_choices":[{"not_picked":["DemoMod:ConditionalReflex","DemoMod:JK47"],"picked":"DemoMod:TableSutra","floor":1},{"not_picked":["DemoMod:GunstockTap","DemoMod:ZorGun"],"picked":"DemoMod:Casey","floor":2},{"not_picked":["DemoMod:HardPowerCard","DemoMod:CombinedRifle"],"picked":"DemoMod:DirectionalPad","floor":4},{"not_picked":["DemoMod:FastSwitch","DemoMod:GunstockTap","DemoMod:JK47"],"picked":"SKIP","floor":5},{"not_picked":["DemoMod:HuntsMan","DemoMod:MegaHand"],"picked":"DemoMod:SuppressiveFire","floor":6},{"not_picked":["DemoMod:DoubleSwitch","DemoMod:HuntsMan"],"picked":"DemoMod:Casey","floor":7},{"not_picked":["DemoMod:AC15","DemoMod:ShadowBullets"],"picked":"DemoMod:StrategicReserve","floor":8},{"not_picked":["DemoMod:HardPowerCard","DemoMod:Unity","DemoMod:ConditionalReflex"],"picked":"SKIP","floor":10},{"not_picked":["DemoMod:SAA","DemoMod:GunShield","DemoMod:JK47"],"picked":"SKIP","floor":11},{"not_picked":["DemoMod:FightSabre","DemoMod:AWP","DemoMod:HighKaliber"],"picked":"SKIP","floor":13}],"player_experience":300335,"relics_obtained":[{"floor":1,"key":"LetterFromLob"},{"floor":6,"key":"Mango"},{"floor":8,"key":"DemoMod:Plus1Bullets"},{"floor":10,"key":"Pet Ghost"},{"floor":15,"key":"Gremlin Food"}],"event_choices":[{"cards_removed":["DemoMod:TableSutra"],"damage_healed":0,"gold_gain":0,"player_choice":"Gave Card","damage_taken":0,"relics_obtained":["halation:SelfBoilingWater"],"max_hp_gain":0,"max_hp_loss":0,"event_name":"WeMeetAgain","floor":14,"gold_loss":0}],"is_beta":false,"boss_relics":[],"items_purged_floors":[],"is_endless":false,"potions_floor_spawned":[2,5,6,7],"killed_by":"Fading Forest","ascension_level":5}}