{"host":"uzp1tn8qxn9571p9","time":1610619046,"event":{"mods":["BaseMod","Colored Powertips","Hermit","Minty Spire (QoL Compilation)","Robot Space Explorer","StSLib","The Hierophant","The Marked"],"gold_per_floor":[117,117,133,58,69,94,94,125,125,125,145,145,164,130,130,130,130],"floor_reached":16,"language":"ZHS","playtime":998,"items_purged":[],"score":102,"play_id":"a3311a13-9791-4207-a5f1-db22c5b87899","local_time":"20210114181046","is_ascension_mode":false,"campfire_choices":[{"data":"hermit:Maintenance","floor":7.0,"key":"SMITH"},{"data":"hermit:CalledShot","floor":10.0,"key":"SMITH"},{"data":"hermit:Defend_Hermit","floor":12.0,"key":"PURGE"},{"data":"hermit:ShadowCloak","floor":15.0,"key":"SMITH"}],"circlet_count":0,"master_deck":["hermit:Strike_Hermit","hermit:Strike_Hermit","hermit:Strike_Hermit","hermit:Defend_Hermit","hermit:Defend_Hermit","hermit:Defend_Hermit","hermit:Snapshot","hermit:Covet","Writhe","Master of Strategy","hermit:TrackingShot","hermit:Desperado","hermit:ShadowCloak+1","hermit:Maintenance+1","hermit:Headshot","hermit:CalledShot+1","hermit:Midnight","hermit:Shortfuse"],"relics":["hermit:Momento","WingedGreaves","Peace Pipe"],"acts_visited":["Exordium"],"potions_floor_usage":[],"damage_taken":[{"damage":6.0,"enemies":"Jaw Worm","floor":1.0,"turns":3.0},{"damage":0.0,"enemies":"2 Louse","floor":3.0,"turns":3.0},{"damage":0.0,"enemies":"Small Slimes","floor":5.0,"turns":3.0},{"damage":30.0,"enemies":"Gremlin Nob","floor":6.0,"turns":5.0},{"damage":0.0,"enemies":"Looter","floor":8.0,"turns":1.0},{"damage":13.0,"enemies":"Exordium Thugs","floor":11.0,"turns":5.0},{"damage":9.0,"enemies":"Blue Slaver","floor":13.0,"turns":3.0},{"damage":11,"enemies":"Hexaghost","floor":16,"turns":7}],"seed_played":"5223827166188388821","potions_obtained":[{"floor":1.0,"key":"ColorlessPotion"},{"floor":3.0,"key":"Energy Potion"}],"is_trial":false,"path_per_floor":["M","?","M","$","M","E","R","M","T","R","M","R","M","$","R","B"],"character_chosen":"HERMIT","items_purchased":["hermit:ShadowCloak","hermit:Shortfuse"],"campfire_rested":0,"item_purchase_floors":[4,14],"current_hp_per_floor":[69,62,62,62,62,32,32,32,32,32,19,19,10,10,10,0,0],"gold":130,"neow_bonus":"RANDOM_COLORLESS_2","is_daily":false,"chose_seed":false,"campfire_upgraded":3,"win_rate":0.0,"timestamp":1610619046,"path_taken":["M","?","M","$","M","E","R","M","T","R","M","R","M","$","R","BOSS"],"items_purchased_type":["Card","Card"],"build_version":"2020-12-22","purchased_purges":0,"victory":false,"max_hp_per_floor":[75,75,75,75,75,75,75,75,75,75,75,75,75,75,75,75,75],"card_choices":[{"not_picked":["Sadistic Nature","Apotheosis"],"picked":"Master of Strategy","floor":0.0},{"not_picked":["hermit:PistolWhip","hermit:BodyArmor"],"picked":"hermit:TrackingShot","floor":1.0},{"not_picked":["hermit:TrackingShot","hermit:SprayPray"],"picked":"hermit:Desperado","floor":3.0},{"not_picked":["hermit:Spite","hermit:BodyArmor"],"picked":"hermit:Maintenance","floor":5.0},{"not_picked":["hermit:HeroicBravado","hermit:Vantage"],"picked":"hermit:Headshot","floor":6.0},{"not_picked":["hermit:LowProfile","hermit:Coalescence"],"picked":"hermit:CalledShot","floor":8.0},{"not_picked":["hermit:TrackingShot","hermit:Feint","hermit:BigShot"],"picked":"SKIP","floor":11.0},{"not_picked":["hermit:Roulette","hermit:HighCaliber"],"picked":"hermit:Midnight","floor":13.0}],"player_experience":346379,"relics_obtained":[{"floor":6.0,"key":"WingedGreaves"},{"floor":9.0,"key":"Peace Pipe"}],"event_choices":[{"cards_removed":["hermit:Strike_Hermit"],"damage_healed":0.0,"max_hp_gain":0.0,"max_hp_loss":0.0,"gold_gain":0.0,"event_name":"Golden Wing","player_choice":"Card Removal","floor":2.0,"gold_loss":0.0,"damage_taken":7.0}],"is_beta":false,"boss_relics":[],"items_purged_floors":[],"is_endless":false,"potions_floor_spawned":[1,3,5],"killed_by":"Hexaghost","ascension_level":0}}