{"host":"xh3brefae6wm9kl8","time":1610600921,"event":{"mods":["AchievementEnabler","BaseMod","GifTheSpireLib","Keyboard Shortcuts","Minty Spire (QoL Compilation)","Permanent Neow","Relic Stats","StSLib","SuperFastMode"],"gold_per_floor":[10,10,30,44,60,60,73,90,90,109,121,135,160,178,178,178,178],"floor_reached":16,"language":"KOR","playtime":861,"items_purged":[],"score":176,"play_id":"7280b8fb-b41a-42e5-b8a3-e8005e1b8d9b","local_time":"20210114140841","is_ascension_mode":true,"campfire_choices":[{"data":"Prepared","floor":6,"key":"SMITH"},{"floor":15,"key":"REST"}],"circlet_count":0,"master_deck":["AscendersBane","Strike_G","Strike_G","Strike_G","Defend_G","Defend_G","Defend_G","Defend_G","Defend_G","Survivor","Neutralize+1","Grand Finale","PiercingWail","Flying Knee","Acrobatics","Prepared+1","Poisoned Stab","Underhanded Strike","Eviscerate","Backflip"],"relics":["Ring of the Snake","Bottled Lightning","WingedGreaves"],"acts_visited":["Exordium"],"potions_floor_usage":[16],"damage_taken":[{"damage":10,"enemies":"Small Slimes","floor":1,"turns":6},{"damage":0,"enemies":"Cultist","floor":3,"turns":5},{"damage":0,"enemies":"2 Louse","floor":4,"turns":5},{"damage":5,"enemies":"2 Fungi Beasts","floor":5,"turns":5},{"damage":6,"enemies":"Exordium Thugs","floor":7,"turns":6},{"damage":10,"enemies":"Lots of Slimes","floor":8,"turns":3},{"damage":0,"enemies":"Blue Slaver","floor":10,"turns":4},{"damage":0,"enemies":"3 Louse","floor":11,"turns":3},{"damage":0,"enemies":"Lots of Slimes","floor":12,"turns":3},{"damage":5,"enemies":"3 Sentries","floor":13,"turns":3},{"damage":9,"enemies":"Large Slime","floor":14,"turns":5},{"damage":45,"enemies":"Slime Boss","floor":16,"turns":7}],"seed_played":"2800079854382530622","potions_obtained":[{"floor":3,"key":"LiquidMemories"},{"floor":5,"key":"Regen Potion"}],"is_trial":false,"path_per_floor":["M","?","M","M","M","R","M","M","T","M","M","M","E","M","R","B"],"character_chosen":"THE_SILENT","items_purchased":[],"campfire_rested":1,"item_purchase_floors":[],"current_hp_per_floor":[53,53,53,53,48,48,42,32,32,32,32,32,27,18,39,0,0],"gold":178,"neow_bonus":"TRANSFORM_TWO_CARDS","is_daily":false,"chose_seed":false,"campfire_upgraded":1,"win_rate":0.0,"timestamp":1610600921,"path_taken":["M","?","M","M","M","R","M","?","T","M","M","M","E","M","R","BOSS"],"items_purchased_type":[],"build_version":"2020-12-22","purchased_purges":0,"victory":false,"max_hp_per_floor":[70,70,70,70,70,70,70,70,70,70,70,70,70,70,70,70,70],"relic_stats":{"counters":[12,55],"obtain_stats":[{"WingedGreaves":13,"Bottled Lightning":9,"Ring of the Snake":0},{"WingedGreaves":10,"Bottled Lightning":6,"Ring of the Snake":0},{"WingedGreaves":43,"Bottled Lightning":30,"Ring of the Snake":0}],"Ring of the Snake":[24]},"card_choices":[{"not_picked":["Cloak And Dagger","Bane"],"picked":"Flying Knee","floor":1},{"not_picked":["Dagger Throw","All Out Attack"],"picked":"Acrobatics","floor":3},{"not_picked":["Acrobatics","Corpse Explosion"],"picked":"Prepared","floor":4},{"not_picked":["Deflect","Leg Sweep","Bane"],"picked":"SKIP","floor":5},{"not_picked":["Prepared","Outmaneuver"],"picked":"Poisoned Stab","floor":7},{"not_picked":["Deadly Poison","Caltrops"],"picked":"Underhanded Strike","floor":8},{"not_picked":["After Image","Reflex"],"picked":"Eviscerate","floor":10},{"not_picked":["Cloak And Dagger","Deadly Poison"],"picked":"Backflip","floor":11},{"not_picked":["Dash","Quick Slash","Deflect"],"picked":"SKIP","floor":12},{"not_picked":["Sucker Punch","Dash","Terror"],"picked":"SKIP","floor":13},{"not_picked":["Setup","Leg Sweep","Deflect"],"picked":"SKIP","floor":14}],"player_experience":387642,"relics_obtained":[{"floor":9,"key":"Bottled Lightning"},{"floor":13,"key":"WingedGreaves"}],"event_choices":[{"damage_healed":0,"gold_gain":0,"player_choice":"Upgraded","damage_taken":0,"max_hp_gain":0,"max_hp_loss":0,"event_name":"Upgrade Shrine","floor":2,"gold_loss":0,"cards_upgraded":["Neutralize"]}],"is_beta":false,"boss_relics":[],"items_purged_floors":[],"is_endless":false,"potions_floor_spawned":[3,5,7,12,13],"killed_by":"Slime Boss","ascension_level":12}}