{"host":"lreod2rejfd0az5i","time":1610590074,"event":{"mods":["AchievementEnabler","Aspiration","BaseMod","Colored Powertips","Conspire","Downfall","Highlight Path","Hubris","Infinite Spire","Mad Scientist","Minty Spire (QoL Compilation)","Rare Cards Sparkle","Relic Stats","Replay The Spire","StSLib","The Bug Knight","The Jungle"],"gold_per_floor":[109,109,25,25,25,54,69,69,96,122,172,190,190,115,115,188,188,201,201,201,316,0,0,0,0],"floor_reached":24,"language":"ENG","playtime":510,"items_purged":["Strike_G","Strike_G"],"score":546,"play_id":"0adaddd2-6a58-4eda-ae77-8640ab2b40f3","local_time":"20210113190754","is_ascension_mode":true,"campfire_choices":[{"floor":13,"key":"REST"},{"data":"Blade Dance","floor":15,"key":"SMITH"},{"floor":23,"key":"REST"}],"circlet_count":0,"master_deck":["AscendersBane","Strike_G","Strike_G","Strike_G","Defend_G","Defend_G","Defend_G","Defend_G","Defend_G","Survivor","Neutralize","Dagger Spray","Infinite Blades","infinitespire:NeuralNetwork","Blade Dance+1","A Thousand Cuts+1","A Thousand Cuts+1","Endless Agony+1","Cloak And Dagger","Footwork+1","Calculated Gamble"],"relics":["Ring of the Snake","NeowsBlessing","Juzu Bracelet","Frozen Egg 2","infinitespire:PuzzleCube","hubris:SphereOfDissonance","aspiration:RunicSpoon","CeramicFish"],"acts_visited":["Exordium","TheCity"],"potions_floor_usage":[10,10,16],"damage_taken":[{"damage":0,"enemies":"2 Louse","floor":1,"turns":1},{"damage":0,"enemies":"Replay:BlueRogue","floor":6,"turns":1},{"damage":0,"enemies":"Jaw Worm","floor":7,"turns":1},{"damage":12,"enemies":"3 Sentries","floor":10,"turns":5},{"damage":2,"enemies":"conspire:RoseBush","floor":12,"turns":4},{"damage":0,"enemies":"Slime Boss","floor":16,"turns":6},{"damage":36,"enemies":"conspire:FuzzyDice","floor":18,"turns":5},{"damage":30,"enemies":"Gremlin Leader","floor":24,"turns":2}],"seed_played":"221060044035353468","potions_obtained":[{"floor":1,"key":"Reflective Coating"},{"floor":7,"key":"SpeedPotion"},{"floor":10,"key":"Flashbang"},{"floor":16,"key":"Venom Potion"}],"is_trial":false,"path_per_floor":["M","?","$","?","?","E","M","$","T","E","?","M","R","$","R","B",null,"M","?","AVR","?","?","R","E"],"character_chosen":"THE_SILENT","items_purchased":["Infinite Blades"],"campfire_rested":2,"item_purchase_floors":[3],"current_hp_per_floor":[59,59,59,59,43,43,43,43,43,31,34,32,51,51,51,51,62,26,29,29,6,9,28,0,0],"gold":0,"neow_bonus":"THREE_ENEMY_KILL","is_daily":false,"chose_seed":false,"campfire_upgraded":1,"win_rate":0.0,"timestamp":1610590074,"path_taken":["M","?","$","?","?","E","M","?","T","E","?","M","R","$","R","BOSS","M","?","AVR","?","?","R","E"],"items_purchased_type":["Card"],"build_version":"2020-12-22","purchased_purges":2,"victory":false,"max_hp_per_floor":[66,66,66,66,66,66,66,66,66,66,66,66,66,66,66,66,66,66,66,66,66,66,66,66,66],"relic_stats":{"counters":[8,25],"aspiration:RunicSpoon":[10],"CeramicFish":27,"Juzu Bracelet":1,"obtain_stats":[{"NeowsBlessing":0,"aspiration:RunicSpoon":17,"CeramicFish":20,"hubris:SphereOfDissonance":10,"Juzu Bracelet":4,"Frozen Egg 2":6,"infinitespire:PuzzleCube":9,"Ring of the Snake":0},{"NeowsBlessing":0,"aspiration:RunicSpoon":6,"CeramicFish":7,"hubris:SphereOfDissonance":4,"Juzu Bracelet":1,"Frozen Egg 2":2,"infinitespire:PuzzleCube":3,"Ring of the Snake":0},{"NeowsBlessing":0,"aspiration:RunicSpoon":18,"CeramicFish":23,"hubris:SphereOfDissonance":8,"Juzu Bracelet":1,"Frozen Egg 2":2,"infinitespire:PuzzleCube":3,"Ring of the Snake":0}],"Ring of the Snake":[16]},"card_choices":[{"not_picked":["Backflip","hubris:Counter"],"picked":"Dagger Spray","floor":1},{"not_picked":["infinitespire:Starlight","hubris:Fate"],"picked":"infinitespire:NeuralNetwork","floor":5},{"not_picked":["Prepared","Replay:Bag of Tricks","Hidden Blade"],"picked":"SKIP","floor":6},{"not_picked":["Masterful Stab","Dodge and Roll"],"picked":"Blade Dance","floor":7},{"not_picked":["Acrobatics","PiercingWail","Dodge and Roll"],"picked":"SKIP","floor":10},{"not_picked":["Blur","Underhanded Strike"],"picked":"A Thousand Cuts+1","floor":12},{"not_picked":["Glass Knife","Tools of the Trade+1"],"picked":"A Thousand Cuts+1","floor":16},{"not_picked":["Sneak Up+1","Quick Slash"],"picked":"Endless Agony+1","floor":18},{"not_picked":["Underhanded Strike","Poisoned Stab"],"picked":"Cloak And Dagger","floor":21},{"not_picked":["Underhanded Strike+1","Deadly Poison"],"picked":"Footwork+1","floor":21},{"not_picked":["Slice+1","Concentrate"],"picked":"Calculated Gamble","floor":21}],"player_experience":882816,"relics_obtained":[{"floor":4,"key":"Juzu Bracelet"},{"floor":6,"key":"Frozen Egg 2"},{"floor":9,"key":"infinitespire:PuzzleCube"},{"floor":10,"key":"hubris:SphereOfDissonance"}],"event_choices":[{"damage_healed":0,"gold_gain":0,"player_choice":"Disagree","damage_taken":0,"max_hp_gain":0,"max_hp_loss":0,"event_name":"conspire:LoneGhost","floor":2,"gold_loss":0},{"damage_healed":0,"gold_gain":50,"player_choice":"Pray","damage_taken":0,"max_hp_gain":0,"max_hp_loss":0,"event_name":"Golden Shrine","floor":11,"gold_loss":0},{"damage_healed":0,"gold_gain":0,"player_choice":"Paid Fearfully","damage_taken":0,"max_hp_gain":0,"max_hp_loss":0,"event_name":"Masked Bandits","floor":22,"gold_loss":316}],"is_beta":false,"boss_relics":[{"not_picked":["conspire:SeveredTorchhead","Replay:Drink Me"],"picked":"aspiration:RunicSpoon"}],"items_purged_floors":[14,20],"is_endless":false,"potions_floor_spawned":[1,7,10,16],"killed_by":"Gremlin Leader","ascension_level":20}}