{"host":"yn1175etg9ni8l0q","time":1610598310,"event":{"mods":["AchievementEnabler","BaseMod","Colored Map","Colored Powertips","DeckTracker","Minty Spire (QoL Compilation)","Rare Cards Sparkle","Relic Stats","SuperFastMode","everything is the same but u backflip on backflip"],"gold_per_floor":[110,210,224,242,259,259,276,276,326,326,4,22,22,35,35,133,133,153,186,206,224,59,59,59,77,77,97,97,107,107,126,126,226,226,236,236,236,255,270,270,270],"floor_reached":40,"language":"KOR","playtime":1133,"items_purged":["Strike_G"],"score":384,"play_id":"9652ea13-b1f2-4a34-9815-4371b3e740a0","local_time":"20210114132510","is_ascension_mode":false,"campfire_choices":[{"data":"Eviscerate","floor":6.0,"key":"SMITH"},{"data":"Neutralize","floor":10.0,"key":"SMITH"},{"data":"Acrobatics","floor":15.0,"key":"SMITH"},{"data":"Deflect","floor":23.0,"key":"SMITH"},{"floor":28.0,"key":"RECALL"},{"data":"Survivor","floor":30.0,"key":"SMITH"},{"floor":32.0,"key":"REST"}],"circlet_count":0,"master_deck":["Strike_G","Defend_G","Defend_G","Defend_G","Defend_G","Survivor+1","Neutralize+1","Dagger Throw","Riddle With Holes","Eviscerate+1","Deflect+1","Acrobatics+1","Adrenaline+1","Phantasmal Killer+1","Skewer+1","Corpse Explosion+1","Terror+1","Apotheosis+1","PiercingWail+1","Wraith Form v2","Crippling Poison+1","Madness+1","Madness+1","Escape Plan+1","Sucker Punch+1"],"relics":["Ring of the Snake","NeowsBlessing","Oddly Smooth Stone","Molten Egg 2","Toxic Egg 2","Astrolabe","Red Mask","Regal Pillow","HoveringKite"],"acts_visited":["Exordium","TheCity","TheBeyond"],"potions_floor_usage":[40],"damage_taken":[{"damage":0.0,"enemies":"Cultist","floor":1.0,"turns":1.0},{"damage":0.0,"enemies":"Jaw Worm","floor":3.0,"turns":1.0},{"damage":0.0,"enemies":"2 Louse","floor":4.0,"turns":1.0},{"damage":0.0,"enemies":"Blue Slaver","floor":5.0,"turns":5.0},{"damage":3.0,"enemies":"3 Louse","floor":7.0,"turns":4.0},{"damage":1.0,"enemies":"Looter","floor":12.0,"turns":3.0},{"damage":0.0,"enemies":"Blue Slaver","floor":14.0,"turns":3.0},{"damage":53.0,"enemies":"Hexaghost","floor":16.0,"turns":16.0},{"damage":0.0,"enemies":"Spheric Guardian","floor":18.0,"turns":3.0},{"damage":1.0,"enemies":"Masked Bandits","floor":19.0,"turns":3.0},{"damage":0.0,"enemies":"3 Byrds","floor":20.0,"turns":2.0},{"damage":5.0,"enemies":"Centurion and Healer","floor":21.0,"turns":3.0},{"damage":6.0,"enemies":"3 Cultists","floor":25.0,"turns":3.0},{"damage":0.0,"enemies":"Snake Plant","floor":27.0,"turns":3.0},{"damage":21.0,"enemies":"Sentry and Sphere","floor":29.0,"turns":4.0},{"damage":0.0,"enemies":"Snecko","floor":31.0,"turns":2.0},{"damage":34.0,"enemies":"Automaton","floor":33.0,"turns":8.0},{"damage":0.0,"enemies":"3 Shapes","floor":35.0,"turns":4.0},{"damage":13.0,"enemies":"Orb Walker","floor":38.0,"turns":3.0},{"damage":12.0,"enemies":"Maw","floor":39.0,"turns":6.0},{"damage":37,"enemies":"Reptomancer","floor":40,"turns":5}],"seed_played":"-8429743358839428766","potions_obtained":[{"floor":3.0,"key":"CunningPotion"},{"floor":5.0,"key":"CunningPotion"},{"floor":7.0,"key":"Ancient Potion"},{"floor":20.0,"key":"Explosive Potion"},{"floor":21.0,"key":"Weak Potion"},{"floor":25.0,"key":"Dexterity Potion"}],"is_trial":false,"path_per_floor":["M","?","M","M","M","R","M","?","T","R","$","M","?","M","R","B",null,"M","?","M","M","$","R","?","M","T","M","R","M","R","M","R","B",null,"M","?","?","M","M","E"],"character_chosen":"THE_SILENT","items_purchased":["Molten Egg 2","Apotheosis+1"],"campfire_rested":1,"item_purchase_floors":[11,22],"current_hp_per_floor":[70,70,70,70,70,70,67,67,67,67,67,66,59,59,59,6,70,70,69,69,64,64,64,64,58,58,58,58,37,37,37,70,36,70,70,61,61,48,36,0,0],"gold":270,"neow_bonus":"THREE_ENEMY_KILL","is_daily":false,"chose_seed":false,"campfire_upgraded":5,"win_rate":0.0,"timestamp":1610598310,"path_taken":["M","?","?","M","M","R","M","?","T","R","?","M","?","M","R","BOSS","M","?","M","M","$","R","?","M","T","M","R","M","R","M","R","BOSS","M","?","?","M","M","E"],"items_purchased_type":["Relic","Card"],"build_version":"2020-12-22","purchased_purges":1,"victory":false,"max_hp_per_floor":[70,70,70,70,70,70,70,70,70,70,70,70,70,70,70,70,70,70,70,70,70,70,70,70,70,70,70,70,70,70,70,70,70,70,70,70,70,70,70,70,70],"relic_stats":{"Regal Pillow":12,"counters":[21,83],"Astrolabe":["Skewer","Envenom","Corpse Explosion"],"HoveringKite":[10],"obtain_stats":[{"Regal Pillow":26,"NeowsBlessing":0,"Astrolabe":17,"Oddly Smooth Stone":9,"HoveringKite":34,"Molten Egg 2":11,"Red Mask":19,"Toxic Egg 2":13,"Ring of the Snake":0},{"Regal Pillow":13,"NeowsBlessing":0,"Astrolabe":8,"Oddly Smooth Stone":5,"HoveringKite":17,"Molten Egg 2":5,"Red Mask":10,"Toxic Egg 2":6,"Ring of the Snake":0},{"Regal Pillow":48,"NeowsBlessing":0,"Astrolabe":34,"Oddly Smooth Stone":12,"HoveringKite":65,"Molten Egg 2":12,"Red Mask":40,"Toxic Egg 2":15,"Ring of the Snake":0}],"Ring of the Snake":[42]},"card_choices":[{"not_picked":["PiercingWail","Backflip"],"picked":"Dagger Throw","floor":1.0},{"not_picked":["Bane","Underhanded Strike"],"picked":"Riddle With Holes","floor":3.0},{"not_picked":["Slice","Dodge and Roll"],"picked":"Eviscerate","floor":4.0},{"not_picked":["Cloak And Dagger","Setup"],"picked":"Deflect","floor":5.0},{"not_picked":["Poisoned Stab","Underhanded Strike","Dash"],"picked":"SKIP","floor":7.0},{"not_picked":["Caltrops","Eviscerate+1"],"picked":"Acrobatics","floor":12.0},{"not_picked":["Slice+1","Flying Knee+1"],"picked":"Adrenaline+1","floor":14.0},{"not_picked":["Tools of the Trade","Envenom"],"picked":"Phantasmal Killer+1","floor":16.0},{"not_picked":["Blade Dance+1","Slice+1","Distraction+1"],"picked":"SKIP","floor":18.0},{"not_picked":["Distraction+1","Quick Slash+1"],"picked":"Terror+1","floor":19.0},{"not_picked":["Cloak And Dagger+1","Caltrops","Outmaneuver+1"],"picked":"SKIP","floor":20.0},{"not_picked":["Deflect+1","Slice+1","Poisoned Stab+1"],"picked":"SKIP","floor":21.0},{"not_picked":["Quick Slash+1","Finisher+1"],"picked":"PiercingWail+1","floor":25.0},{"not_picked":["Glass Knife+1","Quick Slash+1","Cloak And Dagger+1"],"picked":"SKIP","floor":27.0},{"not_picked":["Blade Dance+1","Catalyst+1","Dodge and Roll+1"],"picked":"SKIP","floor":29.0},{"not_picked":["Finisher+1","Slice+1","All Out Attack+1"],"picked":"SKIP","floor":31.0},{"not_picked":["Unload+1","Doppelganger+1"],"picked":"Wraith Form v2","floor":33.0},{"not_picked":["Sucker Punch+1","Noxious Fumes+1"],"picked":"Crippling Poison+1","floor":35.0},{"not_picked":["Terror+1","PiercingWail+1"],"picked":"Escape Plan+1","floor":38.0},{"not_picked":["Cloak And Dagger+1","Choke+1"],"picked":"Sucker Punch+1","floor":39.0}],"player_experience":324023,"relics_obtained":[{"floor":9.0,"key":"Oddly Smooth Stone"},{"floor":19.0,"key":"Red Mask"},{"floor":26.0,"key":"Regal Pillow"}],"event_choices":[{"damage_healed":0.0,"max_hp_gain":0.0,"max_hp_loss":0.0,"gold_gain":100.0,"event_name":"Golden Shrine","player_choice":"Pray","floor":2.0,"gold_loss":0.0,"damage_taken":0.0},{"cards_removed":["Strike_G"],"damage_healed":0.0,"max_hp_gain":0.0,"max_hp_loss":0.0,"gold_gain":0.0,"event_name":"Living Wall","player_choice":"Forget","floor":8.0,"gold_loss":0.0,"damage_taken":0.0},{"damage_healed":0.0,"max_hp_gain":0.0,"max_hp_loss":0.0,"gold_gain":0.0,"event_name":"Scrap Ooze","player_choice":"Success","floor":13.0,"gold_loss":0.0,"damage_taken":7.0,"relics_obtained":["Toxic Egg 2"]},{"damage_healed":0.0,"max_hp_gain":0.0,"max_hp_loss":0.0,"gold_gain":0.0,"event_name":"Masked Bandits","player_choice":"Fought Bandits","floor":19.0,"gold_loss":0.0,"damage_taken":0.0},{"damage_healed":0.0,"max_hp_gain":0.0,"max_hp_loss":0.0,"gold_gain":0.0,"event_name":"Winding Halls","player_choice":"Embrace Madness","floor":36.0,"gold_loss":0.0,"damage_taken":9.0,"cards_obtained":["Madness","Madness"]},{"cards_removed":["Envenom"],"damage_healed":0.0,"max_hp_gain":0.0,"max_hp_loss":0.0,"gold_gain":0.0,"event_name":"Falling","player_choice":"Removed Power","floor":37.0,"gold_loss":0.0,"damage_taken":0.0}],"is_beta":false,"boss_relics":[{"not_picked":["Runic Pyramid","Fusion Hammer"],"picked":"Astrolabe"},{"not_picked":["Calling Bell","Sozu"],"picked":"HoveringKite"}],"items_purged_floors":[11],"is_endless":false,"potions_floor_spawned":[3,5,7,20,21,25,31,39],"killed_by":"Reptomancer","ascension_level":0}}