{"host":"1a3cjta80tad0aqj","time":1610636891,"event":{"mods":["2.2 Compatiblity","AchievementEnabler","BaseMod","Colored Map","DeckTracker","KOR Keyword Fix","Keyboard Shortcuts","Minty Spire (QoL Compilation)","Permanent Neow","Quick Restart","Random Character Button","StSLib","SuperFastMode","everything is the same but u backflip on backflip"],"gold_per_floor":[115,131,131,131,57,57,82,94,94,94,104,116,116,146,146,245,245,258,268,268,279,379,406,406,424,424,448,478,478,175,198,198,303,303,314,314,333,354,25,25,49,82,82,0,0,0,0,0,0,0],"floor_reached":51,"language":"KOR","playtime":2037,"items_purged":["Strike_P","Parasite"],"score":1316,"play_id":"2ce57aa9-418c-4c39-a7b8-b97270e6c376","local_time":"20210115000811","is_ascension_mode":true,"campfire_choices":[{"data":"Eruption","floor":6.0,"key":"SMITH"},{"floor":10.0,"key":"REST"},{"floor":13.0,"key":"REST"},{"data":"Adaptation","floor":15.0,"key":"SMITH"},{"floor":24.0,"key":"REST"},{"floor":29.0,"key":"REST"},{"floor":32.0,"key":"REST"},{"floor":40.0,"key":"REST"},{"floor":45.0,"key":"REST"},{"data":"ReachHeaven","floor":47.0,"key":"SMITH"},{"floor":49.0,"key":"REST"}],"circlet_count":0,"master_deck":["AscendersBane","Strike_P+1","Defend_P+1","Defend_P+1","Eruption+1","Vigilance+1","BowlingBash+1","SashWhip+1","ReachHeaven+1","Adaptation+1","EmptyFist+1","Tantrum+1","Halt+1","Blasphemy+1","TalkToTheHand+1","MentalFortress+1","Nirvana+1","FearNoEvil+1","LikeWater+1","ClearTheMind+1","EmptyBody+1","SpiritShield+1"],"relics":["PureWater","Orichalcum","Shuriken","Frozen Egg 2","Ice Cream","Astrolabe","The Courier","CeramicFish","Akabeko","Gambling Chip","VioletLotus","Pen Nib","Kunai","Gremlin Horn","Red Mask","Mark of the Bloom"],"acts_visited":["Exordium","TheCity","TheBeyond"],"potions_floor_usage":[50],"damage_taken":[{"damage":6.0,"enemies":"Small Slimes","floor":1.0,"turns":4.0},{"damage":2.0,"enemies":"Jaw Worm","floor":2.0,"turns":4.0},{"damage":16.0,"enemies":"3 Sentries","floor":7.0,"turns":8.0},{"damage":3.0,"enemies":"2 Louse","floor":8.0,"turns":2.0},{"damage":14.0,"enemies":"Lots of Slimes","floor":11.0,"turns":4.0},{"damage":13.0,"enemies":"Blue Slaver","floor":12.0,"turns":3.0},{"damage":0.0,"enemies":"Lagavulin","floor":14.0,"turns":3.0},{"damage":0.0,"enemies":"Slime Boss","floor":16.0,"turns":5.0},{"damage":12.0,"enemies":"2 Thieves","floor":18.0,"turns":2.0},{"damage":0.0,"enemies":"Spheric Guardian","floor":19.0,"turns":2.0},{"damage":0.0,"enemies":"Snecko","floor":21.0,"turns":2.0},{"damage":19.0,"enemies":"Book of Stabbing","floor":23.0,"turns":5.0},{"damage":6.0,"enemies":"Sentry and Sphere","floor":25.0,"turns":3.0},{"damage":4.0,"enemies":"Cultist and Chosen","floor":27.0,"turns":4.0},{"damage":21.0,"enemies":"Slavers","floor":28.0,"turns":4.0},{"damage":0.0,"enemies":"Chosen and Byrds","floor":31.0,"turns":4.0},{"damage":17.0,"enemies":"Collector","floor":33.0,"turns":5.0},{"damage":8.0,"enemies":"Orb Walker","floor":35.0,"turns":4.0},{"damage":0.0,"enemies":"3 Darklings","floor":36.0,"turns":1.0},{"damage":33.0,"enemies":"Spire Growth","floor":37.0,"turns":4.0},{"damage":4.0,"enemies":"Writhing Mass","floor":38.0,"turns":5.0},{"damage":0.0,"enemies":"Maw","floor":41.0,"turns":7.0},{"damage":0.0,"enemies":"Reptomancer","floor":42.0,"turns":1.0},{"damage":23,"enemies":"Time Eater","floor":50,"turns":6}],"seed_played":"-8970205338567103821","potions_obtained":[{"floor":7.0,"key":"GamblersBrew"},{"floor":12.0,"key":"FairyPotion"},{"floor":16.0,"key":"LiquidMemories"},{"floor":21.0,"key":"SmokeBomb"},{"floor":31.0,"key":"Strength Potion"},{"floor":37.0,"key":"LiquidBronze"}],"is_trial":false,"path_per_floor":["M","M","?","T","$","R","E","M","T","R","M","M","R","E","R","B",null,"M","M","?","M","?","E","R","M","T","M","E","R","$","M","R","B",null,"M","M","M","M","$","R","M","E","T","?","R","?","R","?","R","B",null],"character_chosen":"WATCHER","items_purchased":["Adaptation","Gambling Chip","Pen Nib","Ambrosia","DuplicationPotion"],"campfire_rested":8,"item_purchase_floors":[5,30,39,39,39],"current_hp_per_floor":[59,57,43,43,43,43,27,24,24,45,31,18,39,39,39,39,64,52,52,52,52,52,33,54,48,48,44,23,44,44,44,65,48,66,58,58,25,21,21,41,41,41,41,41,61,61,61,61,61,38],"gold":0,"neow_bonus":"TRANSFORM_CARD","is_daily":false,"chose_seed":false,"campfire_upgraded":3,"win_rate":0.0,"timestamp":1610636891,"path_taken":["M","M","?","?","$","R","E","M","T","R","M","M","R","E","R","BOSS","M","M","?","?","?","E","R","M","T","M","E","R","$","M","R","BOSS","M","M","?","M","$","R","M","E","T","?","R","?","R","?","R","BOSS"],"items_purchased_type":["Card","Relic","Relic","Potion","Potion"],"build_version":"2020-12-22","purchased_purges":2,"victory":true,"max_hp_per_floor":[72,72,72,72,72,72,72,72,72,72,72,72,72,72,72,72,72,72,72,72,72,72,72,72,72,72,72,72,72,72,72,72,72,72,72,72,72,72,69,69,69,69,69,69,69,66,66,66,66,66],"card_choices":[{"not_picked":["Protect","Worship"],"picked":"SashWhip","floor":1.0},{"not_picked":["FollowUp","JustLucky"],"picked":"ReachHeaven","floor":2.0},{"not_picked":["Wireheading","JustLucky"],"picked":"EmptyFist","floor":7.0},{"not_picked":["PathToVictory","EmptyMind","Vengeance"],"picked":"SKIP","floor":8.0},{"not_picked":["WindmillStrike","JustLucky"],"picked":"Tantrum","floor":11.0},{"not_picked":["Prostrate","CrushJoints","WreathOfFlame"],"picked":"SKIP","floor":12.0},{"not_picked":["FlyingSleeves","PathToVictory"],"picked":"Halt","floor":14.0},{"not_picked":["DeusExMachina","Devotion+1"],"picked":"Blasphemy","floor":16.0},{"not_picked":["BowlingBash","WreathOfFlame+1"],"picked":"FearNoEvil","floor":18.0},{"not_picked":["PathToVictory","WaveOfTheHand","Evaluate+1"],"picked":"SKIP","floor":19.0},{"not_picked":["EmptyFist","InnerPeace+1","ForeignInfluence"],"picked":"SKIP","floor":21.0},{"not_picked":["Pray","SignatureMove","ReachHeaven"],"picked":"SKIP","floor":23.0},{"not_picked":["Pray","SignatureMove","ReachHeaven"],"picked":"SKIP","floor":23.0},{"not_picked":["EmptyFist","FlurryOfBlows","Halt"],"picked":"SKIP","floor":25.0},{"not_picked":["Consecrate","CutThroughFate"],"picked":"LikeWater+1","floor":27.0},{"not_picked":["CrushJoints","ThirdEye","FlyingSleeves+1"],"picked":"SKIP","floor":28.0},{"not_picked":["EmptyFist","PathToVictory"],"picked":"ClearTheMind+1","floor":31.0},{"not_picked":["BowlingBash","Meditate+1","PathToVictory+1"],"picked":"SKIP","floor":35.0},{"not_picked":["FearNoEvil+1","Pray"],"picked":"EmptyBody+1","floor":37.0},{"not_picked":["EmptyFist+1","DeceiveReality+1","BowlingBash+1"],"picked":"SKIP","floor":38.0},{"not_picked":["ClearTheMind+1","CutThroughFate+1"],"picked":"SpiritShield","floor":41.0},{"not_picked":["FlurryOfBlows","Evaluate","Fasting2+1"],"picked":"SKIP","floor":42.0}],"player_experience":633631,"relics_obtained":[{"floor":4.0,"key":"Orichalcum"},{"floor":7.0,"key":"Shuriken"},{"floor":9.0,"key":"Frozen Egg 2"},{"floor":14.0,"key":"Ice Cream"},{"floor":23.0,"key":"The Courier"},{"floor":26.0,"key":"CeramicFish"},{"floor":28.0,"key":"Akabeko"},{"floor":42.0,"key":"Kunai"},{"floor":43.0,"key":"Gremlin Horn"}],"event_choices":[{"damage_healed":0.0,"max_hp_gain":0.0,"max_hp_loss":0.0,"gold_gain":0.0,"event_name":"Shining Light","player_choice":"Entered Light","floor":3.0,"gold_loss":0.0,"damage_taken":14.0,"cards_upgraded":["BowlingBash","Strike_P"]},{"damage_healed":0.0,"max_hp_gain":0.0,"max_hp_loss":0.0,"gold_gain":0.0,"event_name":"Accursed Blacksmith","player_choice":"Forge","floor":20.0,"gold_loss":0.0,"damage_taken":0.0,"cards_upgraded":["Blasphemy"]},{"damage_healed":0.0,"max_hp_gain":0.0,"max_hp_loss":0.0,"gold_gain":100.0,"event_name":"Golden Shrine","player_choice":"Pray","floor":22.0,"gold_loss":0.0,"damage_taken":0.0},{"damage_healed":0.0,"max_hp_gain":0.0,"max_hp_loss":0.0,"gold_gain":0.0,"event_name":"Tomb of Lord Red Mask","player_choice":"Paid","floor":44.0,"gold_loss":82.0,"damage_taken":0.0,"relics_obtained":["Red Mask"]},{"damage_healed":0.0,"max_hp_gain":0.0,"max_hp_loss":3.0,"gold_gain":0.0,"event_name":"Winding Halls","player_choice":"Max HP","floor":46.0,"gold_loss":0.0,"damage_taken":0.0},{"damage_healed":0.0,"max_hp_gain":0.0,"max_hp_loss":0.0,"gold_gain":0.0,"event_name":"MindBloom","player_choice":"Upgrade","floor":48.0,"gold_loss":0.0,"damage_taken":0.0,"cards_upgraded":["Defend_P","Defend_P","Vigilance","SashWhip","EmptyFist","Tantrum","Halt","FearNoEvil","SpiritShield"],"relics_obtained":["Mark of the Bloom"]}],"is_beta":false,"boss_relics":[{"not_picked":["Black Star","Sozu"],"picked":"Astrolabe"},{"not_picked":["SlaversCollar","Velvet Choker"],"picked":"VioletLotus"}],"items_purged_floors":[30,39],"is_endless":false,"potions_floor_spawned":[7,12,16,21,23,31,36,37],"ascension_level":10}}