{"host":"56ghxnzsglgdq727","time":1610589502,"event":{"mods":["AchievementEnabler","BaseMod","Downfall","Duelist Mod","Minty Spire (QoL Compilation)","Rare Cards Sparkle","StSLib","The Bug Knight","The Exalted","The Senshi","The Wild Card"],"gold_per_floor":[143,155,170,170,15,48,48,48,48],"floor_reached":8,"language":"ENG","playtime":291,"items_purged":["theDuelist:CastleWalls"],"score":64,"play_id":"ce45a49e-f69e-4d26-a73b-7ecc9f3cf72b","local_time":"20210113205822","is_ascension_mode":true,"campfire_choices":[{"floor":7,"key":"REST"}],"circlet_count":0,"master_deck":["theDuelist:BloodSparks","theDuelist:CastleWalls","theDuelist:MangaRyuRan","theDuelist:Sparks","theDuelist:Sparks","theDuelist:ToonAncientGear","theDuelist:ToonMermaid","theDuelist:ToonSummonedSkull","theDuelist:ToonWorld","theDuelist:ToonMask","theDuelist:TrapHole+1","theDuelist:HeartUnderdog","theDuelist:TrapHole","theDuelist:ToonKingdom"],"relics":["theDuelist:MillenniumPuzzle","theDuelist:CardPoolRelic","theDuelist:CardPoolBasicRelic","theDuelist:BoosterPackPoolRelic","theDuelist:CardPoolAddRelic","theDuelist:CardPoolMinusRelic","theDuelist:CardPoolSaveRelic","theDuelist:CardPoolOptionsRelic","Ginger","Smiling Mask"],"acts_visited":["Exordium"],"potions_floor_usage":[3],"damage_taken":[{"damage":12,"enemies":"Small Slimes","floor":1,"turns":2},{"damage":1,"enemies":"Cultist","floor":2,"turns":2},{"damage":10,"enemies":"2 Louse","floor":3,"turns":4},{"damage":38,"enemies":"HollowMod:MossKnight","floor":6,"turns":5},{"damage":44,"enemies":"3 Sentries","floor":8,"turns":4}],"seed_played":"-3555583930342824387","potions_obtained":[{"floor":2,"key":"AttackPotion"}],"is_trial":false,"path_per_floor":["M","M","M","?","$","E","R","E"],"character_chosen":"THE_DUELIST","items_purchased":["theDuelist:TrapHole"],"campfire_rested":1,"item_purchase_floors":[5],"current_hp_per_floor":[64,63,57,57,57,19,43,0,0],"gold":48,"neow_bonus":"ONE_RARE_RELIC","is_daily":false,"chose_seed":false,"campfire_upgraded":0,"win_rate":0.0,"timestamp":1610589502,"path_taken":["M","M","M","?","?","E","R","E"],"items_purchased_type":["Card"],"build_version":"2020-12-22","purchased_purges":1,"victory":false,"max_hp_per_floor":[76,76,80,80,80,80,80,80,80],"card_choices":[{"not_picked":["theDuelist:GiantTrunade","theDuelist:ToonDarkMagician","theDuelist:ToonTable","theDuelist:AncientGearFist"],"picked":"theDuelist:ToonMask","floor":1},{"not_picked":["theDuelist:ToonBriefcase+1","theDuelist:ToonCannonSoldier+1","theDuelist:ToonWorld+1","theDuelist:SwordsConcealing+1"],"picked":"theDuelist:TrapHole+1","floor":2},{"not_picked":["theDuelist:DokiDoki","theDuelist:EarthEffigy","theDuelist:EarthquakeGiant","theDuelist:GemArmadillo","theDuelist:MudGolem"],"picked":"SKIP","floor":3},{"not_picked":["theDuelist:TrapHole","theDuelist:ToonBriefcase","theDuelist:ToonCannonSoldier"],"picked":"theDuelist:ToonKingdom","floor":6}],"player_experience":241998,"relics_obtained":[{"floor":6,"key":"Smiling Mask"}],"event_choices":[{"damage_healed":0,"gold_gain":0,"player_choice":"1 cards matched","damage_taken":0,"max_hp_gain":0,"max_hp_loss":0,"event_name":"Match and Keep!","floor":4,"gold_loss":0,"cards_obtained":["theDuelist:HeartUnderdog"]}],"is_beta":false,"boss_relics":[],"items_purged_floors":[5],"is_endless":false,"potions_floor_spawned":[2],"killed_by":"3 Sentries","ascension_level":3}}