{"host":"okzzojfld2krd5j7","time":1610617855,"event":{"mods":["BaseMod","Better Third Choice","Googly Eyes","Minty Spire (QoL Compilation)","Rare Cards Sparkle","Relic Stats","Replay The Spire","Spicy Shops","StSLib","The Marked","Wandering Minibosses","vexMod"],"gold_per_floor":[110,11,11,11,11,45,45,45,45,59,71,71,105,124,124,227,227,243,603,623,643,655,686,686,711,734,734,108,108,137,153,153,250,250,263,308,308,324,339,368,385,417,417,436,38,132,165,165,165],"floor_reached":48,"language":"ENG","playtime":1843,"items_purged":[],"score":977,"play_id":"c4c7a23e-7213-4c92-898b-08307b5d04ec","local_time":"20210114105055","is_ascension_mode":true,"campfire_choices":[{"floor":12.0,"key":"REST"},{"floor":15.0,"key":"DIG"},{"floor":24.0,"key":"RECALL"},{"data":"theMarked:WardOff","floor":29.0,"key":"SMITH"},{"data":"theMarked:WardOff","floor":32.0,"key":"SMITH"}],"circlet_count":0,"master_deck":["theMarked:Strike+1","theMarked:Strike","theMarked:Strike+1","theMarked:Defend","theMarked:Defend+1","theMarked:Defend","theMarked:Defend+1","theMarked:SoldierOfQuellstein","theMarked:WardOff+1","theMarked:WardOff+1","theMarked:BanishingWave+1","theMarked:WardOff+1","theMarked:WardOff+1","theMarked:StartUp","theMarked:Vacuum+1","theMarked:WardOff+1","theMarked:HeritageOfTheMarked+1","theMarked:Overthink"],"relics":["theMarked:ArtifactOfAir","NeowsBlessing","Golden Egg","Meat on the Bone","Simple Rune","Singing Bowl","ReplayTheSpireMod:Shallot","War Paint","Ginger","vexMod:MysteryBossChallenge","Runic Cube","Pen Nib","theMarked:NailFile","Tiny Chest","Frozen Eye","Replay:PocketPolymizer","Replay:Baseball","Replay:Bottled Flurry","SacredBark","Unceasing Top","Mercury Hourglass","ReplayTheSpireMod:Lightbulb","Lantern","Bottled Tornado","Strawberry","Vajra"],"acts_visited":["Exordium","TheCity","TheBeyond"],"potions_floor_usage":[],"damage_taken":[{"damage":0.0,"enemies":"Jaw Worm","floor":1.0,"turns":1.0},{"damage":0.0,"enemies":"3 Sentries","floor":6.0,"turns":2.0},{"damage":0.0,"enemies":"2 Louse","floor":10.0,"turns":1.0},{"damage":0.0,"enemies":"Cultist","floor":11.0,"turns":4.0},{"damage":28.0,"enemies":"Lagavulin","floor":13.0,"turns":9.0},{"damage":0.0,"enemies":"Looter","floor":14.0,"turns":3.0},{"damage":28.0,"enemies":"Fading Forest","floor":16.0,"turns":11.0},{"damage":18.0,"enemies":"2 Thieves","floor":18.0,"turns":5.0},{"damage":5.0,"enemies":"Spheric Guardian","floor":20.0,"turns":8.0},{"damage":4.0,"enemies":"Chosen and Byrds","floor":21.0,"turns":5.0},{"damage":0.0,"enemies":"3 Cultists","floor":22.0,"turns":3.0},{"damage":19.0,"enemies":"Slavers","floor":23.0,"turns":5.0},{"damage":1.0,"enemies":"Replay:Snechameleon","floor":25.0,"turns":6.0},{"damage":0.0,"enemies":"Gremlin Leader","floor":30.0,"turns":3.0},{"damage":9.0,"enemies":"Centurion and Healer","floor":31.0,"turns":3.0},{"damage":33.0,"enemies":"Pondfish","floor":33.0,"turns":18.0},{"damage":18.0,"enemies":"3 Darklings","floor":35.0,"turns":3.0},{"damage":17.0,"enemies":"2 Orb Walkers","floor":36.0,"turns":5.0},{"damage":0.0,"enemies":"Orb Walker","floor":38.0,"turns":3.0},{"damage":16.0,"enemies":"3 Darklings","floor":39.0,"turns":3.0},{"damage":108.0,"enemies":"Giant Head","floor":40.0,"turns":11.0},{"damage":3.0,"enemies":"Sphere and 2 Shapes","floor":41.0,"turns":5.0},{"damage":12.0,"enemies":"R_Hoarder","floor":42.0,"turns":8.0},{"damage":3.0,"enemies":"4 Shapes","floor":44.0,"turns":3.0},{"damage":49,"enemies":"Reptomancer","floor":47,"turns":5},{"damage":76,"enemies":"Transient","floor":48,"turns":3}],"seed_played":"-7537212114718857638","potions_obtained":[{"floor":10.0,"key":"DuplicationPotion"},{"floor":11.0,"key":"Block Potion"},{"floor":13.0,"key":"Fire Potion"},{"floor":14.0,"key":"Ancient Potion"},{"floor":20.0,"key":"AttackPotion"},{"floor":25.0,"key":"Toxic Potion"},{"floor":27.0,"key":"FairyPotion"},{"floor":31.0,"key":"LiquidBronze"},{"floor":35.0,"key":"Regen Potion"},{"floor":40.0,"key":"Toxic Potion"}],"is_trial":false,"path_per_floor":["M","$","?","?","?","E","?","T","T","M","M","R","E","M","R","B",null,"M","?","M","M","M","E","R","E","T","?","$","R","E","M","R","B",null,"M","?","T","M","M","E","M","E","T","M","$","?","E","M"],"character_chosen":"THE_DEFAULT","items_purchased":["Golden Egg","Frozen Eye","Replay:PocketPolymizer","Replay:Baseball","theMarked:WardOff","Bottled Tornado","Strawberry"],"campfire_rested":1,"item_purchase_floors":[2,28,28,28,28,45,45],"current_hp_per_floor":[70,70,70,56,49,49,2,2,2,14,28,49,35,49,49,45,78,62,26,33,43,45,38,38,51,51,51,51,51,63,76,76,53,90,82,75,75,87,83,59,78,68,68,85,92,69,44,0,0],"gold":165,"neow_bonus":"THREE_ENEMY_KILL","is_daily":false,"chose_seed":false,"campfire_upgraded":2,"win_rate":0.0,"timestamp":1610617855,"path_taken":["M","$","?","?","?","E","?","?","T","M","M","R","E","M","R","BOSS","M","?","M","M","?","E","R","E","T","?","$","R","E","?","R","BOSS","M","?","?","M","M","E","M","E","T","M","$","?","E","M"],"items_purchased_type":["Relic","Relic","Relic","Relic","Card","Relic","Relic"],"build_version":"2020-12-22","purchased_purges":0,"victory":false,"max_hp_per_floor":[70,70,70,70,70,70,70,70,70,70,72,72,74,76,76,78,78,80,80,80,82,84,84,84,86,86,86,86,86,88,90,90,90,90,90,92,92,94,96,98,100,102,102,102,109,113,115,115,115],"relic_stats":{"Singing Bowl":38,"counters":[26,135],"Tiny Chest":1,"Pen Nib":[8],"Ginger":[15],"War Paint":["theMarked:Defend","theMarked:Defend"],"obtain_stats":[{"Golden Egg":2,"Lantern":42,"Replay:PocketPolymizer":28,"Singing Bowl":8,"SacredBark":34,"Vajra":47,"Ginger":15,"Bottled Tornado":45,"Frozen Eye":28,"Strawberry":45,"Tiny Chest":26,"Replay:Bottled Flurry":30,"Runic Cube":17,"theMarked:NailFile":25,"NeowsBlessing":0,"vexMod:MysteryBossChallenge":17,"Pen Nib":23,"War Paint":13,"Mercury Hourglass":37,"theMarked:ArtifactOfAir":0,"Replay:Baseball":28,"ReplayTheSpireMod:Shallot":9,"Simple Rune":7,"ReplayTheSpireMod:Lightbulb":40,"Unceasing Top":36,"Meat on the Bone":6},{"Golden Egg":1,"Lantern":23,"Replay:PocketPolymizer":13,"Singing Bowl":2,"SacredBark":16,"Vajra":25,"Ginger":6,"Bottled Tornado":24,"Frozen Eye":13,"Strawberry":24,"Tiny Chest":13,"Replay:Bottled Flurry":14,"Runic Cube":7,"theMarked:NailFile":13,"NeowsBlessing":0,"vexMod:MysteryBossChallenge":7,"Pen Nib":12,"War Paint":5,"Mercury Hourglass":18,"theMarked:ArtifactOfAir":0,"Replay:Baseball":13,"ReplayTheSpireMod:Shallot":2,"Simple Rune":2,"ReplayTheSpireMod:Lightbulb":21,"Unceasing Top":18,"Meat on the Bone":2},{"Golden Egg":1,"Lantern":125,"Replay:PocketPolymizer":63,"Singing Bowl":3,"SacredBark":87,"Vajra":132,"Ginger":20,"Bottled Tornado":128,"Frozen Eye":63,"Strawberry":128,"Tiny Chest":63,"Replay:Bottled Flurry":66,"Runic Cube":31,"theMarked:NailFile":63,"NeowsBlessing":0,"vexMod:MysteryBossChallenge":31,"Pen Nib":57,"War Paint":17,"Mercury Hourglass":95,"theMarked:ArtifactOfAir":0,"Replay:Baseball":63,"ReplayTheSpireMod:Shallot":3,"Simple Rune":3,"ReplayTheSpireMod:Lightbulb":112,"Unceasing Top":95,"Meat on the Bone":3}],"Unceasing Top":[0],"Meat on the Bone":120,"Runic Cube":[44],"Mercury Hourglass":[150]},"card_choices":[{"not_picked":["theMarked:Overcharge","theMarked:Aftermath"],"picked":"theMarked:WardOff","floor":1.0},{"not_picked":["theMarked:Frustration","theMarked:Improvise","theMarked:Opportunist"],"picked":"SKIP","floor":6.0},{"not_picked":["theMarked:RepellingDischarge","theMarked:BanishingStrike"],"picked":"theMarked:WardOff","floor":10.0},{"not_picked":["theMarked:Convert","theMarked:Parkour","theMarked:RepellingDischarge"],"picked":"Singing Bowl","floor":11.0},{"not_picked":["theMarked:Convert","theMarked:Electrocute","theMarked:Opportunist"],"picked":"Singing Bowl","floor":13.0},{"not_picked":["theMarked:Frustration","theMarked:Convert","theMarked:Indomitable"],"picked":"Singing Bowl","floor":14.0},{"not_picked":["theMarked:Challenge","theMarked:ThrowWeapon","theMarked:Defy"],"picked":"Singing Bowl","floor":16.0},{"not_picked":["theMarked:Improvise","theMarked:Parkour","theMarked:LightningStrikesTwice"],"picked":"Singing Bowl","floor":18.0},{"not_picked":["theMarked:Aftermath+1","theMarked:Snap"],"picked":"theMarked:BanishingWave+1","floor":20.0},{"not_picked":["theMarked:TakeCover","theMarked:Frustration+1","theMarked:MaelstromOfLightning"],"picked":"Singing Bowl","floor":21.0},{"not_picked":["theMarked:PowerFlow","theMarked:Indomitable","theMarked:ResourceFulStrike"],"picked":"Singing Bowl","floor":22.0},{"not_picked":["theMarked:CreepingChasm","theMarked:LightningStrikesTwice"],"picked":"theMarked:WardOff","floor":23.0},{"not_picked":["theMarked:SelfDefenseTraining","theMarked:RepellingDischarge","theMarked:Parkour+1"],"picked":"Singing Bowl","floor":25.0},{"not_picked":["theMarked:RepellingDischarge","theMarked:Aftermath","theMarked:ComboAttacks+1"],"picked":"Singing Bowl","floor":30.0},{"not_picked":["theMarked:ReduceFriction","theMarked:Panic","theMarked:Indomitable"],"picked":"Singing Bowl","floor":31.0},{"not_picked":["theMarked:Challenge","theMarked:Snap"],"picked":"theMarked:Vacuum","floor":33.0},{"not_picked":["theMarked:Overcharge+1","theMarked:Parry"],"picked":"theMarked:WardOff+1","floor":35.0},{"not_picked":["theMarked:WastefulAttack","theMarked:EmpowerWeapon+1","theMarked:ElectricStrings+1"],"picked":"Singing Bowl","floor":36.0},{"not_picked":["theMarked:RepellingDischarge+1","theMarked:Improvise","theMarked:Electrify+1"],"picked":"Singing Bowl","floor":38.0},{"not_picked":["theMarked:ChainLightning","theMarked:ResourceFulStrike","theMarked:Opportunist+1"],"picked":"Singing Bowl","floor":39.0},{"not_picked":["theMarked:ResourceFulStrike+1","theMarked:Frustration","theMarked:MaelstromOfLightning+1"],"picked":"Singing Bowl","floor":40.0},{"not_picked":["theMarked:Convert","theMarked:ReduceFriction+1","theMarked:DeterminationOfTheMarked"],"picked":"Singing Bowl","floor":41.0},{"not_picked":["theMarked:KeepCalmAndFightOn+1","theMarked:WastefulAttack+1","theMarked:Parkour"],"picked":"Singing Bowl","floor":42.0},{"not_picked":["theMarked:ContemptForTheProud+1","theMarked:StartUp"],"picked":"theMarked:HeritageOfTheMarked+1","floor":44.0},{"not_picked":["theMarked:Aftermath+1","theMarked:SwordAndMagic","theMarked:Static+1"],"picked":"Singing Bowl","floor":46.0},{"not_picked":["theMarked:PowerFlow+1","theMarked:Electrocute","theMarked:Improvise"],"picked":"Singing Bowl","floor":46.0},{"not_picked":["theMarked:ResourceFulStrike","theMarked:TakeOffHeels"],"picked":"theMarked:Overthink","floor":46.0},{"not_picked":["theMarked:ShockingTouch+1","theMarked:TwofoldDefense+1","theMarked:EnhanceMovement"],"picked":"Singing Bowl","floor":47}],"player_experience":643420,"relics_obtained":[{"floor":6.0,"key":"Meat on the Bone"},{"floor":8.0,"key":"Singing Bowl"},{"floor":9.0,"key":"ReplayTheSpireMod:Shallot"},{"floor":13.0,"key":"War Paint"},{"floor":15.0,"key":"Ginger"},{"floor":23.0,"key":"Pen Nib"},{"floor":25.0,"key":"theMarked:NailFile"},{"floor":26.0,"key":"Tiny Chest"},{"floor":30.0,"key":"Replay:Bottled Flurry"},{"floor":36.0,"key":"Unceasing Top"},{"floor":37.0,"key":"Mercury Hourglass"},{"floor":40.0,"key":"ReplayTheSpireMod:Lightbulb"},{"floor":42.0,"key":"Lantern"},{"floor":47,"key":"Vajra"}],"event_choices":[{"cards_removed":["Pride"],"damage_healed":0.0,"max_hp_gain":0.0,"max_hp_loss":0.0,"gold_gain":0.0,"event_name":"Living Wall","player_choice":"Forget","floor":3.0,"gold_loss":0.0,"damage_taken":0.0},{"damage_healed":70.0,"max_hp_gain":0.0,"max_hp_loss":70.0,"gold_gain":0.0,"event_name":"betterThird:BetterShining","player_choice":"Upgrade","floor":4.0,"gold_loss":0.0,"damage_taken":14.0,"cards_upgraded":["theMarked:Defend","theMarked:WardOff"]},{"cards_removed":["theMarked:Strike"],"damage_healed":0.0,"max_hp_gain":0.0,"max_hp_loss":0.0,"gold_gain":0.0,"event_name":"Golden Wing","player_choice":"Card Removal","floor":5.0,"gold_loss":0.0,"damage_taken":7.0},{"damage_healed":0.0,"max_hp_gain":0.0,"max_hp_loss":0.0,"gold_gain":1.0,"event_name":"betterThird:BetterScrap","player_choice":"Relic ","floor":7.0,"gold_loss":0.0,"damage_taken":47.0,"cards_obtained":["Immolate"]},{"damage_healed":0.0,"max_hp_gain":0.0,"max_hp_loss":0.0,"gold_gain":360.0,"event_name":"Knowing Skull","player_choice":"GOLD GOLD GOLD GOLD ","floor":19.0,"potions_obtained":[],"gold_loss":0.0,"damage_taken":36.0,"cards_obtained":[]},{"damage_healed":0.0,"max_hp_gain":0.0,"max_hp_loss":0.0,"gold_gain":0.0,"event_name":"Lab","player_choice":"Got Potions","floor":27.0,"gold_loss":0.0,"damage_taken":0.0},{"damage_healed":0.0,"max_hp_gain":0.0,"max_hp_loss":0.0,"gold_gain":0.0,"event_name":"Mysterious Sphere","player_choice":"Fight","floor":36.0,"gold_loss":0.0,"damage_taken":0.0}],"is_beta":false,"boss_relics":[{"not_picked":["Sozu","Fusion Hammer"],"picked":"vexMod:MysteryBossChallenge"},{"not_picked":["theMarked:Eyepatch","Kintsugi"],"picked":"SacredBark"}],"items_purged_floors":[],"is_endless":false,"potions_floor_spawned":[10,11,13,14,20,25,31,35,40,44,47],"killed_by":"Transient","ascension_level":1}}