{"host":"blqtz7f1wyqlnbm9","time":1610634787,"event":{"mods":["BaseMod","Minty Spire (QoL Compilation)","Replay The Spire","StSLib"],"gold_per_floor":[116,126,140,150,162,162,178,178,178,178,193,206,206,206,206,310,310,323,323,334,352,123,148,148,163,190,190,190,202,17,29,29,131,131,141,155,11,28,83,110,110,110,135,154,178,224,240,271,271,305,305,305],"floor_reached":53,"language":"ZHS","playtime":1716,"items_purged":["Defend_R","ReplayTheSpireMod:Strike From Hell"],"score":1132,"play_id":"297d65b8-aa97-453d-921a-694593f7ae55","local_time":"20210114223307","is_ascension_mode":true,"campfire_choices":[{"data":"Perfected Strike","floor":6,"key":"SMITH"},{"data":"Perfected Strike","floor":8,"key":"SMITH"},{"data":"Flex","floor":10,"key":"SMITH"},{"data":"Inflame","floor":13,"key":"SMITH"},{"floor":15,"key":"REST"},{"data":"Shockwave","floor":24,"key":"SMITH"},{"data":"True Grit","floor":27,"key":"SMITH"},{"floor":32,"key":"DIG"},{"data":"1","floor":49,"key":"LIFT"},{"data":"2","floor":51,"key":"LIFT"}],"circlet_count":0,"master_deck":["Strike_R","Strike_R","Strike_R","Strike_R","Strike_R","Defend_R","Defend_R","Defend_R","Bash+1","Perfected Strike+1","True Grit+1","Inflame+1","Flex+1","Perfected Strike+1","Offering","Shockwave+1","ReplayTheSpireMod:LeadingStrike+1","Ghostly","Ghostly","Ghostly","Ghostly","Ghostly","Spot Weakness+1","Pommel Strike","Pommel Strike","Havoc+1","Corruption","Pommel Strike+1","Perfected Strike+1","Battle Trance+1","Demonic Infusion+1","Whirlwind+1","Pommel Strike+1","Perfected Strike+1","Battle Trance+1","Wild Strike+1","Twin Strike"],"relics":["Burning Blood","Blue Doll","Another Sword","Coffee Dripper","TheAbacus","Tiny Chest","Bag of Marbles","Toxic Egg 2","Snecko Eye","Pet Ghost","Mercury Hourglass","Girya","Akabeko","Torii","Bag of Preparation","ReplayTheSpireMod:Spearhead"],"acts_visited":["Exordium","TheCity","TheBeyond"],"potions_floor_usage":[23,23,29,33],"damage_taken":[{"damage":6,"enemies":"Cultist","floor":1,"turns":3},{"damage":6,"enemies":"2 Louse","floor":2,"turns":2},{"damage":14,"enemies":"Jaw Worm","floor":3,"turns":6},{"damage":26,"enemies":"Lots of Slimes","floor":4,"turns":4},{"damage":13,"enemies":"Large Slime","floor":5,"turns":6},{"damage":11,"enemies":"Looter","floor":7,"turns":3},{"damage":25,"enemies":"3 Louse","floor":11,"turns":4},{"damage":0,"enemies":"Large Slime","floor":12,"turns":4},{"damage":33,"enemies":"The Guardian","floor":16,"turns":10},{"damage":19,"enemies":"3 Byrds","floor":18,"turns":4},{"damage":1,"enemies":"Chosen","floor":20,"turns":2},{"damage":36,"enemies":"Snake Plant","floor":21,"turns":3},{"damage":6,"enemies":"Book of Stabbing","floor":23,"turns":2},{"damage":5,"enemies":"Centurion and Healer","floor":25,"turns":3},{"damage":14,"enemies":"Shelled Parasite and Fungi","floor":29,"turns":3},{"damage":0,"enemies":"Snake Plant","floor":31,"turns":1},{"damage":16,"enemies":"Champ","floor":33,"turns":8},{"damage":7,"enemies":"3 Shapes","floor":35,"turns":4},{"damage":2,"enemies":"Orb Walker","floor":36,"turns":2},{"damage":0,"enemies":"Spire Growth","floor":38,"turns":1},{"damage":1,"enemies":"Nemesis","floor":40,"turns":3},{"damage":1,"enemies":"Reptomancer","floor":43,"turns":3},{"damage":2,"enemies":"3 Darklings","floor":44,"turns":3},{"damage":2,"enemies":"2 Orb Walkers","floor":46,"turns":3},{"damage":2,"enemies":"Transient","floor":47,"turns":5},{"damage":6,"enemies":"Nemesis","floor":48,"turns":1},{"damage":0,"enemies":"Reptomancer","floor":50,"turns":2},{"damage":12,"enemies":"Time Eater","floor":52,"turns":6}],"seed_played":"5733316164996158362","potions_obtained":[{"floor":1,"key":"SkillPotion"},{"floor":5,"key":"LiquidMemories"},{"floor":11,"key":"SkillPotion"},{"floor":12,"key":"AttackPotion"},{"floor":20,"key":"CultistPotion"},{"floor":25,"key":"ColorlessPotion"},{"floor":29,"key":"Block Potion"},{"floor":35,"key":"BloodPotion"},{"floor":38,"key":"GamblersBrew"}],"is_trial":false,"path_per_floor":["M","M","M","M","M","R","M","R","T","R","M","M","R","?","R","B",null,"M","?","M","M","$","E","R","M","T","R","?","M","$","M","R","B",null,"M","M","$","M","T","E","PTL","PTL","E","M","T","?","M","E","R","E","R","B",null],"character_chosen":"IRONCLAD","items_purchased":["TheAbacus","Pommel Strike","Bag of Marbles","Battle Trance+1"],"campfire_rested":1,"item_purchase_floors":[22,30,30,37],"current_hp_per_floor":[80,80,72,52,45,45,40,40,40,40,21,27,27,27,51,24,80,67,67,72,42,42,42,42,43,43,43,40,32,32,38,38,28,40,39,40,40,40,40,40,40,40,40,40,40,40,40,40,40,40,40,34],"gold":305,"neow_bonus":"UPGRADE_CARD","is_daily":false,"chose_seed":false,"campfire_upgraded":6,"win_rate":0.0,"timestamp":1610634787,"path_taken":["M","M","?","M","M","R","M","R","T","R","M","M","R","?","R","BOSS","M","?","M","M","$","E","R","M","T","R","?","M","?","M","R","BOSS","M","M","?","M","?","E","PTL","PTL","E","M","T","?","M","E","R","E","R","BOSS"],"items_purchased_type":["Relic","Card","Relic","Card"],"build_version":"2020-12-22","purchased_purges":2,"victory":true,"max_hp_per_floor":[80,80,80,80,80,80,80,80,80,80,80,80,80,80,80,80,80,80,80,80,80,80,80,80,80,80,80,40,40,40,40,40,40,40,40,40,40,40,40,40,40,40,40,40,40,40,40,40,40,40,40,40],"card_choices":[{"not_picked":["Sentinel","Thunderclap"],"picked":"Perfected Strike","floor":1},{"not_picked":["Anger","Rupture","Hemokinesis"],"picked":"SKIP","floor":2},{"not_picked":["Sword Boomerang","Armaments"],"picked":"True Grit","floor":3},{"not_picked":["Clothesline","Warcry"],"picked":"Inflame","floor":4},{"not_picked":["Iron Wave","Burning Pact"],"picked":"Flex","floor":5},{"not_picked":["ReplayTheSpireMod:LeadingStrike","Sword Boomerang"],"picked":"Perfected Strike","floor":7},{"not_picked":["ReplayTheSpireMod:Muscle Training","Sword Boomerang","Warcry"],"picked":"SKIP","floor":11},{"not_picked":["Havoc","Iron Wave","Reckless Charge"],"picked":"SKIP","floor":12},{"not_picked":["Corruption","Limit Break"],"picked":"Offering","floor":16},{"not_picked":["Evolve","Clothesline"],"picked":"Shockwave","floor":18},{"not_picked":["Second Wind","Run Through"],"picked":"ReplayTheSpireMod:LeadingStrike+1","floor":20},{"not_picked":["Replay:Undeath\u0027s Touch","Massacre+1","Anger+1"],"picked":"SKIP","floor":21},{"not_picked":["Reckless Charge","Sword Boomerang","Replay:Undeath\u0027s Touch"],"picked":"SKIP","floor":23},{"not_picked":["Abandon+1","Heavy Blade"],"picked":"ReplayTheSpireMod:Strike From Hell","floor":25},{"not_picked":["Rupture","Cleave+1"],"picked":"Spot Weakness+1","floor":29},{"not_picked":["Clothesline","Demon Form"],"picked":"Havoc+1","floor":31},{"not_picked":["Brutality","Eclipse+1"],"picked":"Corruption","floor":33},{"not_picked":["Run Through","Sword Boomerang+1"],"picked":"Pommel Strike+1","floor":35},{"not_picked":["Sword Boomerang+1","Run Through"],"picked":"Perfected Strike+1","floor":36},{"not_picked":["Headbutt+1","Armaments+1"],"picked":"Demonic Infusion+1","floor":38},{"not_picked":["Infernal Blade+1","Cleave+1"],"picked":"Whirlwind+1","floor":40},{"not_picked":["Infernal Blade+1","Heavy Blade+1"],"picked":"Pommel Strike+1","floor":43},{"not_picked":["Sword Boomerang+1","Intimidate+1"],"picked":"Perfected Strike+1","floor":44},{"not_picked":["ReplayTheSpireMod:Strike From Hell+1","Run Through+1"],"picked":"Battle Trance+1","floor":46},{"not_picked":["Feel No Pain+1","Infernal Blade+1"],"picked":"Wild Strike+1","floor":47},{"not_picked":["Evolve","Brutality"],"picked":"Twin Strike","floor":48},{"not_picked":["Dark Embrace","Clash","Feed"],"picked":"SKIP","floor":50}],"player_experience":200360,"relics_obtained":[{"floor":9,"key":"Blue Doll"},{"floor":23,"key":"Tiny Chest"},{"floor":32,"key":"Toxic Egg 2"},{"floor":39,"key":"Pet Ghost"},{"floor":40,"key":"Mercury Hourglass"},{"floor":43,"key":"Girya"},{"floor":45,"key":"Akabeko"},{"floor":46,"key":"Torii"},{"floor":48,"key":"Bag of Preparation"},{"floor":50,"key":"ReplayTheSpireMod:Spearhead"}],"event_choices":[{"damage_healed":0,"gold_gain":0,"player_choice":"Gave Potion","damage_taken":0,"relics_obtained":["Another Sword"],"max_hp_gain":0,"max_hp_loss":0,"event_name":"WeMeetAgain","floor":14,"gold_loss":0},{"damage_healed":0,"gold_gain":0,"player_choice":"Ignored","damage_taken":0,"max_hp_gain":0,"max_hp_loss":0,"event_name":"Vampires","floor":19,"gold_loss":0},{"damage_healed":0,"gold_gain":0,"player_choice":"Became a Ghost","damage_taken":0,"max_hp_gain":0,"max_hp_loss":40,"event_name":"Ghosts","floor":28,"gold_loss":0,"cards_obtained":["Ghostly","Ghostly","Ghostly","Ghostly","Ghostly"]},{"damage_healed":0,"gold_gain":0,"player_choice":"Fight","damage_taken":0,"max_hp_gain":0,"max_hp_loss":0,"event_name":"Mysterious Sphere","floor":46,"gold_loss":0}],"is_beta":false,"boss_relics":[{"not_picked":["Honey Jar","Replay:Ancient Bell"],"picked":"Coffee Dripper"},{"not_picked":["SacredBark","ChewingGum"],"picked":"Snecko Eye"}],"items_purged_floors":[22,37],"is_endless":false,"potions_floor_spawned":[1,5,11,12,20,25,29,35,38,47,48,50],"ascension_level":2}}