{"host":"fm9e0lfunjlbhzxv","time":1610597439,"event":{"mods":["AchievementEnabler","BaseMod","Bestiary","Colored Map","Colored Powertips","Key Reminder","Minty Spire (QoL Compilation)","Permanent Neow","Rare Cards Sparkle","Relic Stats","StSLib","The IronCluck","slay the spire mod where everything is the same but ironclad has a cowboy hat"],"gold_per_floor":[118,68,68,83,83,113,113,113,113],"floor_reached":8,"language":"ENG","playtime":290,"items_purged":[],"score":59,"play_id":"cd172398-b5b7-42ce-a532-79a1eacc30ee","local_time":"20210113201039","is_ascension_mode":true,"campfire_choices":[{"floor":7,"key":"REST"}],"circlet_count":0,"master_deck":["Strike_B","Strike_B+1","Defend_B","Defend_B","Defend_B+1","Zap","Dualcast","Barrage","Darkness"],"relics":["Cracked Core","Bag of Marbles","Ice Cream"],"acts_visited":["Exordium"],"potions_floor_usage":[8],"damage_taken":[{"damage":2,"enemies":"2 Louse","floor":1,"turns":3},{"damage":4,"enemies":"Jaw Worm","floor":4,"turns":3},{"damage":29,"enemies":"Gremlin Nob","floor":6,"turns":5},{"damage":23,"enemies":"Lagavulin","floor":8,"turns":3}],"seed_played":"-7360877380108141135","potions_obtained":[{"floor":6,"key":"SkillPotion"}],"is_trial":false,"path_per_floor":["M","?","?","M","?","E","R","E"],"character_chosen":"DEFECT","items_purchased":[],"campfire_rested":1,"item_purchase_floors":[],"current_hp_per_floor":[52,52,37,33,30,1,23,0,0],"gold":113,"neow_bonus":"REMOVE_TWO","is_daily":false,"chose_seed":false,"campfire_upgraded":0,"win_rate":0.0,"timestamp":1610597439,"path_taken":["M","?","?","M","?","E","R","E"],"items_purchased_type":[],"build_version":"2020-12-22","purchased_purges":0,"victory":false,"max_hp_per_floor":[75,75,75,75,75,75,75,75,75],"relic_stats":{"counters":[4,14],"obtain_stats":[{"Ice Cream":6,"Bag of Marbles":5,"Cracked Core":0},{"Ice Cream":3,"Bag of Marbles":2,"Cracked Core":0},{"Ice Cream":11,"Bag of Marbles":6,"Cracked Core":0}]},"card_choices":[{"not_picked":["Ball Lightning","Rebound"],"picked":"Barrage","floor":1},{"not_picked":["Blizzard","Undo","Turbo"],"picked":"SKIP","floor":4},{"not_picked":["Conserve Battery","Compile Driver"],"picked":"Darkness","floor":6}],"player_experience":411271,"relics_obtained":[{"floor":6,"key":"Ice Cream"}],"event_choices":[{"cards_removed":["Defend_B"],"damage_healed":0,"gold_gain":0,"player_choice":"Card Removal","damage_taken":0,"max_hp_gain":0,"max_hp_loss":0,"event_name":"The Cleric","floor":2,"gold_loss":50},{"damage_healed":0,"gold_gain":0,"player_choice":"Entered Light","damage_taken":15,"max_hp_gain":0,"max_hp_loss":0,"event_name":"Shining Light","floor":3,"gold_loss":0,"cards_upgraded":["Defend_B","Strike_B"]},{"damage_healed":0,"gold_gain":0,"player_choice":"Success","damage_taken":3,"relics_obtained":["Bag of Marbles"],"max_hp_gain":0,"max_hp_loss":0,"event_name":"Scrap Ooze","floor":5,"gold_loss":0}],"is_beta":false,"boss_relics":[],"items_purged_floors":[],"is_endless":false,"potions_floor_spawned":[6],"killed_by":"Lagavulin","ascension_level":2}}