{"host":"r6ixdbpnwahtqyu3","time":1610595538,"event":{"mods":["BaseMod","CapriCore","Colored Map","Friendly Minions","Koishi","Marisa（霧雨　魔理沙）","Minty Spire (QoL Compilation)","Remilia（蕾米莉?）","StSLib","The Immortal","The Servant 0.9.4"],"gold_per_floor":[109,109,124,138,154,188,201,227,227,254,312,69,37,51,51,147,197,211,236,335,346,271,286,298,311,388,401,419,419,419],"floor_reached":29,"language":"ENG","playtime":1693,"items_purged":[],"score":351,"play_id":"1e965dd6-f9c3-4602-9148-2a1c5c0f0125","local_time":"20210113223858","is_ascension_mode":true,"campfire_choices":[{"floor":15.0,"key":"REST"}],"circlet_count":0,"master_deck":["Koishi:BasicStrike+1","Koishi:BasicStrike+1","Koishi:BasicStrike+1","Koishi:BasicDefend","Koishi:BasicDefend","Koishi:BasicDefend","Koishi:BasicDefend","Koishi:Provoke","Koishi:HauntingSlash","Koishi:GhostParty","Koishi:SprinkleStarAndHeart","Koishi:UnseenTerror","Koishi:CatchAndRose","Koishi:Catatonia","Koishi:BramblyRoseGarden","Koishi:GrowingPain","Koishi:MindStellarRelief","Koishi:JumpScare+1"],"relics":["Koishi:ImaginaryFriend","NeowsBlessing","TungstenRod","Bronze Scales","Matryoshka","Bag of Preparation","Tiny House","Red Mask","Meat on the Bone"],"acts_visited":["Exordium","TheCity"],"potions_floor_usage":[25,27,29],"damage_taken":[{"damage":0.0,"enemies":"Small Slimes","floor":1.0,"turns":1.0},{"damage":0.0,"enemies":"2 Louse","floor":3.0,"turns":1.0},{"damage":0.0,"enemies":"Jaw Worm","floor":4.0,"turns":1.0},{"damage":5.0,"enemies":"2 Fungi Beasts","floor":5.0,"turns":5.0},{"damage":21.0,"enemies":"Lagavulin","floor":6.0,"turns":10.0},{"damage":7.0,"enemies":"Large Slime","floor":7.0,"turns":7.0},{"damage":4.0,"enemies":"3 Sentries","floor":8.0,"turns":11.0},{"damage":35.0,"enemies":"Gremlin Nob","floor":10.0,"turns":6.0},{"damage":2.0,"enemies":"Blue Slaver","floor":14.0,"turns":5.0},{"damage":17.0,"enemies":"Slime Boss","floor":16.0,"turns":10.0},{"damage":0.0,"enemies":"3 Byrds","floor":18.0,"turns":3.0},{"damage":30.0,"enemies":"Masked Bandits","floor":19.0,"turns":5.0},{"damage":0.0,"enemies":"Spheric Guardian","floor":21.0,"turns":4.0},{"damage":26.0,"enemies":"Centurion and Healer","floor":23.0,"turns":8.0},{"damage":22,"enemies":"3 Cultists","floor":24,"turns":7},{"damage":24,"enemies":"Shelled Parasite and Fungi","floor":25,"turns":8},{"damage":0,"enemies":"Sentry and Sphere","floor":27,"turns":5},{"damage":16,"enemies":"Snecko","floor":28,"turns":6},{"damage":30,"enemies":"Book of Stabbing","floor":29,"turns":6}],"seed_played":"-4221664832568582164","potions_obtained":[{"floor":1.0,"key":"CultistPotion"},{"floor":5.0,"key":"PowerPotion"},{"floor":8.0,"key":"FairyPotion"},{"floor":14.0,"key":"DuplicationPotion"},{"floor":16.0,"key":"LiquidMemories"},{"floor":17.0,"key":"Strength Potion"},{"floor":19.0,"key":"Swift Potion"},{"floor":23.0,"key":"Regen Potion"},{"floor":25,"key":"Energy Potion"}],"is_trial":false,"path_per_floor":["M","?","M","M","M","E","M","E","T","E","?","$","?","M","R","B",null,"M","?","?","M","?","M","M","M","T","M","M","E"],"character_chosen":"KOISHI","items_purchased":["Koishi:GrowingPain","Koishi:MindStellarRelief"],"campfire_rested":1,"item_purchase_floors":[12,12],"current_hp_per_floor":[54,42,42,42,38,22,15,16,16,22,22,22,22,23,41,26,57,58,35,35,42,42,22,7,4,4,24,27,0,0],"gold":419,"neow_bonus":"THREE_ENEMY_KILL","is_daily":false,"chose_seed":false,"campfire_upgraded":0,"win_rate":0.0,"timestamp":1610595538,"path_taken":["M","?","M","M","M","E","M","E","T","E","?","$","?","M","R","BOSS","M","?","?","M","?","M","M","?","T","M","M","E"],"items_purchased_type":["Card","Card"],"build_version":"2020-12-22","purchased_purges":0,"victory":false,"max_hp_per_floor":[60,60,60,60,60,60,60,60,60,60,60,60,60,60,60,60,65,65,65,65,65,65,65,65,65,65,65,65,65,65],"card_choices":[{"not_picked":["Koishi:UnconsciousUrges","Koishi:PhantomBarrier"],"picked":"Koishi:GhostParty","floor":1.0},{"not_picked":["Koishi:PhantomStrike","Koishi:StingingMind"],"picked":"Koishi:SprinkleStarAndHeart","floor":3.0},{"not_picked":["Koishi:Bloodlust","Koishi:SubconsciousSweep"],"picked":"Koishi:UnseenTerror","floor":4.0},{"not_picked":["Koishi:UnansweredLove","Koishi:DreadfulBlow"],"picked":"Koishi:CatchAndRose","floor":5.0},{"not_picked":["Koishi:SubconsciousSweep","Koishi:RacingHeart"],"picked":"Koishi:Catatonia","floor":6.0},{"not_picked":["Koishi:Catatonia","Koishi:IdleWhim"],"picked":"Koishi:BramblyRoseGarden","floor":7.0},{"not_picked":["Koishi:ParalyzingFear","Koishi:PhantomStrike","Koishi:HeartAttack"],"picked":"SKIP","floor":8.0},{"not_picked":["Koishi:ParalyzingFear","Koishi:EmbryosDream","Koishi:UnconsciousUprising"],"picked":"SKIP","floor":10.0},{"not_picked":["Koishi:EmbryosDream","Koishi:SpiritedAway","Koishi:CatchAndRose"],"picked":"SKIP","floor":14.0},{"not_picked":["Koishi:VengefulSpirit","Koishi:SpiritedAway"],"picked":"Koishi:JumpScare+1","floor":18.0},{"not_picked":["Koishi:ParalyzingFear","Koishi:Possession","Koishi:ReflexRadar"],"picked":"SKIP","floor":21.0},{"not_picked":["Koishi:PhantomBarrier","Koishi:Whimsy+1","Koishi:ConditionedTeleport"],"picked":"SKIP","floor":23.0},{"not_picked":["Koishi:ApparitionsStalkTheNight+1","Koishi:FleetingPhantom+1","Koishi:DNAsFlaw+1"],"picked":"SKIP","floor":24},{"not_picked":["Koishi:PhantomBarrier","Koishi:DanmakuParanoia+1","Koishi:JumpScare"],"picked":"SKIP","floor":25},{"not_picked":["Koishi:UnansweredLove","Koishi:EmbryosDream+1","Koishi:PhantomStrike"],"picked":"SKIP","floor":27},{"not_picked":["Koishi:ParalyzingFear","Koishi:JumpScare","Koishi:PhilosophyOfTheDespised"],"picked":"SKIP","floor":28}],"player_experience":388950,"relics_obtained":[{"floor":6.0,"key":"TungstenRod"},{"floor":8.0,"key":"Bronze Scales"},{"floor":9.0,"key":"Matryoshka"},{"floor":10.0,"key":"Bag of Preparation"},{"floor":19.0,"key":"Red Mask"},{"floor":26,"key":"Meat on the Bone"}],"event_choices":[{"damage_healed":0.0,"max_hp_gain":0.0,"max_hp_loss":0.0,"gold_gain":0.0,"event_name":"Shining Light","player_choice":"Entered Light","floor":2.0,"gold_loss":0.0,"damage_taken":12.0,"cards_upgraded":["Koishi:BasicStrike","Koishi:BasicStrike"]},{"damage_healed":0.0,"max_hp_gain":0.0,"max_hp_loss":0.0,"gold_gain":58.0,"event_name":"Golden Wing","player_choice":"Gained Gold","floor":11.0,"gold_loss":0.0,"damage_taken":0.0},{"damage_healed":0.0,"max_hp_gain":0.0,"max_hp_loss":0.0,"gold_gain":0.0,"event_name":"World of Goop","player_choice":"Left Gold","floor":13.0,"gold_loss":32.0,"damage_taken":0.0},{"damage_healed":0.0,"max_hp_gain":0.0,"max_hp_loss":0.0,"gold_gain":0.0,"event_name":"Masked Bandits","player_choice":"Fought Bandits","floor":19.0,"gold_loss":0.0,"damage_taken":0.0},{"damage_healed":0.0,"max_hp_gain":0.0,"max_hp_loss":0.0,"gold_gain":99.0,"event_name":"Nest","player_choice":"Stole From Cult","floor":20.0,"gold_loss":0.0,"damage_taken":0.0},{"cards_removed":["Koishi:BasicStrike"],"damage_healed":0.0,"max_hp_gain":0.0,"max_hp_loss":0.0,"gold_gain":0.0,"event_name":"Beggar","player_choice":"Gave Gold","floor":22.0,"gold_loss":75.0,"damage_taken":0.0}],"is_beta":false,"boss_relics":[{"not_picked":["Fusion Hammer","Astrolabe"],"picked":"Tiny House"}],"items_purged_floors":[],"is_endless":false,"potions_floor_spawned":[1,5,8,14,16,18,19,23,25],"killed_by":"Book of Stabbing","ascension_level":8}}