{"host":"0mk07bycsqo1qk03","time":1610630342,"event":{"mods":["BaseMod","Bestiary","Downfall","Hermit","Hubris","Minty Spire (QoL Compilation)","Replay The Spire","StSLib","The Cursed","The Servant 0.9.4"],"gold_per_floor":[118,43,60,60,79,79,110,110,110,136,154,172,172,186,186,290,290,309,47,47,59,59,59,59,59],"floor_reached":24,"language":"ENG","playtime":796,"items_purged":[],"score":384,"play_id":"54707f3b-3687-478c-b706-691c42ccd7e9","local_time":"20210114141902","is_ascension_mode":true,"campfire_choices":[{"data":"Eruption","floor":6.0,"key":"SMITH"},{"data":"BattleHymn","floor":13.0,"key":"SMITH"},{"floor":15.0,"key":"REST"},{"data":"DeusExMachina","floor":23.0,"key":"SMITH"}],"circlet_count":0,"master_deck":["AscendersBane","Strike_P","Strike_P","Strike_P","Strike_P","Defend_P","Defend_P","Defend_P","Defend_P","Eruption+1","Vigilance","Protect","BattleHymn+1","DeusExMachina+1","CutThroughFate","Replay:Hum","JustLucky","FlyingSleeves","SpiritShield","TalkToTheHand","Replay:LoomingThreat","Prostrate+1"],"relics":["PureWater","NeowsBlessing","Replay:Bottled Flurry","Replay:Bottled Snecko","hubris:CrystalStatue","Replay:WaspNest","hubris:HollowSoul","Onion Ring","hubris:Towel"],"acts_visited":["Exordium","TheCity"],"potions_floor_usage":[],"damage_taken":[{"damage":0.0,"enemies":"Cultist","floor":1.0,"turns":1.0},{"damage":0.0,"enemies":"Small Slimes","floor":3.0,"turns":1.0},{"damage":0.0,"enemies":"2 Louse","floor":5.0,"turns":1.0},{"damage":10.0,"enemies":"3 Sentries","floor":7.0,"turns":8.0},{"damage":6.0,"enemies":"Gremlin Nob","floor":10.0,"turns":3.0},{"damage":1.0,"enemies":"Large Slime","floor":11.0,"turns":3.0},{"damage":11.0,"enemies":"Exordium Thugs","floor":12.0,"turns":4.0},{"damage":11.0,"enemies":"Looter","floor":14.0,"turns":2.0},{"damage":0.0,"enemies":"Fading Forest","floor":16.0,"turns":11.0},{"damage":11.0,"enemies":"3 Byrds","floor":18.0,"turns":4.0},{"damage":16.0,"enemies":"2 Thieves","floor":21.0,"turns":4.0},{"damage":0,"enemies":"Book of Stabbing","floor":24,"turns":1}],"seed_played":"7762956309005862876","potions_obtained":[{"floor":7.0,"key":"StancePotion"},{"floor":10.0,"key":"CultistPotion"},{"floor":16.0,"key":"champ:CounterPotion"},{"floor":21.0,"key":"Dexterity Potion"}],"is_trial":false,"path_per_floor":["M","$","M","?","M","R","E","?","T","E","M","M","R","M","R","B",null,"M","$","?","M","$","R","E"],"character_chosen":"WATCHER","items_purchased":["BattleHymn","Onion Ring"],"campfire_rested":1,"item_purchase_floors":[2,19],"current_hp_per_floor":[65,65,65,65,65,65,55,43,43,37,36,25,25,14,35,35,63,52,52,52,36,36,36,36,36],"gold":59,"neow_bonus":"THREE_ENEMY_KILL","is_daily":false,"chose_seed":false,"campfire_upgraded":3,"win_rate":0.0,"timestamp":1610630342,"path_taken":["M","$","?","?","M","R","E","?","T","E","M","M","R","M","R","BOSS","M","$","?","M","$","R","E"],"items_purchased_type":["Card","Relic"],"build_version":"2020-12-22","purchased_purges":0,"victory":false,"max_hp_per_floor":[72,72,72,72,72,72,72,72,72,72,72,72,72,72,72,72,72,72,72,72,72,72,72,72,72],"card_choices":[{"not_picked":["ClearTheMind","Replay:AtTheReady"],"picked":"Protect","floor":1.0},{"not_picked":["SignatureMove","CrushJoints","Halt"],"picked":"SKIP","floor":3.0},{"not_picked":["WaveOfTheHand","Replay:Vibes"],"picked":"CutThroughFate","floor":5.0},{"not_picked":["FlyingSleeves","Replay:Cycle"],"picked":"Replay:Hum","floor":7.0},{"not_picked":["ClearTheMind","WindmillStrike"],"picked":"JustLucky","floor":10.0},{"not_picked":["PathToVictory","BowlingBash"],"picked":"FlyingSleeves","floor":11.0},{"not_picked":["Protect","JustLucky"],"picked":"SpiritShield","floor":12.0},{"not_picked":["EmptyBody","BowlingBash"],"picked":"TalkToTheHand","floor":14.0},{"not_picked":["Replay:AllIn","Scrawl"],"picked":"Replay:LoomingThreat","floor":16.0},{"not_picked":["Evaluate","BowlingBash","Replay:AtTheReady"],"picked":"SKIP","floor":18.0},{"not_picked":["Worship","Study"],"picked":"Prostrate+1","floor":21.0}],"player_experience":883610,"relics_obtained":[{"floor":7.0,"key":"Replay:Bottled Flurry"},{"floor":9.0,"key":"hubris:CrystalStatue"},{"floor":10.0,"key":"Replay:WaspNest"}],"event_choices":[{"damage_healed":0.0,"max_hp_gain":0.0,"max_hp_loss":0.0,"gold_gain":0.0,"event_name":"Scrap Ooze","player_choice":"Success","floor":8.0,"gold_loss":0.0,"damage_taken":12.0,"relics_obtained":["Replay:Bottled Snecko"]}],"is_beta":false,"boss_relics":[{"not_picked":["hubris:RunicObelisk","Coffee Dripper"],"picked":"hubris:HollowSoul"}],"items_purged_floors":[],"is_endless":false,"potions_floor_spawned":[7,10,16,18,21],"killed_by":"Book of Stabbing","ascension_level":10}}