{"host":"boha5gfllk8aong2","time":1610626571,"event":{"mods":["BaseMod","DeckTracker","Minty Spire (QoL Compilation)"],"gold_per_floor":[113,124,49,61,61,86,117,17,17,17,17,53,97,116,116,247,247,270,284,307,307,307,307],"floor_reached":22,"language":"ENG","playtime":1455,"items_purged":["Strike_B","Strike_B"],"score":196,"play_id":"af2101f1-2c59-43f0-90d7-b219f12c3596","local_time":"20210114051611","is_ascension_mode":false,"campfire_choices":[{"floor":11,"key":"REST"},{"data":"Darkness","floor":15,"key":"SMITH"}],"circlet_count":0,"master_deck":["Defend_B","Defend_B","Defend_B","Defend_B","Zap","Dualcast","Darkness+1","Steam","Redo","Loop","Self Repair","Loop","Echo Form"],"relics":["Cracked Core","Golden Idol","Strawberry","Anchor","Odd Mushroom","Eternal Feather","Runic Dome"],"acts_visited":["Exordium","TheCity"],"potions_floor_usage":[16,22],"damage_taken":[{"damage":9,"enemies":"Small Slimes","floor":1,"turns":4},{"damage":3,"enemies":"Jaw Worm","floor":2,"turns":3},{"damage":1,"enemies":"Cultist","floor":4,"turns":4},{"damage":3,"enemies":"2 Fungi Beasts","floor":6,"turns":4},{"damage":47,"enemies":"Gremlin Nob","floor":7,"turns":4},{"damage":19,"enemies":"The Mushroom Lair","floor":12,"turns":5},{"damage":10,"enemies":"Lagavulin","floor":13,"turns":6},{"damage":8,"enemies":"Red Slaver","floor":14,"turns":4},{"damage":25,"enemies":"The Guardian","floor":16,"turns":10},{"damage":0,"enemies":"Chosen","floor":18,"turns":5},{"damage":50,"enemies":"3 Byrds","floor":19,"turns":5},{"damage":27,"enemies":"Snake Plant","floor":20,"turns":4},{"damage":15,"enemies":"Centurion and Healer","floor":22,"turns":2}],"seed_played":"1260237845238511135","potions_obtained":[{"floor":1,"key":"Weak Potion"},{"floor":6,"key":"LiquidMemories"},{"floor":12,"key":"Weak Potion"},{"floor":18,"key":"Fire Potion"},{"floor":20,"key":"Block Potion"}],"is_trial":false,"path_per_floor":["M","M","$","M","?","M","E","$","T","?","R","?","E","M","R","B",null,"M","M","M","?","M"],"character_chosen":"DEFECT","items_purchased":[],"campfire_rested":1,"item_purchase_floors":[],"current_hp_per_floor":[66,63,63,62,62,59,19,19,19,19,41,29,26,25,31,13,76,76,33,13,13,0,0],"gold":307,"neow_bonus":"REMOVE_CARD","is_daily":false,"chose_seed":false,"campfire_upgraded":1,"win_rate":0.0,"timestamp":1610626571,"path_taken":["M","M","$","M","?","M","E","$","T","?","R","?","E","M","R","BOSS","M","M","M","?","M"],"items_purchased_type":[],"build_version":"2020-12-22","purchased_purges":2,"victory":false,"max_hp_per_floor":[75,75,75,75,69,69,76,76,76,76,76,76,76,76,76,76,76,76,76,76,76,76,76],"card_choices":[{"not_picked":["Steam Power","Compile Driver"],"picked":"Darkness","floor":1},{"not_picked":["Cold Snap","Ball Lightning"],"picked":"Steam","floor":2},{"not_picked":["Storm","Ball Lightning"],"picked":"Redo","floor":4},{"not_picked":["Go for the Eyes","Redo"],"picked":"Loop","floor":6},{"not_picked":["Skim","Rip and Tear"],"picked":"Self Repair","floor":7},{"not_picked":["Rainbow","BootSequence","Rip and Tear"],"picked":"SKIP","floor":13},{"not_picked":["Barrage","Darkness"],"picked":"Loop","floor":14},{"not_picked":["Meteor Strike","Buffer"],"picked":"Echo Form","floor":16},{"not_picked":["Fusion","Tempest+1","Turbo+1"],"picked":"SKIP","floor":18},{"not_picked":["Aggregate","Gash+1","Coolheaded"],"picked":"SKIP","floor":19},{"not_picked":["Compile Driver","Rebound","Scrape"],"picked":"SKIP","floor":20}],"player_experience":120784,"relics_obtained":[{"floor":7,"key":"Strawberry"},{"floor":9,"key":"Anchor"},{"floor":12,"key":"Odd Mushroom"},{"floor":13,"key":"Eternal Feather"}],"event_choices":[{"damage_healed":0,"gold_gain":0,"player_choice":"Lose Max HP","damage_taken":0,"relics_obtained":["Golden Idol"],"max_hp_gain":0,"max_hp_loss":6,"event_name":"Golden Idol","floor":5,"gold_loss":0},{"damage_healed":0,"gold_gain":0,"player_choice":"Ignored","damage_taken":0,"max_hp_gain":0,"max_hp_loss":0,"event_name":"Liars Game","floor":10,"gold_loss":0},{"damage_healed":0,"gold_gain":0,"player_choice":"Fought Mushrooms","damage_taken":0,"max_hp_gain":0,"max_hp_loss":0,"event_name":"Mushrooms","floor":12,"gold_loss":0},{"cards_removed":["Strike_B"],"damage_healed":0,"gold_gain":0,"player_choice":"Purged","damage_taken":0,"max_hp_gain":0,"max_hp_loss":0,"event_name":"Purifier","floor":21,"gold_loss":0}],"is_beta":false,"boss_relics":[{"not_picked":["Runic Pyramid","FrozenCore"],"picked":"Runic Dome"}],"items_purged_floors":[3,8],"is_endless":false,"potions_floor_spawned":[1,6,12,13,18,20],"killed_by":"Centurion and Healer","ascension_level":0}}