{"host":"jscggscbx0p7706o","time":1610604123,"event":{"mods":["AchievementEnabler","BaseMod","Block Reminder","Colored Powertips","Minty Spire (QoL Compilation)","Permanent Neow","Quick Restart","StSLib"],"gold_per_floor":[213,213,227,240,250,284,284,284,284,12,12,26,26,54,54,151,151,164,182,182,200,216,216,216,216,216,230,242,32,47,1,1,96,96,116,136,136,148,148,148,181,181,181,197,197,227,80,90,90,90],"floor_reached":51,"language":"ENG","playtime":2928,"items_purged":["Strike_G","Strike_G"],"score":1012,"play_id":"4d827081-c7b2-44c0-977b-03af20f1053e","local_time":"20210114140203","is_ascension_mode":true,"campfire_choices":[{"data":"Neutralize","floor":8.0,"key":"SMITH"},{"data":"Venomology","floor":13.0,"key":"SMITH"},{"data":"Accuracy","floor":15.0,"key":"SMITH"},{"floor":23.0,"key":"REST"},{"data":"Storm of Steel","floor":25.0,"key":"SMITH"},{"floor":32.0,"key":"REST"},{"data":"A Thousand Cuts","floor":40,"key":"SMITH"},{"data":"Accuracy","floor":42,"key":"SMITH"},{"data":"Footwork","floor":45,"key":"SMITH"},{"floor":49,"key":"REST"}],"circlet_count":0,"master_deck":["Strike_G","Defend_G","Defend_G","Defend_G","Defend_G","Defend_G","Survivor","Neutralize","Cloak And Dagger","Neutralize+1","Outmaneuver","Venomology+1","Infinite Blades","Backflip","Sucker Punch","Accuracy+1","Well Laid Plans","Cloak And Dagger","Backstab+1","Storm of Steel+1","Flying Knee+1","Blade Dance+1","Acrobatics","Dagger Spray+1","Burst","Cloak And Dagger+1","Accuracy+1","Deflect","Footwork+1","Backflip","A Thousand Cuts+1","Blade Dance+1","Prepared+1","Secret Weapon","Deflect+1","Backflip+1","Cloak And Dagger"],"relics":["Ring of the Snake","Lantern","Molten Egg 2","Lee\u0027s Waffle","Pear","Empty Cage","Nilry\u0027s Codex","InkBottle","Mercury Hourglass","Busted Crown","Happy Flower","Question Card","Dream Catcher"],"acts_visited":["Exordium","TheCity","TheBeyond"],"potions_floor_usage":[38,41,50,50],"damage_taken":[{"damage":1.0,"enemies":"Small Slimes","floor":1.0,"turns":5.0},{"damage":0.0,"enemies":"Cultist","floor":3.0,"turns":5.0},{"damage":2.0,"enemies":"Jaw Worm","floor":4.0,"turns":6.0},{"damage":8.0,"enemies":"Exordium Thugs","floor":5.0,"turns":3.0},{"damage":21.0,"enemies":"3 Sentries","floor":6.0,"turns":12.0},{"damage":9.0,"enemies":"3 Louse","floor":12.0,"turns":4.0},{"damage":24.0,"enemies":"Gremlin Nob","floor":14.0,"turns":5.0},{"damage":26.0,"enemies":"The Guardian","floor":16.0,"turns":11.0},{"damage":19.0,"enemies":"2 Thieves","floor":18.0,"turns":4.0},{"damage":4.0,"enemies":"3 Byrds","floor":19.0,"turns":4.0},{"damage":6.0,"enemies":"Shelled Parasite and Fungi","floor":21.0,"turns":4.0},{"damage":0.0,"enemies":"Snake Plant","floor":22.0,"turns":4.0},{"damage":13.0,"enemies":"Snecko","floor":27.0,"turns":3.0},{"damage":2.0,"enemies":"Cultist and Chosen","floor":28.0,"turns":5.0},{"damage":8.0,"enemies":"Shelled Parasite and Fungi","floor":30.0,"turns":3.0},{"damage":49.0,"enemies":"Automaton","floor":33.0,"turns":8.0},{"damage":0,"enemies":"Orb Walker","floor":35,"turns":3},{"damage":0,"enemies":"3 Shapes","floor":36,"turns":5},{"damage":0,"enemies":"Sphere and 2 Shapes","floor":38,"turns":3},{"damage":7,"enemies":"Giant Head","floor":41,"turns":6},{"damage":0,"enemies":"4 Shapes","floor":44,"turns":3},{"damage":7,"enemies":"Reptomancer","floor":46,"turns":5},{"damage":0,"enemies":"Transient","floor":48,"turns":5},{"damage":53,"enemies":"Donu and Deca","floor":50,"turns":6}],"seed_played":"7893556694167666874","potions_obtained":[{"floor":4.0,"key":"SpeedPotion"},{"floor":14.0,"key":"FearPotion"},{"floor":18.0,"key":"GhostInAJar"},{"floor":22.0,"key":"ColorlessPotion"},{"floor":27.0,"key":"DuplicationPotion"}],"is_trial":false,"path_per_floor":["M","?","M","M","M","E","?","R","T","$","?","M","R","E","R","B",null,"M","M","?","M","M","R","T","R","T","M","M","$","M","$","R","B",null,"M","M","?","M","?","R","E","R","T","M","R","E","$","M","R","B",null],"character_chosen":"THE_SILENT","items_purchased":["Well Laid Plans","Lee\u0027s Waffle","Cloak And Dagger","Accuracy","Deflect","Backflip","Cloak And Dagger"],"campfire_rested":3,"item_purchase_floors":[10,10,10,29,29,31,47],"current_hp_per_floor":[62,62,62,60,52,31,31,31,31,77,77,68,68,54,54,28,72,53,49,33,27,27,53,53,53,53,40,38,38,30,30,56,7,67,67,67,67,67,67,67,60,60,60,60,60,53,53,53,77,24],"gold":90,"neow_bonus":"HUNDRED_GOLD","is_daily":false,"chose_seed":false,"campfire_upgraded":7,"win_rate":0.0,"timestamp":1610604123,"path_taken":["M","?","M","?","M","E","?","R","T","?","?","M","R","E","R","BOSS","M","M","?","M","M","R","?","R","T","M","M","$","?","?","R","BOSS","M","M","?","M","?","R","E","R","T","M","R","E","?","M","R","BOSS"],"items_purchased_type":["Card","Relic","Card","Card","Card","Card","Card"],"build_version":"2020-12-22","purchased_purges":2,"victory":true,"max_hp_per_floor":[70,70,70,70,70,70,70,70,70,77,77,77,77,87,87,87,87,87,87,87,87,87,87,87,87,87,87,87,87,87,87,87,87,87,87,87,87,87,83,83,83,83,83,83,83,83,83,83,83,83],"card_choices":[{"not_picked":["Blade Dance","Acrobatics"],"picked":"Cloak And Dagger","floor":1.0},{"not_picked":["Choke","Dodge and Roll"],"picked":"Infinite Blades","floor":3.0},{"not_picked":["Distraction","Eviscerate"],"picked":"Backflip","floor":4.0},{"not_picked":["Deflect","Backflip"],"picked":"Sucker Punch","floor":5.0},{"not_picked":["Cloak And Dagger","Choke"],"picked":"Accuracy","floor":6.0},{"not_picked":["Endless Agony+1","Envenom","Dodge and Roll"],"picked":"SKIP","floor":12.0},{"not_picked":["Outmaneuver","Dodge and Roll"],"picked":"Backstab+1","floor":14.0},{"not_picked":["Adrenaline","Wraith Form v2"],"picked":"Storm of Steel","floor":16.0},{"not_picked":["Dodge and Roll","Poisoned Stab+1"],"picked":"Flying Knee+1","floor":18.0},{"not_picked":["Underhanded Strike+1","Prepared+1"],"picked":"Blade Dance+1","floor":19.0},{"not_picked":["Catalyst","Well Laid Plans+1"],"picked":"Acrobatics","floor":21.0},{"not_picked":["Reflex","Deadly Poison"],"picked":"Dagger Spray+1","floor":22.0},{"not_picked":["Prepared","Dagger Throw+1"],"picked":"Burst","floor":27.0},{"not_picked":["Calculated Gamble","Infinite Blades+1"],"picked":"Cloak And Dagger+1","floor":28.0},{"not_picked":["Quick Slash+1","Flying Knee+1"],"picked":"Footwork","floor":30.0},{"not_picked":["Envenom","Storm of Steel"],"picked":"A Thousand Cuts","floor":33.0},{"not_picked":[],"picked":"Blade Dance+1","floor":35},{"not_picked":[],"picked":"Prepared+1","floor":36},{"not_picked":[],"picked":"Secret Weapon","floor":37},{"not_picked":["PiercingWail"],"picked":"SKIP","floor":38},{"not_picked":["Reflex"],"picked":"SKIP","floor":41},{"not_picked":["Backflip"],"picked":"Deflect+1","floor":44},{"not_picked":["PiercingWail"],"picked":"Backflip+1","floor":46},{"not_picked":["Sucker Punch+1","Bane+1"],"picked":"SKIP","floor":48}],"player_experience":244599,"relics_obtained":[{"floor":6.0,"key":"Lantern"},{"floor":9.0,"key":"Molten Egg 2"},{"floor":14.0,"key":"Pear"},{"floor":20.0,"key":"Nilry\u0027s Codex"},{"floor":24.0,"key":"InkBottle"},{"floor":26.0,"key":"Mercury Hourglass"},{"floor":41,"key":"Happy Flower"},{"floor":43,"key":"Question Card"},{"floor":46,"key":"Dream Catcher"}],"event_choices":[{"damage_healed":0.0,"max_hp_gain":0.0,"max_hp_loss":0.0,"gold_gain":0.0,"event_name":"Match and Keep!","player_choice":"3 cards matched","floor":2.0,"gold_loss":0.0,"damage_taken":0.0,"cards_obtained":["Neutralize","Outmaneuver","Venomology"]},{"damage_healed":0.0,"max_hp_gain":0.0,"max_hp_loss":0.0,"gold_gain":0.0,"event_name":"Scrap Ooze","player_choice":"Fled","floor":7.0,"gold_loss":0.0,"damage_taken":0.0},{"damage_healed":0.0,"max_hp_gain":0.0,"max_hp_loss":0.0,"gold_gain":0.0,"event_name":"Shining Light","player_choice":"Ignored","floor":11.0,"gold_loss":0.0,"damage_taken":0.0},{"damage_healed":0.0,"max_hp_gain":0.0,"max_hp_loss":0.0,"gold_gain":0.0,"event_name":"Cursed Tome","player_choice":"Obtained Book","floor":20.0,"gold_loss":0.0,"damage_taken":16.0},{"damage_healed":0,"gold_gain":0,"player_choice":"Memory 1","damage_taken":0,"max_hp_gain":0,"max_hp_loss":0,"event_name":"SensoryStone","floor":37,"gold_loss":0},{"damage_healed":0,"gold_gain":0,"player_choice":"Max HP","damage_taken":0,"max_hp_gain":0,"max_hp_loss":4,"event_name":"Winding Halls","floor":39,"gold_loss":0}],"is_beta":false,"boss_relics":[{"not_picked":["Sozu","Runic Dome"],"picked":"Empty Cage"},{"not_picked":["SlaversCollar","Tiny House"],"picked":"Busted Crown"}],"items_purged_floors":[29,47],"is_endless":false,"potions_floor_spawned":[4,14,16,18,22,27,28,33,41,44],"ascension_level":8}}