{"host":"xh3brefae6wm9kl8","time":1610588459,"event":{"mods":["AchievementEnabler","BaseMod","GifTheSpireLib","Keyboard Shortcuts","Minty Spire (QoL Compilation)","Permanent Neow","Relic Stats","StSLib","SuperFastMode"],"gold_per_floor":[117,117,131,145,70,70,104,128,128,169,183,183,183,206,206,337,337,358,347,362,287,287,287,287,300,349,374,274,274,295,315,315,441,441,457,457,457],"floor_reached":36,"language":"KOR","playtime":2067,"items_purged":["Strike_G","Defend_G"],"score":617,"play_id":"1b2407bd-93c2-42da-9d62-cafc77334df7","local_time":"20210114104059","is_ascension_mode":true,"campfire_choices":[{"data":"Dagger Spray","floor":6.0,"key":"SMITH"},{"floor":13.0,"key":"REST"},{"data":"Leg Sweep","floor":15.0,"key":"SMITH"},{"floor":24.0,"key":"REST"},{"floor":29.0,"key":"REST"},{"floor":32.0,"key":"REST"}],"circlet_count":0,"master_deck":["AscendersBane","Strike_G+1","Defend_G","Defend_G","Defend_G","Survivor","Neutralize+1","Dagger Spray+1","PiercingWail","Flying Knee","Quick Slash+1","Leg Sweep+1","Well Laid Plans","Malaise","Underhanded Strike+1","Acrobatics","Dagger Throw+1","Escape Plan","Unload+1"],"relics":["Ring of the Snake","NeowsBlessing","Golden Idol","Blood Vial","Strawberry","Molten Egg 2","HoveringKite","Whetstone","Empty Cage"],"acts_visited":["Exordium","TheCity","TheBeyond"],"potions_floor_usage":[33,33],"damage_taken":[{"damage":0.0,"enemies":"2 Louse","floor":1.0,"turns":1.0},{"damage":0.0,"enemies":"Jaw Worm","floor":3.0,"turns":1.0},{"damage":0.0,"enemies":"Cultist","floor":4.0,"turns":1.0},{"damage":17.0,"enemies":"3 Sentries","floor":7.0,"turns":9.0},{"damage":1.0,"enemies":"2 Fungi Beasts","floor":8.0,"turns":3.0},{"damage":50.0,"enemies":"Gremlin Nob","floor":10.0,"turns":6.0},{"damage":0.0,"enemies":"Lots of Slimes","floor":11.0,"turns":3.0},{"damage":6.0,"enemies":"Exordium Wildlife","floor":14.0,"turns":5.0},{"damage":19.0,"enemies":"Hexaghost","floor":16.0,"turns":11.0},{"damage":16.0,"enemies":"Chosen","floor":18.0,"turns":11.0},{"damage":16.0,"enemies":"2 Thieves","floor":19.0,"turns":4.0},{"damage":17.0,"enemies":"Snecko","floor":20.0,"turns":10.0},{"damage":10.0,"enemies":"Book of Stabbing","floor":23.0,"turns":3.0},{"damage":7.0,"enemies":"Shelled Parasite and Fungi","floor":25.0,"turns":7.0},{"damage":12.0,"enemies":"Centurion and Healer","floor":27.0,"turns":13.0},{"damage":6.0,"enemies":"3 Cultists","floor":30.0,"turns":7.0},{"damage":12.0,"enemies":"Snake Plant","floor":31.0,"turns":6.0},{"damage":49,"enemies":"Champ","floor":33,"turns":16},{"damage":28,"enemies":"3 Darklings","floor":35,"turns":4}],"seed_played":"-8823976948332336511","potions_obtained":[{"floor":1.0,"key":"FairyPotion"},{"floor":8.0,"key":"CultistPotion"},{"floor":11.0,"key":"Strength Potion"},{"floor":16.0,"key":"BlessingOfTheForge"},{"floor":22.0,"key":"SmokeBomb"},{"floor":27.0,"key":"Regen Potion"},{"floor":31.0,"key":"GhostInAJar"}],"is_trial":false,"path_per_floor":["M","?","M","M","$","R","E","M","T","E","M","?","R","M","R","B",null,"M","M","M","?","?","E","R","M","T","M","$","R","M","M","R","B",null,"M","M"],"character_chosen":"THE_SILENT","items_purchased":[],"campfire_rested":4,"item_purchase_floors":[],"current_hp_per_floor":[63,46,46,46,46,46,29,30,37,23,25,18,41,37,37,20,63,49,35,20,20,20,12,35,30,30,20,20,43,39,29,52,5,59,33,0,0],"gold":457,"neow_bonus":"THREE_ENEMY_KILL","is_daily":false,"chose_seed":false,"campfire_upgraded":2,"win_rate":0.0,"timestamp":1610588459,"path_taken":["M","?","M","M","$","R","E","M","T","E","M","?","R","M","R","BOSS","M","M","M","?","?","E","R","?","T","M","$","R","M","M","R","BOSS","M","M"],"items_purchased_type":[],"build_version":"2020-12-22","purchased_purges":2,"victory":false,"max_hp_per_floor":[70,70,70,70,70,70,70,70,77,77,77,77,77,77,77,77,77,77,77,77,77,77,77,77,77,77,77,77,77,77,77,77,77,77,77,77,77],"relic_stats":{"Blood Vial":32,"counters":[20,129],"Golden Idol":124,"HoveringKite":[47],"Whetstone":["Neutralize","Strike_G"],"obtain_stats":[{"Blood Vial":7,"NeowsBlessing":0,"Golden Idol":2,"Strawberry":9,"HoveringKite":17,"Molten Egg 2":10,"Whetstone":26,"Empty Cage":34,"Ring of the Snake":0},{"Blood Vial":4,"NeowsBlessing":0,"Golden Idol":1,"Strawberry":5,"HoveringKite":9,"Molten Egg 2":6,"Whetstone":14,"Empty Cage":18,"Ring of the Snake":0},{"Blood Vial":12,"NeowsBlessing":0,"Golden Idol":1,"Strawberry":15,"HoveringKite":40,"Molten Egg 2":21,"Whetstone":75,"Empty Cage":117,"Ring of the Snake":0}],"Ring of the Snake":[40]},"card_choices":[{"not_picked":["Slice","Dodge and Roll"],"picked":"Dagger Spray","floor":1.0},{"not_picked":["Sucker Punch","Skewer"],"picked":"PiercingWail","floor":3.0},{"not_picked":["Deflect","Doppelganger"],"picked":"Flying Knee","floor":4.0},{"not_picked":["Endless Agony","Quick Slash","Poisoned Stab"],"picked":"SKIP","floor":7.0},{"not_picked":["Expertise","Dodge and Roll","Calculated Gamble"],"picked":"SKIP","floor":8.0},{"not_picked":["Poisoned Stab+1","Outmaneuver"],"picked":"Quick Slash+1","floor":10.0},{"not_picked":["Skewer+1","Poisoned Stab+1"],"picked":"Leg Sweep","floor":11.0},{"not_picked":["Blade Dance","Blur"],"picked":"Well Laid Plans","floor":14.0},{"not_picked":["Storm of Steel","Unload+1"],"picked":"Malaise","floor":16.0},{"not_picked":["Deflect","Heel Hook+1"],"picked":"Underhanded Strike+1","floor":18.0},{"not_picked":["Caltrops+1","Bane+1"],"picked":"Acrobatics","floor":19.0},{"not_picked":["Cloak And Dagger+1","Bane+1","Well Laid Plans"],"picked":"SKIP","floor":20.0},{"not_picked":["Backstab+1","Deadly Poison","Dash+1"],"picked":"SKIP","floor":25.0},{"not_picked":["PiercingWail","Distraction","Setup"],"picked":"SKIP","floor":27.0},{"not_picked":["Outmaneuver","PiercingWail"],"picked":"Dagger Throw+1","floor":30.0},{"not_picked":["Finisher+1","Skewer+1"],"picked":"Escape Plan","floor":31.0},{"not_picked":["Corpse Explosion","Tools of the Trade"],"picked":"Unload+1","floor":33},{"not_picked":["Dagger Spray+1","Caltrops","Poisoned Stab+1"],"picked":"SKIP","floor":35}],"player_experience":374952,"relics_obtained":[{"floor":7.0,"key":"Blood Vial"},{"floor":9.0,"key":"Strawberry"},{"floor":10.0,"key":"Molten Egg 2"},{"floor":26.0,"key":"Whetstone"}],"event_choices":[{"damage_healed":0.0,"max_hp_gain":0.0,"max_hp_loss":0.0,"gold_gain":0.0,"event_name":"Golden Idol","player_choice":"Take Damage","floor":2.0,"gold_loss":0.0,"damage_taken":17.0,"relics_obtained":["Golden Idol"]},{"cards_removed":["Strike_G"],"damage_healed":0.0,"max_hp_gain":0.0,"max_hp_loss":0.0,"gold_gain":0.0,"event_name":"Golden Wing","player_choice":"Card Removal","floor":12.0,"gold_loss":0.0,"damage_taken":7.0},{"cards_removed":["Strike_G"],"damage_healed":0.0,"max_hp_gain":0.0,"max_hp_loss":0.0,"gold_gain":0.0,"event_name":"Beggar","player_choice":"Gave Gold","floor":21.0,"gold_loss":75.0,"damage_taken":0.0},{"damage_healed":0.0,"max_hp_gain":0.0,"max_hp_loss":0.0,"gold_gain":0.0,"event_name":"Lab","player_choice":"Got Potions","floor":22.0,"gold_loss":0.0,"damage_taken":0.0}],"is_beta":false,"boss_relics":[{"not_picked":["SlaversCollar","Philosopher\u0027s Stone"],"picked":"HoveringKite"},{"not_picked":["Busted Crown","Astrolabe"],"picked":"Empty Cage"}],"items_purged_floors":[5,28],"is_endless":false,"potions_floor_spawned":[1,8,11,16,18,27,31],"killed_by":"3 Shapes","ascension_level":11}}