{"host":"vlqejv0notyktumz","time":1610645325,"event":{"mods":["AchievementEnabler","BaseMod","Googly Eyes","Minty Spire (QoL Compilation)"],"gold_per_floor":[119,22,22,34,34,44,44,60,60,60,23,23,43,58,58,58,58],"floor_reached":16,"language":"ENG","playtime":454,"items_purged":["Strike_G"],"score":133,"play_id":"5dd71f11-99d6-4ac0-bfc4-aba50c3005df","local_time":"20210114112845","is_ascension_mode":true,"campfire_choices":[{"data":"PiercingWail","floor":7,"key":"SMITH"},{"data":"Leg Sweep","floor":10,"key":"SMITH"},{"data":"Blur","floor":15,"key":"SMITH"}],"circlet_count":0,"master_deck":["Strike_G","Strike_G","Strike_G","Defend_G","Defend_G","Defend_G","Defend_G","Defend_G","Survivor+1","Neutralize+1","Heel Hook","Outmaneuver","Dodge and Roll+1","PiercingWail+1","Leg Sweep+1","Endless Agony","Envenom","Blur+1"],"relics":["Ring of the Snake","Ninja Scroll"],"acts_visited":["Exordium"],"potions_floor_usage":[],"damage_taken":[{"damage":2,"enemies":"Jaw Worm","floor":1,"turns":6},{"damage":1,"enemies":"2 Louse","floor":4,"turns":3},{"damage":0,"enemies":"Cultist","floor":6,"turns":7},{"damage":7,"enemies":"Exordium Thugs","floor":8,"turns":8},{"damage":0,"enemies":"Looter","floor":13,"turns":4},{"damage":0,"enemies":"3 Louse","floor":14,"turns":5},{"damage":14,"enemies":"Hexaghost","floor":16,"turns":16}],"seed_played":"-6546406727417989725","potions_obtained":[{"floor":1,"key":"DistilledChaos"},{"floor":4,"key":"CunningPotion"}],"is_trial":false,"path_per_floor":["M","$","?","M","?","M","R","M","T","R","$","?","M","M","R","B"],"character_chosen":"THE_SILENT","items_purchased":["Outmaneuver","Endless Agony"],"campfire_rested":0,"item_purchase_floors":[2,11],"current_hp_per_floor":[61,61,61,60,60,60,60,53,53,53,53,46,46,46,46,32,32],"gold":58,"neow_bonus":"UPGRADE_CARD","is_daily":false,"chose_seed":false,"campfire_upgraded":3,"win_rate":0.0,"timestamp":1610645325,"path_taken":["M","$","?","M","?","M","R","?","T","R","?","?","M","M","R","BOSS"],"items_purchased_type":["Card","Card"],"build_version":"2020-12-22","purchased_purges":1,"victory":false,"max_hp_per_floor":[70,70,70,70,70,70,70,70,70,70,70,70,70,70,70,70,70],"card_choices":[{"not_picked":["Catalyst","Outmaneuver"],"picked":"Heel Hook","floor":1},{"not_picked":["Poisoned Stab","Deadly Poison"],"picked":"Dodge and Roll","floor":4},{"not_picked":["Well Laid Plans","Prepared"],"picked":"PiercingWail","floor":6},{"not_picked":["Setup","Skewer"],"picked":"Leg Sweep","floor":8},{"not_picked":["Sucker Punch","Dagger Throw"],"picked":"Envenom","floor":13},{"not_picked":["Deadly Poison","Skewer"],"picked":"Blur","floor":14}],"player_experience":343182,"relics_obtained":[{"floor":9,"key":"Ninja Scroll"}],"event_choices":[{"damage_healed":0,"gold_gain":0,"player_choice":"Grow","damage_taken":0,"max_hp_gain":0,"max_hp_loss":0,"event_name":"Living Wall","floor":3,"gold_loss":0,"cards_upgraded":["Survivor"]},{"damage_healed":0,"gold_gain":0,"player_choice":"Forge","damage_taken":0,"max_hp_gain":0,"max_hp_loss":0,"event_name":"Accursed Blacksmith","floor":5,"gold_loss":0,"cards_upgraded":["Dodge and Roll"]},{"cards_removed":["Strike_G"],"damage_healed":0,"gold_gain":0,"player_choice":"Card Removal","damage_taken":7,"max_hp_gain":0,"max_hp_loss":0,"event_name":"Golden Wing","floor":12,"gold_loss":0}],"is_beta":false,"boss_relics":[],"items_purged_floors":[2],"is_endless":false,"potions_floor_spawned":[1,4],"killed_by":"Hexaghost","ascension_level":9}}