{"host":"659h2nzl21d2gfgw","time":1610592930,"event":{"mods":["AchievementEnabler","Act Like it!","Astrologer","BaseMod","DeckTracker","Downfall","Hermit","Jorbs\u0027s Wanderer Trilogy","Marisa????????","Minty Spire (QoL Compilation)","Shade Mod","Somnambulant","StSLib","The Construct","The Hierophant","The Poker Player","The Runesmith","TheArtist","TheBandit"],"gold_per_floor":[115,131,151,163,181,213,226,226,226,61,61,61,61,71,71,175,175,193,118,134,134,134,165,165,184,184,209,225,240,240,269,269,373,373,390,406,406,406,406],"floor_reached":37,"language":"ENG","playtime":4045,"items_purged":[],"score":508,"play_id":"6318899b-a192-4b8c-a05d-87528205a463","local_time":"20210113215530","is_ascension_mode":false,"metric_token":1234,"campfire_choices":[{"data":"PokerPlayerMod:Mulligan","floor":8.0,"key":"SMITH"},{"data":"PokerPlayerMod:ClubShade","floor":13.0,"key":"SMITH"},{"data":"PokerPlayerMod:SecretDealer","floor":15.0,"key":"SMITH"},{"floor":24,"key":"RECALL"},{"data":"PokerPlayerMod:Harden","floor":30,"key":"SMITH"},{"data":"PokerPlayerMod:BadJoker","floor":32,"key":"SMITH"}],"circlet_count":0,"master_deck":["PokerPlayerMod:Diamond1","PokerPlayerMod:Diamond2","PokerPlayerMod:Diamond3","PokerPlayerMod:Diamond4","PokerPlayerMod:Diamond5","PokerPlayerMod:Spade1","PokerPlayerMod:Spade2","PokerPlayerMod:Spade3","PokerPlayerMod:Spade4","PokerPlayerMod:Club1","PokerPlayerMod:Club2","PokerPlayerMod:Heart2","PokerPlayerMod:TrumpStrike","PokerPlayerMod:BadJoker+1","PokerPlayerMod:Mulligan+1","PokerPlayerMod:Club10+","PokerPlayerMod:Club4","PokerPlayerMod:SecretDealer+1","PokerPlayerMod:ClubShade+1","PokerPlayerMod:ThinkingTime","Mind Blast","PokerPlayerMod:Heart2","PokerPlayerMod:Diamond7","PokerPlayerMod:Harden+1","PokerPlayerMod:Heart7"],"relics":["PokerPlayerMod:DeckCase","Orichalcum","White Beast Statue","Pear","construct:BoolHorns","Coffee Dripper","Eternal Feather","PokerPlayerMod:Splitter","Darkstone Periapt","Sundial","Fusion Hammer"],"acts_visited":["Exordium","TheCity","TheBeyond"],"potions_floor_usage":[29,33,33,33,36],"damage_taken":[{"damage":0.0,"enemies":"Cultist","floor":1.0,"turns":3.0},{"damage":0.0,"enemies":"Small Slimes","floor":2.0,"turns":3.0},{"damage":0.0,"enemies":"Jaw Worm","floor":3.0,"turns":3.0},{"damage":6.0,"enemies":"Blue Slaver","floor":4.0,"turns":2.0},{"damage":2.0,"enemies":"2 Fungi Beasts","floor":5.0,"turns":2.0},{"damage":0.0,"enemies":"Lagavulin","floor":6.0,"turns":3.0},{"damage":0.0,"enemies":"3 Louse","floor":7.0,"turns":2.0},{"damage":0.0,"enemies":"Exordium Wildlife","floor":14.0,"turns":3.0},{"damage":0.0,"enemies":"Slime Boss","floor":16.0,"turns":6.0},{"damage":0,"enemies":"Spheric Guardian","floor":18,"turns":3},{"damage":0,"enemies":"Chosen","floor":20,"turns":4},{"damage":23,"enemies":"Gremlin Leader","floor":23,"turns":6},{"damage":4,"enemies":"Snecko","floor":25,"turns":5},{"damage":19,"enemies":"Slavers","floor":27,"turns":2},{"damage":14,"enemies":"Snake Plant","floor":28,"turns":2},{"damage":4,"enemies":"Cultist and Chosen","floor":29,"turns":4},{"damage":39,"enemies":"Book of Stabbing","floor":31,"turns":6},{"damage":29,"enemies":"Collector","floor":33,"turns":9},{"damage":7,"enemies":"3 Shapes","floor":35,"turns":4},{"damage":9,"enemies":"3 Darklings","floor":36,"turns":3},{"damage":77,"enemies":"2 Orb Walkers","floor":37,"turns":5}],"seed_played":"4273183542997364060","potions_obtained":[{"floor":3.0,"key":"AttackPotion"},{"floor":7.0,"key":"Weak Potion"},{"floor":14.0,"key":"SmokeBomb"},{"floor":16.0,"key":"LiquidBronze"},{"floor":20,"key":"SkillPotion"},{"floor":23,"key":"EssenceOfSteel"},{"floor":29,"key":"BlessingOfTheForge"},{"floor":33,"key":"champ:CounterPotion"},{"floor":35,"key":"FearPotion"},{"floor":36,"key":"DuplicationPotion"}],"is_trial":false,"path_per_floor":["M","M","M","M","M","E","M","R","T","$","?","?","R","M","R","B",null,"M","?","M","?","?","E","R","M","T","E","M","M","R","E","R","B",null,"M","M","?"],"character_chosen":"THE_POKER_PLAYER","items_purchased":["PokerPlayerMod:ClubShade","Dramatic Entrance"],"campfire_rested":0,"item_purchase_floors":[10,10],"current_hp_per_floor":[52,52,52,46,44,44,46,46,56,56,56,44,44,48,48,50,62,62,62,62,62,62,41,53,55,55,36,24,34,46,15,27,7,62,60,53,0,0,0],"gold":406,"neow_bonus":"RANDOM_COMMON_RELIC","is_daily":false,"chose_seed":false,"campfire_upgraded":5,"win_rate":0.0,"timestamp":1610592930,"path_taken":["M","?","M","M","M","E","M","R","T","$","?","?","R","M","R","BOSS","M","?","M","?","?","E","R","M","T","E","M","M","R","E","R","BOSS","M","M","?"],"items_purchased_type":["Card","Card"],"build_version":"2020-12-22","purchased_purges":0,"victory":false,"max_hp_per_floor":[52,52,52,52,52,52,52,52,62,62,62,62,62,62,62,62,62,62,62,62,62,62,62,62,62,62,62,62,62,62,62,62,62,62,62,62,62,62,62],"card_choices":[{"not_picked":["PokerPlayerMod:CardBurn","PokerPlayerMod:Diamond3"],"picked":"PokerPlayerMod:Spade5","floor":1.0},{"not_picked":["PokerPlayerMod:Club2","PokerPlayerMod:CardPrinter"],"picked":"PokerPlayerMod:Club10+","floor":2.0},{"not_picked":["PokerPlayerMod:Trickery","PokerPlayerMod:Heart1"],"picked":"PokerPlayerMod:Club4","floor":3.0},{"not_picked":["PokerPlayerMod:Spade1","PokerPlayerMod:ClubsClub"],"picked":"PokerPlayerMod:Spade10+","floor":4.0},{"not_picked":["PokerPlayerMod:Diamond2","PokerPlayerMod:HeartStrike"],"picked":"PokerPlayerMod:SecretDealer","floor":5.0},{"not_picked":["PokerPlayerMod:DartThrow","PokerPlayerMod:CloakAndDiamond","PokerPlayerMod:Heart1"],"picked":"SKIP","floor":6.0},{"not_picked":["PokerPlayerMod:Raise","PokerPlayerMod:Spade4","PokerPlayerMod:Diamond2"],"picked":"SKIP","floor":7.0},{"not_picked":["PokerPlayerMod:ClubsClub","PokerPlayerMod:Diamond4","PokerPlayerMod:Spade3"],"picked":"SKIP","floor":14.0},{"not_picked":["PokerPlayerMod:Heart1","PokerPlayerMod:Diamond4","PokerPlayerMod:CloakAndDiamond"],"picked":"SKIP","floor":18},{"not_picked":["PokerPlayerMod:Club4","PokerPlayerMod:DiamondStrike","PokerPlayerMod:DartThrow"],"picked":"SKIP","floor":20},{"not_picked":["PokerPlayerMod:Spade3","PokerPlayerMod:Diamond2"],"picked":"PokerPlayerMod:Diamond7","floor":23},{"not_picked":["PokerPlayerMod:Diamond5","PokerPlayerMod:CardBurn+1","PokerPlayerMod:DartThrow"],"picked":"SKIP","floor":25},{"not_picked":["PokerPlayerMod:Spade7","PokerPlayerMod:Manipulation","PokerPlayerMod:Trickery"],"picked":"SKIP","floor":27},{"not_picked":["PokerPlayerMod:Heart3","PokerPlayerMod:Diamond2","PokerPlayerMod:Overdeal"],"picked":"SKIP","floor":28},{"not_picked":["PokerPlayerMod:PoorCopy","PokerPlayerMod:Trickery"],"picked":"PokerPlayerMod:Harden","floor":29},{"not_picked":["PokerPlayerMod:Diamond4","PokerPlayerMod:Spade3","PokerPlayerMod:SecondChance+1"],"picked":"SKIP","floor":31},{"not_picked":["PokerPlayerMod:Diamond7","PokerPlayerMod:SecretDealer"],"picked":"PokerPlayerMod:Heart7","floor":33},{"not_picked":["PokerPlayerMod:Diamond3","PokerPlayerMod:DiamondStrike","PokerPlayerMod:Trickery+1"],"picked":"SKIP","floor":35},{"not_picked":["PokerPlayerMod:ClubsClub+1","PokerPlayerMod:Spade3","PokerPlayerMod:Diamond1"],"picked":"SKIP","floor":36}],"player_experience":165426,"relics_obtained":[{"floor":6.0,"key":"White Beast Statue"},{"floor":9.0,"key":"Pear"},{"floor":23,"key":"Eternal Feather"},{"floor":26,"key":"PokerPlayerMod:Splitter"},{"floor":27,"key":"Darkstone Periapt"},{"floor":31,"key":"Sundial"}],"event_choices":[{"damage_healed":0.0,"max_hp_gain":0.0,"max_hp_loss":0.0,"gold_gain":0.0,"event_name":"Liars Game","player_choice":"Ignored","floor":11.0,"gold_loss":0.0,"damage_taken":0.0},{"damage_healed":0.0,"max_hp_gain":0.0,"max_hp_loss":0.0,"gold_gain":0.0,"event_name":"Scrap Ooze","player_choice":"Success","floor":12.0,"gold_loss":0.0,"damage_taken":12.0,"relics_obtained":["construct:BoolHorns"]},{"cards_removed":["PokerPlayerMod:Spade10"],"damage_healed":0,"gold_gain":0,"player_choice":"Gave Gold","damage_taken":0,"max_hp_gain":0,"max_hp_loss":0,"event_name":"Beggar","floor":19,"gold_loss":75},{"damage_healed":0,"gold_gain":0,"player_choice":"Think Hard","damage_taken":0,"max_hp_gain":0,"max_hp_loss":0,"event_name":"PokerPlayerMod:Vampires","floor":21,"gold_loss":0,"cards_obtained":["PokerPlayerMod:ThinkingTime"]},{"damage_healed":0,"gold_gain":0,"cards_transformed":["Dramatic Entrance","PokerPlayerMod:Spade5"],"player_choice":"Became Test Subject","damage_taken":0,"max_hp_gain":0,"max_hp_loss":0,"event_name":"Drug Dealer","floor":22,"gold_loss":0,"cards_obtained":["Mind Blast","PokerPlayerMod:Heart2"]},{"damage_healed":0,"gold_gain":0,"player_choice":"Fight","damage_taken":0,"max_hp_gain":0,"max_hp_loss":0,"event_name":"Mysterious Sphere","floor":37,"gold_loss":0}],"is_beta":false,"boss_relics":[{"not_picked":["Tiny House","Astrolabe"],"picked":"Coffee Dripper"},{"not_picked":["SacredBark","Velvet Choker"],"picked":"Fusion Hammer"}],"items_purged_floors":[],"is_endless":false,"potions_floor_spawned":[3,7,14,16,18,20,23,25,27,28,29,31,33,35,36],"killed_by":"2 Orb Walkers","ascension_level":0}}