{"host":"w4b7hmige5bnqipq","time":1610618947,"event":{"mods":["2.2 Compatiblity","BaseMod","Colored Map","DeckTracker","Keyboard Shortcuts","Minty Spire (QoL Compilation)","Permanent Neow","Rare Cards Sparkle","SuperFastMode","everything is the same but u backflip on backflip","slay the spire mod where everything is the same but ironclad has a cowboy hat"],"gold_per_floor":[19,19,31,51,62,87,99,125,160,184,221,233,261,299,311,323,323],"floor_reached":16,"language":"KOR","playtime":344,"items_purged":[],"score":298,"play_id":"f2376d53-cc39-4e50-a788-806d249e7886","local_time":"20210114190907","is_ascension_mode":true,"campfire_choices":[{"data":"Glass Knife","floor":7.0,"key":"SMITH"},{"data":"Crippling Poison","floor":12,"key":"SMITH"},{"data":"Riddle With Holes","floor":15,"key":"SMITH"}],"circlet_count":0,"master_deck":["AscendersBane","Strike_G","Strike_G","Strike_G","Strike_G","Strike_G","Defend_G","Defend_G","Defend_G","Defend_G","Defend_G","Survivor","Neutralize","Glass Knife+1","Backstab","Riddle With Holes+1","Crippling Poison+1","Acrobatics","PiercingWail","Reflex"],"relics":["Ring of the Snake","Vajra","MawBank","Potion Belt","Centennial Puzzle","Calipers"],"acts_visited":["Exordium"],"potions_floor_usage":[11,11,16],"damage_taken":[{"damage":0.0,"enemies":"2 Louse","floor":1.0,"turns":3.0},{"damage":0.0,"enemies":"Cultist","floor":3.0,"turns":3.0},{"damage":0.0,"enemies":"Small Slimes","floor":4.0,"turns":2.0},{"damage":9.0,"enemies":"2 Fungi Beasts","floor":5.0,"turns":3.0},{"damage":12.0,"enemies":"3 Sentries","floor":6.0,"turns":6.0},{"damage":0.0,"enemies":"Looter","floor":8.0,"turns":2.0},{"damage":2.0,"enemies":"Red Slaver","floor":10.0,"turns":2.0},{"damage":0,"enemies":"Gremlin Nob","floor":11,"turns":2},{"damage":0,"enemies":"Large Slime","floor":13,"turns":4},{"damage":17,"enemies":"Lagavulin","floor":14,"turns":5},{"damage":27,"enemies":"Hexaghost","floor":16,"turns":9}],"seed_played":"6095428911301425999","potions_obtained":[{"floor":3.0,"key":"Fruit Juice"},{"floor":4.0,"key":"DuplicationPotion"},{"floor":6.0,"key":"FearPotion"},{"floor":8.0,"key":"AttackPotion"},{"floor":14,"key":"BlessingOfTheForge"}],"is_trial":false,"path_per_floor":["M","?","M","M","M","E","R","M","T","M","E","R","M","E","R","B"],"character_chosen":"THE_SILENT","items_purchased":[],"campfire_rested":0,"item_purchase_floors":[],"current_hp_per_floor":[59,59,59,59,50,38,38,43,43,41,41,41,41,24,24,0,0],"gold":323,"neow_bonus":"THREE_RARE_CARDS","is_daily":false,"chose_seed":false,"campfire_upgraded":3,"win_rate":0.0,"timestamp":1610618947,"path_taken":["M","?","M","M","?","E","R","M","T","M","E","R","?","E","R","BOSS"],"items_purchased_type":[],"build_version":"2020-12-22","purchased_purges":0,"victory":false,"max_hp_per_floor":[66,66,66,66,66,66,66,71,71,71,71,71,71,71,71,71,71],"card_choices":[{"not_picked":["Bullet Time","Burst"],"picked":"Glass Knife","floor":0.0},{"not_picked":["Bane","Expertise"],"picked":"Backflip","floor":1.0},{"not_picked":["Quick Slash","PiercingWail"],"picked":"Backstab","floor":3.0},{"not_picked":["Flechettes","Outmaneuver","Flying Knee"],"picked":"SKIP","floor":4.0},{"not_picked":["Sucker Punch","Noxious Fumes"],"picked":"Riddle With Holes","floor":5.0},{"not_picked":["Riddle With Holes","Backstab"],"picked":"Crippling Poison","floor":6.0},{"not_picked":["Sucker Punch","Concentrate","Crippling Poison"],"picked":"SKIP","floor":8.0},{"not_picked":["Dodge and Roll","Blade Dance"],"picked":"Acrobatics","floor":10.0},{"not_picked":["Backflip","Outmaneuver"],"picked":"PiercingWail","floor":11},{"not_picked":["Bane","Unload","Dagger Spray"],"picked":"SKIP","floor":13},{"not_picked":["Poisoned Stab","Dagger Spray"],"picked":"Reflex","floor":14}],"player_experience":484462,"relics_obtained":[{"floor":6.0,"key":"MawBank"},{"floor":9.0,"key":"Potion Belt"},{"floor":11,"key":"Centennial Puzzle"},{"floor":14,"key":"Calipers"}],"event_choices":[{"cards_removed":["Backflip"],"damage_healed":0.0,"max_hp_gain":0.0,"max_hp_loss":0.0,"gold_gain":0.0,"event_name":"WeMeetAgain","player_choice":"Gave Card","floor":2.0,"gold_loss":0.0,"damage_taken":0.0,"relics_obtained":["Vajra"]}],"is_beta":false,"boss_relics":[],"items_purged_floors":[],"is_endless":false,"potions_floor_spawned":[3,4,6,8,14],"killed_by":"Hexaghost","ascension_level":20}}