{"host":"Qube","time":1610601481,"event":{"mods":["AchievementEnabler","BaseMod","Colored Map","Colored Powertips","Minty Spire (QoL Compilation)","Quick Restart","Random Character Button","StSLib"],"gold_per_floor":[18,29,46,59,71,71,104,104,104,129,141,184,210,234,246,333,345,373,385,411,423,435,474,486,532,544,556,196,215,248,260,260,332,332,351,361,386,56,56,56,88,88,88,88,118,118,118],"floor_reached":46,"language":"ENG","playtime":1745,"items_purged":["DevaForm"],"score":1366,"play_id":"1af74b0d-7ea0-482a-a404-0132055cd47b","local_time":"20210113211801","is_ascension_mode":true,"campfire_choices":[{"data":"DevaForm","floor":6.0,"key":"SMITH"},{"data":"BattleHymn","floor":8.0,"key":"SMITH"},{"data":"Devotion","floor":15.0,"key":"SMITH"},{"data":"Omniscience","floor":24.0,"key":"SMITH"},{"floor":27.0,"key":"REST"},{"floor":32.0,"key":"REST"},{"data":"Apotheosis","floor":40.0,"key":"SMITH"},{"data":"Prostrate","floor":42.0,"key":"SMITH"},{"data":"Vigilance","floor":44.0,"key":"SMITH"}],"circlet_count":0,"master_deck":["AscendersBane","Eruption","Vigilance+1","Adaptation","BowlingBash","FlurryOfBlows","Crescendo+1","DevaForm+1","BattleHymn+1","Devotion+1","FlurryOfBlows","Prostrate+1","Omniscience+1","Prostrate+1","DeceiveReality+1","SandsOfTime","MasterReality","Apotheosis+1","Evaluate","Wallop","LessonLearned","Writhe"],"relics":["HolyWater","War Paint","Pen Nib","MawBank","HornCleat","TeardropLocket","Sundial","Letter Opener","Toy Ornithopter","Pandora\u0027s Box","CloakClasp","Torii","Lizard Tail","Pocketwatch","Du-Vu Doll"],"acts_visited":["Exordium","TheCity","TheBeyond"],"potions_floor_usage":[46],"damage_taken":[{"damage":0.0,"enemies":"Cultist","floor":1.0,"turns":4.0},{"damage":0.0,"enemies":"2 Louse","floor":2.0,"turns":3.0},{"damage":4.0,"enemies":"Jaw Worm","floor":3.0,"turns":3.0},{"damage":1.0,"enemies":"2 Fungi Beasts","floor":4.0,"turns":3.0},{"damage":7.0,"enemies":"Exordium Thugs","floor":5.0,"turns":3.0},{"damage":3.0,"enemies":"Gremlin Nob","floor":7.0,"turns":3.0},{"damage":13.0,"enemies":"3 Sentries","floor":10.0,"turns":4.0},{"damage":0.0,"enemies":"Exordium Wildlife","floor":11.0,"turns":1.0},{"damage":0.0,"enemies":"Lagavulin","floor":12.0,"turns":4.0},{"damage":0.0,"enemies":"2 Fungi Beasts","floor":13.0,"turns":2.0},{"damage":0.0,"enemies":"3 Louse","floor":14.0,"turns":3.0},{"damage":0.0,"enemies":"Slime Boss","floor":16.0,"turns":5.0},{"damage":0.0,"enemies":"Spheric Guardian","floor":18.0,"turns":3.0},{"damage":3.0,"enemies":"3 Byrds","floor":20.0,"turns":4.0},{"damage":0.0,"enemies":"Gremlin Leader","floor":23.0,"turns":5.0},{"damage":38.0,"enemies":"Slavers","floor":25.0,"turns":3.0},{"damage":4.0,"enemies":"3 Cultists","floor":29.0,"turns":4.0},{"damage":19.0,"enemies":"Book of Stabbing","floor":30.0,"turns":3.0},{"damage":0.0,"enemies":"Snecko","floor":31.0,"turns":4.0},{"damage":2.0,"enemies":"Automaton","floor":33.0,"turns":5.0},{"damage":1.0,"enemies":"3 Shapes","floor":35.0,"turns":3.0},{"damage":17.0,"enemies":"3 Darklings","floor":36.0,"turns":4.0},{"damage":0.0,"enemies":"Mind Bloom Boss Battle","floor":37.0,"turns":4.0},{"damage":1.0,"enemies":"Giant Head","floor":41.0,"turns":5.0},{"damage":46.0,"enemies":"Reptomancer","floor":45.0,"turns":5.0},{"damage":13,"enemies":"Spire Growth","floor":46,"turns":3}],"seed_played":"5261431269066558884","potions_obtained":[{"floor":1.0,"key":"BlessingOfTheForge"},{"floor":3.0,"key":"Dexterity Potion"},{"floor":10.0,"key":"SmokeBomb"},{"floor":12.0,"key":"DuplicationPotion"},{"floor":14.0,"key":"DistilledChaos"},{"floor":23.0,"key":"GamblersBrew"},{"floor":33.0,"key":"Explosive Potion"},{"floor":36.0,"key":"BottledMiracle"},{"floor":41.0,"key":"Weak Potion"},{"floor":45.0,"key":"Fruit Juice"}],"is_trial":false,"path_per_floor":["M","M","M","M","M","R","E","R","T","E","M","E","M","M","R","B",null,"M","?","M","?","?","E","R","E","T","R","$","M","E","M","R","B",null,"M","M","?","$","?","R","E","R","T","R","E","M"],"character_chosen":"WATCHER","items_purchased":["Apotheosis","DistilledChaos","Torii"],"campfire_rested":2,"item_purchase_floors":[28,28,38],"current_hp_per_floor":[61,61,57,56,49,49,46,46,46,33,33,33,33,33,33,33,59,59,49,46,60,60,60,60,22,22,42,42,38,19,19,39,37,60,64,47,47,47,61,61,60,60,60,60,19,16,16],"gold":118,"neow_bonus":"REMOVE_TWO","is_daily":false,"chose_seed":false,"campfire_upgraded":7,"win_rate":0.0,"timestamp":1610601481,"path_taken":["M","M","M","M","M","R","E","R","T","E","M","E","?","M","R","BOSS","M","?","?","?","?","E","R","E","T","R","$","M","E","M","R","BOSS","M","M","?","$","?","R","E","R","T","R","E","M"],"items_purchased_type":["Card","Potion","Relic"],"build_version":"2020-12-18","purchased_purges":1,"victory":false,"max_hp_per_floor":[68,68,68,68,68,68,68,68,68,68,68,68,68,68,68,68,68,68,68,68,68,68,68,68,68,68,68,68,68,68,68,68,68,68,68,68,68,68,68,68,68,68,68,68,68,73,73],"card_choices":[{"not_picked":["Swivel","EmptyMind"],"picked":"Adaptation","floor":1.0},{"not_picked":["EmptyFist","Halt"],"picked":"BowlingBash","floor":2.0},{"not_picked":["Protect","Wireheading"],"picked":"FlurryOfBlows","floor":3.0},{"not_picked":["Consecrate","ReachHeaven"],"picked":"Crescendo","floor":4.0},{"not_picked":["Vengeance","Halt"],"picked":"DevaForm","floor":5.0},{"not_picked":["Crescendo","DeceiveReality"],"picked":"BattleHymn","floor":7.0},{"not_picked":["Collect","Vengeance"],"picked":"Devotion","floor":10.0},{"not_picked":["Consecrate","EmptyFist"],"picked":"FlurryOfBlows","floor":12.0},{"not_picked":["InnerPeace","BowlingBash","SashWhip"],"picked":"SKIP","floor":13.0},{"not_picked":["SandsOfTime","EmptyFist"],"picked":"Prostrate","floor":14.0},{"not_picked":["Devotion","Judgement"],"picked":"Omniscience","floor":16.0},{"not_picked":["CrushJoints","ThirdEye"],"picked":"Prostrate+1","floor":18.0},{"not_picked":["Crescendo","WindmillStrike"],"picked":"DeceiveReality+1","floor":20.0},{"not_picked":["Sanctity","CutThroughFate","Crescendo"],"picked":"SKIP","floor":23.0},{"not_picked":["FollowUp","ThirdEye+1"],"picked":"MasterReality","floor":25.0},{"not_picked":["EmptyBody","FollowUp","ThirdEye"],"picked":"SKIP","floor":29.0},{"not_picked":["SignatureMove","Sanctity+1"],"picked":"Evaluate","floor":30.0},{"not_picked":["ThirdEye","CrushJoints"],"picked":"Wallop","floor":31.0},{"not_picked":["Devotion","DeusExMachina"],"picked":"LessonLearned","floor":33.0},{"not_picked":["Tantrum","FollowUp","Weave"],"picked":"SKIP","floor":35.0},{"not_picked":["ForeignInfluence","Crescendo","EmptyBody"],"picked":"SKIP","floor":36.0},{"not_picked":["Blasphemy","Indignation","FollowUp"],"picked":"SKIP","floor":41.0},{"not_picked":["Study","SandsOfTime+1","FlyingSleeves+1"],"picked":"SKIP","floor":45.0}],"player_experience":902345,"relics_obtained":[{"floor":7.0,"key":"War Paint"},{"floor":9.0,"key":"Pen Nib"},{"floor":10.0,"key":"MawBank"},{"floor":12.0,"key":"HornCleat"},{"floor":23.0,"key":"TeardropLocket"},{"floor":25.0,"key":"Sundial"},{"floor":26.0,"key":"Letter Opener"},{"floor":30.0,"key":"Toy Ornithopter"},{"floor":37.0,"key":"CloakClasp"},{"floor":41.0,"key":"Lizard Tail"},{"floor":43.0,"key":"Pocketwatch"},{"floor":45.0,"key":"Du-Vu Doll"}],"event_choices":[{"damage_healed":0.0,"max_hp_gain":0.0,"max_hp_loss":0.0,"gold_gain":0.0,"event_name":"Wheel of Change","player_choice":"Damaged","floor":19.0,"gold_loss":0.0,"damage_taken":10.0},{"damage_healed":14.0,"max_hp_gain":0.0,"max_hp_loss":0.0,"gold_gain":0.0,"event_name":"The Library","player_choice":"Heal","floor":21.0,"gold_loss":0.0,"damage_taken":0.0},{"damage_healed":0.0,"max_hp_gain":0.0,"max_hp_loss":0.0,"gold_gain":0.0,"cards_transformed":["Strike_P","Defend_P"],"event_name":"Drug Dealer","player_choice":"Became Test Subject","floor":22.0,"gold_loss":0.0,"damage_taken":0.0,"cards_obtained":["DevaForm","SandsOfTime"]},{"damage_healed":0.0,"max_hp_gain":0.0,"max_hp_loss":0.0,"gold_gain":0.0,"event_name":"MindBloom","player_choice":"Fight","floor":37.0,"gold_loss":0.0,"damage_taken":0.0},{"damage_healed":14.0,"max_hp_gain":0.0,"max_hp_loss":0.0,"gold_gain":0.0,"event_name":"Winding Halls","player_choice":"Writhe","floor":39.0,"gold_loss":0.0,"damage_taken":0.0,"cards_obtained":["Writhe"]}],"is_beta":true,"boss_relics":[{"not_picked":["Fusion Hammer","Busted Crown"],"picked":"HolyWater"},{"not_picked":["Sozu","Runic Dome"],"picked":"Pandora\u0027s Box"}],"items_purged_floors":[28],"is_endless":false,"potions_floor_spawned":[1,3,10,11,12,14,23,33,36,41,45],"killed_by":"Spire Growth","ascension_level":20}}