{"host":"t7mx8yfj1no5p62f","time":1610587907,"event":{"mods":["BaseMod","Bestiary","Colored Map","Colored Powertips","Minty Spire (QoL Compilation)","Relic Stats","StSLib","ojb\u0027s Info Mod"],"gold_per_floor":[110,123,143,156,170,170,202,202,229,229,248,261,287,75,75,147,147,157,171,190,190,190,190,216,216,239,239,269,269,298,310,310,310,310],"floor_reached":33,"language":"ENG","playtime":3074,"items_purged":["Strike_G"],"score":684,"play_id":"d4083d77-2202-4bed-85a7-306251e45c36","local_time":"20210113203147","is_ascension_mode":true,"campfire_choices":[{"data":"Dagger Throw","floor":6.0,"key":"SMITH"},{"data":"Dagger Throw","floor":8.0,"key":"SMITH"},{"data":"Well Laid Plans","floor":10.0,"key":"SMITH"},{"data":"Footwork","floor":15.0,"key":"SMITH"},{"data":"Calculated Gamble","floor":23.0,"key":"SMITH"},{"data":"Prepared","floor":27.0,"key":"SMITH"},{"data":"Night Terror","floor":32.0,"key":"SMITH"}],"circlet_count":0,"master_deck":["AscendersBane","Strike_G","Strike_G","Defend_G","Defend_G","Defend_G+1","Defend_G+1","Defend_G","Survivor","Neutralize","Dagger Throw+1","Reflex","Underhanded Strike","Footwork+1","Dagger Throw+1","Well Laid Plans+1","Calculated Gamble","Deflect","Corpse Explosion","Backflip","Prepared+1","Backflip","Calculated Gamble+1","Ghostly","Ghostly","Ghostly","Night Terror+1","Bouncing Flask","Eviscerate","Wraith Form v2","Outmaneuver+1","Tools of the Trade"],"relics":["Ring of the Snake","NeowsBlessing","Lantern","Potion Belt","War Paint","Black Star","Bag of Preparation","Lizard Tail","Toy Ornithopter","Gambling Chip","Regal Pillow","Eternal Feather","Tiny Chest"],"acts_visited":["TheCity"],"potions_floor_usage":[],"damage_taken":[{"damage":0.0,"enemies":"Cultist","floor":1.0,"turns":1.0},{"damage":0.0,"enemies":"Jaw Worm","floor":2.0,"turns":1.0},{"damage":0.0,"enemies":"Small Slimes","floor":3.0,"turns":1.0},{"damage":5.0,"enemies":"3 Louse","floor":4.0,"turns":3.0},{"damage":4.0,"enemies":"Lots of Slimes","floor":5.0,"turns":7.0},{"damage":6.0,"enemies":"3 Sentries","floor":7.0,"turns":9.0},{"damage":0.0,"enemies":"Blue Slaver","floor":11.0,"turns":2.0},{"damage":0.0,"enemies":"2 Fungi Beasts","floor":12.0,"turns":3.0},{"damage":0.0,"enemies":"Lagavulin","floor":13.0,"turns":6.0},{"damage":1.0,"enemies":"The Guardian","floor":16.0,"turns":12.0},{"damage":17.0,"enemies":"2 Thieves","floor":18.0,"turns":4.0},{"damage":4.0,"enemies":"3 Byrds","floor":19.0,"turns":3.0},{"damage":5.0,"enemies":"Centurion and Healer","floor":20.0,"turns":6.0},{"damage":21.0,"enemies":"Slavers","floor":24.0,"turns":6.0},{"damage":34.0,"enemies":"Book of Stabbing","floor":28.0,"turns":9.0},{"damage":14.0,"enemies":"Gremlin Leader","floor":30.0,"turns":13.0},{"damage":3.0,"enemies":"3 Cultists","floor":31.0,"turns":5.0},{"damage":44,"enemies":"Collector","floor":33,"turns":12}],"seed_played":"-2650442172905612165","potions_obtained":[{"floor":4.0,"key":"SneckoOil"},{"floor":5.0,"key":"SneckoOil"},{"floor":11.0,"key":"Strength Potion"},{"floor":12.0,"key":"SteroidPotion"},{"floor":16.0,"key":"DuplicationPotion"},{"floor":18.0,"key":"AttackPotion"},{"floor":24.0,"key":"SpeedPotion"}],"is_trial":false,"path_per_floor":["M","M","M","M","M","R","E","R","T","R","M","M","E","$","R","B",null,"M","M","M","?","?","R","E","?","T","R","E","?","E","M","R","B"],"character_chosen":"THE_SILENT","items_purchased":["Backflip","DistilledChaos"],"campfire_rested":0,"item_purchase_floors":[14,14],"current_hp_per_floor":[59,59,59,54,50,50,44,44,44,44,44,44,44,44,44,43,60,43,39,34,33,33,33,12,12,12,12,9,43,29,26,43,0,0],"gold":310,"neow_bonus":"THREE_ENEMY_KILL","is_daily":false,"chose_seed":false,"campfire_upgraded":7,"win_rate":0.0,"timestamp":1610587907,"path_taken":["M","M","M","?","M","R","E","R","T","R","M","M","E","$","R","BOSS","M","M","M","?","?","R","E","?","T","R","E","?","E","?","R","BOSS"],"items_purchased_type":["Card","Potion"],"build_version":"2020-12-22","purchased_purges":1,"victory":false,"max_hp_per_floor":[66,66,66,66,66,66,66,66,66,66,66,66,66,66,66,66,66,66,66,66,33,33,33,33,33,33,33,33,43,43,43,43,43,43],"relic_stats":{"Lizard Tail":16,"Regal Pillow":0,"counters":[18,103],"Gambling Chip":[22],"Eternal Feather":17,"Tiny Chest":0,"Black Star":3,"Bag of Preparation":[8],"War Paint":["Defend_G","Defend_G"],"obtain_stats":[{"Potion Belt":9,"Lantern":7,"Regal Pillow":28,"NeowsBlessing":0,"Eternal Feather":30,"Bag of Preparation":24,"War Paint":13,"Lizard Tail":24,"Gambling Chip":28,"Tiny Chest":30,"Black Star":17,"Toy Ornithopter":26,"Ring of the Snake":0},{"Potion Belt":6,"Lantern":6,"Regal Pillow":15,"NeowsBlessing":0,"Eternal Feather":16,"Bag of Preparation":14,"War Paint":9,"Lizard Tail":14,"Gambling Chip":15,"Tiny Chest":16,"Black Star":10,"Toy Ornithopter":14,"Ring of the Snake":0},{"Potion Belt":22,"Lantern":22,"Regal Pillow":73,"NeowsBlessing":0,"Eternal Feather":86,"Bag of Preparation":64,"War Paint":33,"Lizard Tail":64,"Gambling Chip":73,"Tiny Chest":86,"Black Star":45,"Toy Ornithopter":64,"Ring of the Snake":0}],"Toy Ornithopter":10,"Ring of the Snake":[36]},"card_choices":[{"not_picked":["Flying Knee","Dodge and Roll"],"picked":"Dagger Throw","floor":1.0},{"not_picked":["Outmaneuver","Prepared"],"picked":"Reflex","floor":2.0},{"not_picked":["Acrobatics","Skewer"],"picked":"Underhanded Strike","floor":3.0},{"not_picked":["PiercingWail","Backflip"],"picked":"Footwork","floor":4.0},{"not_picked":["Acrobatics","Heel Hook"],"picked":"Dagger Throw","floor":5.0},{"not_picked":["Tactician","Die Die Die"],"picked":"Well Laid Plans","floor":7.0},{"not_picked":["Blade Dance","Backstab"],"picked":"Calculated Gamble","floor":11.0},{"not_picked":["Outmaneuver","Bane"],"picked":"Deflect","floor":12.0},{"not_picked":["Dagger Spray","Accuracy"],"picked":"Corpse Explosion","floor":13.0},{"not_picked":["Corpse Explosion","Venomology"],"picked":"Grand Finale","floor":16.0},{"not_picked":["Finisher","Quick Slash"],"picked":"Prepared","floor":18.0},{"not_picked":["Distraction+1","Backstab"],"picked":"Backflip","floor":19.0},{"not_picked":["Footwork","Dash+1"],"picked":"Calculated Gamble","floor":20.0},{"not_picked":["Terror","Backflip+1"],"picked":"Eviscerate","floor":24.0},{"not_picked":["Backflip","Cloak And Dagger"],"picked":"Wraith Form v2","floor":28.0},{"not_picked":["Cloak And Dagger","Poisoned Stab"],"picked":"Outmaneuver+1","floor":30.0},{"not_picked":["Crippling Poison","Prepared"],"picked":"Tools of the Trade","floor":31.0}],"player_experience":1751574,"relics_obtained":[{"floor":7.0,"key":"Lantern"},{"floor":9.0,"key":"Potion Belt"},{"floor":13.0,"key":"War Paint"},{"floor":24.0,"key":"Bag of Preparation"},{"floor":24.0,"key":"Lizard Tail"},{"floor":26.0,"key":"Toy Ornithopter"},{"floor":28.0,"key":"Gambling Chip"},{"floor":28.0,"key":"Regal Pillow"},{"floor":30.0,"key":"Eternal Feather"},{"floor":30.0,"key":"Tiny Chest"}],"event_choices":[{"damage_healed":0.0,"max_hp_gain":0.0,"max_hp_loss":33.0,"gold_gain":0.0,"event_name":"Ghosts","player_choice":"Became a Ghost","floor":21.0,"gold_loss":0.0,"damage_taken":0.0,"cards_obtained":["Ghostly","Ghostly","Ghostly"]},{"damage_healed":0.0,"max_hp_gain":0.0,"max_hp_loss":0.0,"gold_gain":0.0,"cards_transformed":["Strike_G","Strike_G"],"event_name":"Drug Dealer","player_choice":"Became Test Subject","floor":22.0,"gold_loss":0.0,"damage_taken":0.0,"cards_obtained":["Night Terror","Bouncing Flask"]},{"damage_healed":0.0,"max_hp_gain":0.0,"max_hp_loss":0.0,"gold_gain":0.0,"event_name":"The Mausoleum","player_choice":"Ignored","floor":25.0,"gold_loss":0.0,"damage_taken":0.0},{"cards_removed":["Grand Finale"],"damage_healed":24.0,"max_hp_gain":10.0,"max_hp_loss":0.0,"gold_gain":0.0,"event_name":"Bonfire Elementals","player_choice":"Offered Rare","floor":29.0,"gold_loss":0.0,"damage_taken":0.0}],"is_beta":false,"boss_relics":[{"not_picked":["Ectoplasm","Tiny House"],"picked":"Black Star"}],"items_purged_floors":[14],"is_endless":false,"potions_floor_spawned":[4,5,11,12,16,18,24],"killed_by":"Collector","ascension_level":20}}