{"host":"8o45mh5p3pp1o2mi","time":1610584602,"event":{"mods":["BaseMod","Better Match","Better Third Choice","BetterRewards","Minty Spire (QoL Compilation)","Rare Cards Sparkle","Relic Stats","Replay The Spire","Shop Mod","StSLib","everything is the same but u backflip on backflip"],"gold_per_floor":[117,133,65,65,85,110,122,148,173,134,134,150,179,454,454,559,559,577,88,104,115,115,142,142,142,142,142,160,191,66,78,78,179,179,196,196,118,118,133,133,159,159,159,209,244,259,160,46,46,46],"floor_reached":51,"language":"ENG","playtime":4830,"items_purged":["Defend_G","Regret","Normality","Spreading Infection"],"score":1173,"play_id":"abd0578e-5d9b-4c8d-be39-ff99c5374b0a","local_time":"20210114003642","is_ascension_mode":true,"campfire_choices":[{"data":"Noxious Fumes","floor":11.0,"key":"SMITH"},{"floor":15.0,"key":"REST"},{"data":"Burst","floor":24.0,"key":"SMITH"},{"data":"ReplayTheSpireMod:Necrosis","floor":27.0,"key":"SMITH"},{"floor":32,"key":"REST"},{"data":"Sadistic Nature","floor":40,"key":"SMITH"},{"data":"ReplayTheSpireMod:The Works","floor":42,"key":"SMITH"},{"floor":49,"key":"REST"}],"circlet_count":0,"master_deck":["Strike_G","Strike_G","Strike_G","Strike_G","Strike_G","Defend_G","Defend_G","Defend_G","Defend_G","Survivor","Neutralize","Crippling Poison+1","Bane","Terror","ReplayTheSpireMod:The Works+1","Noxious Fumes+1","Well Laid Plans","Unload","Prepared","Noxious Fumes","Burst+1","Acrobatics","ReplayTheSpireMod:Necrosis+1","Hidden Blade+1","Footwork+1","Sadistic Nature+1","Skewer+1","Prepared","Dagger Throw+1","Catalyst+1","Toxin Wave+1","Master of Strategy+1","Apotheosis+1","Leg Sweep","PiercingWail+1","Writhe","Dagger Throw","Fluid Movement","Delirium","Draining Mist+1"],"relics":["Ring of the Snake","Unceasing Top","OrangePellets","Happy Flower","Oddly Smooth Stone","Ancient Tea Set","Replay:Grab Bag","Busted Crown","Cursed Key","HoveringKite","TwistedFunnel","InkBottle","Golden Egg","Replay:Mystery Machine","Honey Jar","Durian","Snake Skull","Ring of Greed","The Courier","Membership Card","Blue Doll","MerchantsRug","Bottled Tornado","The Specimen"],"acts_visited":["Exordium","TheCity","TheBeyond"],"potions_floor_usage":[35,35,45,50,50],"damage_taken":[{"damage":0.0,"enemies":"Cultist","floor":1.0,"turns":3.0},{"damage":0.0,"enemies":"2 Louse","floor":2.0,"turns":3.0},{"damage":1.0,"enemies":"Jaw Worm","floor":5.0,"turns":3.0},{"damage":9.0,"enemies":"3 Sentries","floor":6.0,"turns":5.0},{"damage":6.0,"enemies":"Gremlin Gang","floor":7.0,"turns":3.0},{"damage":7.0,"enemies":"Replay:BlueRogue","floor":8.0,"turns":4.0},{"damage":15.0,"enemies":"2 Fungi Beasts","floor":12.0,"turns":3.0},{"damage":3.0,"enemies":"Lagavulin","floor":13.0,"turns":6.0},{"damage":16.0,"enemies":"The Guardian","floor":16.0,"turns":9.0},{"damage":16.0,"enemies":"Spheric Guardian","floor":18.0,"turns":4.0},{"damage":0.0,"enemies":"3 Byrds","floor":20.0,"turns":2.0},{"damage":5.0,"enemies":"Centurion and Healer","floor":21.0,"turns":5.0},{"damage":3.0,"enemies":"Slavers","floor":23.0,"turns":2.0},{"damage":4.0,"enemies":"3 Cultists","floor":28.0,"turns":3.0},{"damage":20,"enemies":"Replay:Snechameleon","floor":29,"turns":5},{"damage":3,"enemies":"Snecko","floor":31,"turns":3},{"damage":6,"enemies":"Automaton","floor":33,"turns":6},{"damage":15,"enemies":"3 Darklings","floor":35,"turns":4},{"damage":0,"enemies":"3 Shapes","floor":39,"turns":1},{"damage":15,"enemies":"Reptomancer","floor":41,"turns":4},{"damage":21,"enemies":"Nemesis","floor":45,"turns":5},{"damage":1,"enemies":"Writhing Mass","floor":46,"turns":3},{"damage":21,"enemies":"Awakened One","floor":50,"turns":6}],"seed_played":"2446920839585747187","potions_obtained":[{"floor":1.0,"key":"Weak Potion"},{"floor":2.0,"key":"DistilledChaos"},{"floor":6.0,"key":"GhostInAJar"},{"floor":16.0,"key":"Dexterity Potion"},{"floor":23.0,"key":"AttackPotion"},{"floor":28,"key":"AttackPotion"},{"floor":29,"key":"SkillPotion"},{"floor":35,"key":"Dexterity Potion"},{"floor":41,"key":"AttackPotion"}],"is_trial":false,"path_per_floor":["M","M","$","?","M","E","M","E","T","$","R","M","E","?","R","B",null,"M","$","M","M","T","E","R","T","T","R","M","E","$","M","R","B",null,"M","?","$","?","M","R","E","R","T","?","E","M","$","$","R","B",null],"character_chosen":"THE_SILENT","items_purchased":["Crippling Poison","OrangePellets","Bane","Noxious Fumes","Noxious Fumes","Footwork+1","Sadistic Nature","TwistedFunnel","Toxin Wave","MerchantsRug","Bottled Tornado","The Specimen","Draining Mist"],"campfire_rested":3,"item_purchase_floors":[0,0,0,3,10,19,19,19,37,47,48,48,48],"current_hp_per_floor":[70,70,70,70,69,60,54,47,47,47,47,32,29,29,50,34,70,54,54,54,49,56,53,53,53,53,53,49,29,29,26,49,43,77,62,62,62,57,57,57,47,47,47,47,26,25,25,25,49,28],"gold":46,"neow_bonus":"","is_daily":false,"chose_seed":false,"campfire_upgraded":5,"win_rate":0.0,"timestamp":1610584602,"path_taken":["M","M","$","?","M","E","M","E","T","$","R","M","E","?","R","BOSS","M","$","?","M","?","E","R","?","T","R","M","E","$","?","R","BOSS","M","?","?","?","M","R","E","R","T","?","E","?","$","$","R","BOSS"],"items_purchased_type":["Card","Relic","Card","Card","Card","Card","Card","Relic","Card","Relic","Relic","Relic","Card"],"build_version":"2020-12-22","purchased_purges":4,"victory":true,"max_hp_per_floor":[70,70,70,70,70,70,70,70,70,70,70,70,70,70,70,70,70,70,70,70,70,77,77,77,77,77,77,77,77,77,77,77,77,77,77,77,77,77,77,77,82,82,82,82,82,82,82,82,82,82],"relic_stats":{"OrangePellets":[5],"Busted Crown":36,"Happy Flower":[26],"counters":[50,236],"HoveringKite":[35],"Snake Skull":[28],"Cursed Key":4,"obtain_stats":[{"TwistedFunnel":19,"Divine Protection":6,"Golden Egg":26,"HoveringKite":17,"Bottled Tornado":48,"Centennial Puzzle":42,"Strawberry":23,"Honey Jar":34,"MealTicket":0,"Philosopher\u0027s Stone":17,"MerchantsRug":0,"Girya":42,"Happy Flower":6,"Replay:Grab Bag":17,"Oddly Smooth Stone":8,"OrangePellets":0,"ReplayTheSpireMod:Shallot":54,"Bronze Scales":53,"Simple Rune":4,"Black Star":34,"Unceasing Top":47,"ReplayFunnel":13,"Regal Pillow":45,"Replay:PocketPolymizer":8,"Blue Doll":45,"Snake Skull":43,"Replay:Mystery Machine":29,"Ancient Tea Set":9,"Cursed Key":17,"Pet Ghost":47,"Dream Catcher":3,"Nunchaku":43,"Ring of Peace":29,"WingedGreaves":23,"InkBottle":25,"Ring of the Snake":0,"Runic Pyramid":0,"Gremlin Food":54,"The Specimen":48,"Quantum Egg":9,"Thread and Needle":0,"The Courier":44,"Ring of Greed":44,"Anchor":45,"Busted Crown":17,"Bag of Marbles":53,"Durian":41,"Membership Card":44,"TungstenRod":39},{"TwistedFunnel":37,"Divine Protection":2,"Golden Egg":40,"HoveringKite":36,"Bottled Tornado":49,"Centennial Puzzle":21,"Strawberry":12,"Honey Jar":44,"MealTicket":0,"Philosopher\u0027s Stone":7,"MerchantsRug":0,"Girya":21,"Happy Flower":31,"Replay:Grab Bag":36,"Oddly Smooth Stone":33,"OrangePellets":27,"ReplayTheSpireMod:Shallot":26,"Bronze Scales":25,"Simple Rune":1,"Black Star":16,"Unceasing Top":23,"ReplayFunnel":5,"Regal Pillow":22,"Replay:PocketPolymizer":4,"Blue Doll":48,"Snake Skull":47,"Replay:Mystery Machine":42,"Ancient Tea Set":33,"Cursed Key":36,"Pet Ghost":23,"Dream Catcher":1,"Nunchaku":21,"Ring of Peace":13,"WingedGreaves":40,"InkBottle":40,"Ring of the Snake":0,"Runic Pyramid":0,"Gremlin Food":26,"The Specimen":49,"Quantum Egg":4,"Thread and Needle":0,"The Courier":47,"Ring of Greed":47,"Anchor":22,"Busted Crown":36,"Bag of Marbles":25,"Durian":47,"Membership Card":47,"TungstenRod":19},{"TwistedFunnel":187,"Divine Protection":7,"Golden Egg":196,"HoveringKite":183,"Bottled Tornado":230,"Centennial Puzzle":110,"Strawberry":63,"Honey Jar":213,"MealTicket":0,"Philosopher\u0027s Stone":40,"MerchantsRug":0,"Girya":110,"Happy Flower":158,"Replay:Grab Bag":183,"Oddly Smooth Stone":165,"OrangePellets":144,"ReplayTheSpireMod:Shallot":138,"Bronze Scales":132,"Simple Rune":3,"Black Star":84,"Unceasing Top":120,"ReplayFunnel":25,"Regal Pillow":115,"Replay:PocketPolymizer":16,"Blue Doll":227,"Snake Skull":222,"Replay:Mystery Machine":204,"Ancient Tea Set":165,"Cursed Key":183,"Pet Ghost":120,"Dream Catcher":3,"Nunchaku":110,"Ring of Peace":67,"WingedGreaves":196,"InkBottle":196,"Ring of the Snake":0,"Runic Pyramid":0,"Gremlin Food":138,"The Specimen":230,"Quantum Egg":16,"Thread and Needle":0,"The Courier":222,"Ring of Greed":222,"Anchor":115,"Busted Crown":183,"Bag of Marbles":132,"Durian":222,"Membership Card":222,"TungstenRod":99}],"Unceasing Top":[29],"InkBottle":[26],"Ring of the Snake":[100]},"card_choices":[{"not_picked":["Finisher","Dash","Bane"],"picked":"SKIP","floor":1.0},{"not_picked":["Blade Dance","Accuracy"],"picked":"ReplayTheSpireMod:The Works","floor":2.0},{"not_picked":["Dodge and Roll","Sucker Punch"],"picked":"Well Laid Plans","floor":5.0},{"not_picked":["Concentrate","Sucker Punch"],"picked":"Unload","floor":6.0},{"not_picked":["ReplayTheSpireMod:Scrap Shanks","Masterful Stab"],"picked":"Prepared","floor":7.0},{"not_picked":["All Out Attack","Slice","Cloak And Dagger"],"picked":"SKIP","floor":8.0},{"not_picked":["Infinite Blades","Masterful Stab","Well Laid Plans"],"picked":"SKIP","floor":12.0},{"not_picked":["Blade Dance","Dash"],"picked":"Burst","floor":13.0},{"not_picked":["Sucker Punch","Infinite Blades"],"picked":"Acrobatics","floor":15.0},{"not_picked":["A Thousand Cuts","Grand Finale"],"picked":"ReplayTheSpireMod:Necrosis","floor":16.0},{"not_picked":[],"picked":"Hidden Blade+1","floor":18.0},{"not_picked":[],"picked":"Skewer+1","floor":20.0},{"not_picked":[],"picked":"Prepared","floor":21.0},{"not_picked":["Slice"],"picked":"SKIP","floor":23.0},{"not_picked":["Bane"],"picked":"SKIP","floor":28},{"not_picked":["Hidden Blade"],"picked":"SKIP","floor":29},{"not_picked":[],"picked":"Dagger Throw+1","floor":31},{"not_picked":["Outmaneuver+1"],"picked":"Catalyst+1","floor":35},{"not_picked":["Swift Strike"],"picked":"Master of Strategy","floor":38},{"not_picked":["Bandage Up"],"picked":"Apotheosis","floor":38},{"not_picked":["Reflex"],"picked":"Leg Sweep","floor":39},{"not_picked":["Flechettes"],"picked":"PiercingWail+1","floor":41},{"not_picked":["Outmaneuver"],"picked":"Dagger Throw","floor":45},{"not_picked":["Backflip"],"picked":"Fluid Movement","floor":46}],"player_experience":68609,"relics_obtained":[{"floor":6.0,"key":"Happy Flower"},{"floor":8.0,"key":"Oddly Smooth Stone"},{"floor":9.0,"key":"Ancient Tea Set"},{"floor":13.0,"key":"Dream Catcher"},{"floor":22.0,"key":"Strawberry"},{"floor":23.0,"key":"WingedGreaves"},{"floor":25.0,"key":"InkBottle"},{"floor":26.0,"key":"Golden Egg"},{"floor":29,"key":"Replay:Mystery Machine"},{"floor":41,"key":"Durian"},{"floor":43,"key":"Snake Skull"},{"floor":44,"key":"Ring of Greed"},{"floor":44,"key":"The Courier"},{"floor":44,"key":"Membership Card"},{"floor":45,"key":"Blue Doll"}],"event_choices":[{"damage_healed":0.0,"max_hp_gain":0.0,"max_hp_loss":0.0,"gold_gain":275.0,"event_name":"Golden Shrine","player_choice":"Desecrate","floor":14.0,"gold_loss":0.0,"damage_taken":0.0,"cards_obtained":["Regret"]},{"cards_removed":["Overencumbered"],"damage_healed":0,"gold_gain":0,"player_choice":"Purged","damage_taken":0,"max_hp_gain":0,"max_hp_loss":0,"event_name":"Purifier","floor":36,"gold_loss":0},{"damage_healed":0,"gold_gain":0,"player_choice":"Memory 2","damage_taken":5,"max_hp_gain":0,"max_hp_loss":0,"event_name":"SensoryStone","floor":38,"gold_loss":0}],"is_beta":false,"boss_relics":[{"not_picked":["Black Star","Abe\u0027s Treasure"],"picked":"Replay:Grab Bag"},{"not_picked":["Runic Dome","Ectoplasm"],"picked":"Busted Crown"},{"not_picked":["Replay:Bronze Core","Painkiller Herb"],"picked":"Cursed Key"},{"not_picked":["SlaversCollar","WristBlade"],"picked":"HoveringKite"},{"not_picked":["Tiny House","Ring of Chaos"],"picked":"Honey Jar"}],"items_purged_floors":[0,19,30,47],"is_endless":false,"potions_floor_spawned":[1,2,6,16,23,28,29,31,35,41],"ascension_level":4}}