{"host":"xvhc8sga2tdal1wt","time":1610599069,"event":{"mods":["Act Like it!","Aspiration","BaseMod","Better Match","Better Note","Better Skull","Better Third Choice","BetterRewards","Block Reminder","Card Forge","Conspire","Duelist Mod","Energized Spire","GungeonMod","Hallownest","Hubris","Infinite Spire","Luminous","Minty Spire (QoL Compilation)","Quick Restart","Replay The Spire","Robot Space Explorer","Shop Mod","StSLib","Synergy Search","The Animator","The Bladedancer","The Bug Knight","The Forsaken","Wandering Minibosses","[IsaacMod]????"],"gold_per_floor":[135,35,57,84,133,194,242,242,242,242,242,292,292,328,328,433,433,486,520,520],"floor_reached":19,"language":"ENG","playtime":1477,"items_purged":[],"score":219,"play_id":"25f196f6-6ec4-40b5-8865-884a9f6f71fe","local_time":"20210114053749","is_ascension_mode":true,"campfire_choices":[{"data":"theDuelist:FogKing","floor":8.0,"key":"SMITH"},{"floor":13,"key":"RECALL"},{"floor":15,"key":"DIG"}],"circlet_count":0,"master_deck":["theDuelist:CastleWalls","theDuelist:CastleWalls+1","theDuelist:DarkMagician","theDuelist:MysticalElf","theDuelist:MysticalElf","theDuelist:NeoMagic","theDuelist:NeoMagic","theDuelist:Sparks","theDuelist:Sparks","theDuelist:Sparks","theDuelist:ExodiaLL","theDuelist:MindAir","conspire:SpireCoStock","conspire:SpireCoStock","theDuelist:DarkMagician","theDuelist:FairyBox","theDuelist:FogKing+1","theDuelist:MudragonSwamp","theDuelist:LightningRodLord","theDuelist:WeepingIdol","theDuelist:RainbowKuriboh","theDuelist:GateGuardian","theDuelist:RainbowMagician"],"relics":["theDuelist:MillenniumPuzzle","theDuelist:CardPoolRelic","theDuelist:CardPoolBasicRelic","theDuelist:BoosterPackPoolRelic","theDuelist:CardPoolAddRelic","theDuelist:CardPoolMinusRelic","theDuelist:CardPoolSaveRelic","theDuelist:CardPoolOptionsRelic","Hammer of Thor","Seething Fire","Anvil of the Gods","HushsDoor","NeowsBlessing","BFFS","Anchor","TheBible","aspiration:FrozenJewel","Bottled Flame","Busted Crown"],"acts_visited":["Hallownest:Greenpath","TheCity"],"potions_floor_usage":[12,16,19,19],"damage_taken":[{"damage":0.0,"enemies":"Hallownest:monsterHuskGuard","floor":1.0,"turns":1.0},{"damage":0.0,"enemies":"Hallownest:2_Tiktiks_and_1_Crawlid","floor":3.0,"turns":2.0},{"damage":0.0,"enemies":"Hallownest:2_Baldur","floor":4.0,"turns":2.0},{"damage":0.0,"enemies":"Hallownest:Guard_and_Warrior","floor":5.0,"turns":7.0},{"damage":28.0,"enemies":"Hallownest:eliteMossKnight","floor":6.0,"turns":13.0},{"damage":0.0,"enemies":"Hallownest:monsterAspidMother","floor":7.0,"turns":5.0},{"damage":12,"enemies":"Hallownest:eliteVengeflyKing","floor":12,"turns":7},{"damage":6,"enemies":"Hallownest:Wandering_and_Horned","floor":14,"turns":5},{"damage":15,"enemies":"Hallownest:BossFalseKnight","floor":16,"turns":10},{"damage":1,"enemies":"conspire:FuzzyDice","floor":18,"turns":5},{"damage":84,"enemies":"conspire:FuzzyDice","floor":19,"turns":5}],"seed_played":"7914139830394247250","potions_obtained":[{"floor":1.0,"key":"theDuelist:SolderPotionB"},{"floor":5.0,"key":"EssenceOfSteel"},{"floor":6.0,"key":"theDuelist:VampireVial"},{"floor":7.0,"key":"theDuelist:SealedPack"},{"floor":16,"key":"Block Potion"}],"is_trial":false,"path_per_floor":["M","?","M","M","M","E","M","R","T","?","T","E","R","M","R","B",null,"M","?"],"character_chosen":"THE_DUELIST","items_purchased":[],"campfire_rested":0,"item_purchase_floors":[],"current_hp_per_floor":[80,80,80,80,80,52,52,52,52,52,52,40,40,34,34,19,65,64,0,0],"gold":520,"neow_bonus":"THREE_ENEMY_KILL","is_daily":false,"chose_seed":false,"campfire_upgraded":1,"win_rate":0.0,"timestamp":1610599069,"path_taken":["M","?","?","M","M","E","M","R","T","?","?","E","R","?","R","BOSS","M","?"],"items_purchased_type":[],"build_version":"2020-12-22","purchased_purges":0,"victory":false,"max_hp_per_floor":[80,80,80,80,80,80,80,80,80,80,80,80,80,80,80,80,80,80,80,80],"card_choices":[{"not_picked":["theDuelist:InjectionFairy","theDuelist:MysticalElf","theDuelist:OnslaughtFireKings","theDuelist:BlueDragonSummoner"],"picked":"theDuelist:ExodiaLL","floor":0.0},{"not_picked":["theDuelist:VoidExpansion","theDuelist:StatueAnguishPattern","theDuelist:WonderWand"],"picked":"theDuelist:MindAir","floor":1.0},{"not_picked":["theDuelist:FlyingSaucer","theDuelist:GeminiElf","theDuelist:PowerKaishin","theDuelist:ThousandEyesIdol"],"picked":"theDuelist:DarkMagician","floor":3.0},{"not_picked":["theDuelist:NeoMagic","theDuelist:AncientElf","theDuelist:LordD","theDuelist:GoblinSecret"],"picked":"theDuelist:FairyBox","floor":4.0},{"not_picked":["theDuelist:DarkMagician","theDuelist:InjectionFairy","theDuelist:SangaThunder","theDuelist:BlizzardWarrior"],"picked":"theDuelist:FogKing","floor":5.0},{"not_picked":["theDuelist:BigFire","theDuelist:MudGolem","theDuelist:WormKing","theDuelist:ClearKuriboh"],"picked":"theDuelist:MudragonSwamp","floor":6.0},{"not_picked":["theDuelist:GolemSentry","theDuelist:BlockGolem","theDuelist:FutureFusion","theDuelist:RockSunrise"],"picked":"theDuelist:LightningRodLord","floor":7.0},{"not_picked":["theDuelist:DestroyerGolem","theDuelist:DokiDoki","theDuelist:DummyGolem","theDuelist:MudGolem"],"picked":"theDuelist:WeepingIdol","floor":12},{"not_picked":["theDuelist:EarthEffigy","theDuelist:GolemSentry","theDuelist:GraniteLoyalist","theDuelist:PowerGiant"],"picked":"theDuelist:RainbowKuriboh","floor":14},{"not_picked":["theDuelist:VoidVanishment","theDuelist:QueenDragunDjinn","theDuelist:RainbowMagician","theDuelist:RainbowDarkDragon"],"picked":"theDuelist:GateGuardian","floor":16},{"not_picked":["theDuelist:CosmicHorrorGangiel","theDuelist:LegendaryExodia"],"picked":"theDuelist:RainbowMagician","floor":18}],"player_experience":114535,"relics_obtained":[{"floor":6.0,"key":"Anchor"},{"floor":11.0,"key":"TheBible"},{"floor":12,"key":"aspiration:FrozenJewel"},{"floor":15,"key":"Bottled Flame"}],"event_choices":[{"damage_healed":0.0,"max_hp_gain":0.0,"max_hp_loss":0.0,"gold_gain":0.0,"event_name":"conspire:Investor","player_choice":"Invest 2","floor":2.0,"gold_loss":0.0,"damage_taken":0.0},{"damage_healed":0,"gold_gain":0,"player_choice":"Fight","duelist":true,"damage_taken":0,"max_hp_gain":0,"max_hp_loss":0,"event_name":"Battle City","floor":19,"gold_loss":0}],"is_beta":false,"boss_relics":[{"not_picked":["Calling Bell","hubris:ScarierMask"],"picked":"Busted Crown"},{"not_picked":[]}],"items_purged_floors":[],"is_endless":false,"potions_floor_spawned":[1,5,6,7,16],"killed_by":"conspire:FuzzyDice","ascension_level":5}}