{"host":"l84l8xigz5v5foa2","time":1610611657,"event":{"mods":["2.2 Compatiblity","AchievementEnabler","BaseMod","Better Note","Better Vampires","Card Filter","Colored Map","DeckTracker","Downfall","Gremlin Skip","Highlight Path","Keyboard Shortcuts","Minty Spire (QoL Compilation)","Permanent Neow","Quick Restart","Relic Filter","Relic Stats","StSLib","SuperFastMode","Transform Curses","Unknown Chances"],"gold_per_floor":[99,119,119,119,119,134,134,145,55,55,55,75,75,108,119,196,196,196,216,216,242,270,270,270,309,328,199,124,136,136,136,150,227,227,227,245,259,280,300,300,323,248,281,292,326,251,262,281,294,294,294,328,127,127,127],"floor_reached":56,"language":"ENG","playtime":3106,"items_purged":["hexamod:Defend","hexamod:Strike+1"],"score":2526,"play_id":"e3d13e03-beab-43ac-b3f5-aace552cc373","local_time":"20210114170737","is_ascension_mode":true,"campfire_choices":[{"data":"hexamod:Float","floor":1.0,"key":"SMITH"},{"data":"hexamod:Rewind","floor":10.0,"key":"SMITH"},{"data":"hexamod:FastForward","floor":13.0,"key":"SMITH"},{"data":"hexamod:Rewind","floor":18.0,"key":"SMITH"},{"floor":23.0,"key":"RECALL"},{"data":"hexamod:TimeWarp","floor":28.0,"key":"SMITH"},{"data":"hexamod:GiftsFromTheDead","floor":30.0,"key":"SMITH"},{"data":"hexamod:HexaLevel","floor":35.0,"key":"SMITH"},{"data":"hexamod:Haunt","floor":46,"key":"SMITH"},{"floor":54,"key":"DIG"}],"circlet_count":0,"master_deck":["AscendersBane","hexamod:Defend+1","hexamod:Defend+1","hexamod:Defend+1","hexamod:Sear+1","hexamod:Float+1","hexamod:FastForward+1","hexamod:Incineration+1","hexamod:Rewind+1","hexamod:HauntingEcho+1","hexamod:ShieldOfDarkness+1","hexamod:ThermalTransfer+1","hexamod:TimeWarp+1","hexamod:Rewind+1","hexamod:AdvancingGuard+1","hexamod:EmpoweringStance+1","hexamod:GhostOfSpirePast+1","hexamod:TimeWarp+1","hexamod:RetreatToShadows+1","hexamod:GhostShield+1","hexamod:RainOfEmbers+1","hexamod:StepThrough+1","hexamod:GiftsFromTheDead+1","hexamod:HexaLevel+1","hexamod:RecurringNightmare+1","hexamod:Haunt+1","hexamod:GhostOfSpirePresent","hexamod:PowerFromBeyond+1","hexamod:GhostOfSpireFuture"],"relics":["hexamod:SpiritBrand","PreservedInsect","Meat on the Bone","Pen Nib","sneckomod:SneckoTalon","Question Card","hexamod:TheBrokenSeal","Red Mask","hexamod:TheBrokenSeal","Gambling Chip","downfall:HeartBlessingRed","Coffee Dripper","hexamod:TheBrokenSeal","downfall:HeartBlessingBlue","Shovel","Mercury Hourglass","downfall:HeartBlessingGreen","Anchor","Membership Card","White Beast Statue"],"acts_visited":["Exordium","TheCity","TheBeyond","TheEnding"],"potions_floor_usage":[45,55,55],"damage_taken":[{"damage":9.0,"enemies":"2 Louse","floor":2.0,"turns":3.0},{"damage":0.0,"enemies":"Small Slimes","floor":6.0,"turns":4.0},{"damage":12.0,"enemies":"Jaw Worm","floor":8.0,"turns":4.0},{"damage":0.0,"enemies":"downfall:FleeingMerchant","floor":9.0,"turns":4.0},{"damage":1.0,"enemies":"3 Louse","floor":12.0,"turns":4.0},{"damage":14.0,"enemies":"Lagavulin","floor":14.0,"turns":6.0},{"damage":5.0,"enemies":"2 Fungi Beasts","floor":15.0,"turns":4.0},{"damage":11.0,"enemies":"downfall:Silent","floor":16.0,"turns":7.0},{"damage":20.0,"enemies":"Chosen","floor":19.0,"turns":5.0},{"damage":11.0,"enemies":"Snecko","floor":21.0,"turns":6.0},{"damage":1.0,"enemies":"Centurion and Healer","floor":22.0,"turns":7.0},{"damage":23.0,"enemies":"Masked Bandits","floor":25.0,"turns":6.0},{"damage":16.0,"enemies":"Cultist and Chosen","floor":26.0,"turns":7.0},{"damage":0.0,"enemies":"downfall:FleeingMerchant","floor":27.0,"turns":4.0},{"damage":3.0,"enemies":"Book of Stabbing","floor":29.0,"turns":3.0},{"damage":0.0,"enemies":"3 Cultists","floor":32.0,"turns":3.0},{"damage":3.0,"enemies":"downfall:Ironclad","floor":33.0,"turns":5.0},{"damage":0.0,"enemies":"Orb Walker","floor":36.0,"turns":4.0},{"damage":0.0,"enemies":"3 Shapes","floor":37.0,"turns":3.0},{"damage":19.0,"enemies":"3 Darklings","floor":38.0,"turns":5.0},{"damage":0.0,"enemies":"Transient","floor":39.0,"turns":6.0},{"damage":0.0,"enemies":"Giant Head","floor":43.0,"turns":3.0},{"damage":3,"enemies":"Jaw Worm Horde","floor":44,"turns":2},{"damage":0,"enemies":"Nemesis","floor":45,"turns":5},{"damage":0,"enemies":"Maw","floor":47,"turns":4},{"damage":0,"enemies":"Writhing Mass","floor":48,"turns":3},{"damage":0,"enemies":"Transient","floor":49,"turns":4},{"damage":0,"enemies":"downfall:Defect","floor":50,"turns":4},{"damage":0,"enemies":"downfall:CharBossMerchant","floor":52,"turns":3},{"damage":27,"enemies":"downfall:NeowBoss","floor":55,"turns":14}],"seed_played":"5178421811382760940","potions_obtained":[{"floor":14.0,"key":"ColorlessPotion"},{"floor":16.0,"key":"Strength Potion"},{"floor":19.0,"key":"hexamod:EctoCoolerPotion"},{"floor":22.0,"key":"SpeedPotion"},{"floor":25.0,"key":"GamblersBrew"},{"floor":29.0,"key":"Swift Potion"},{"floor":33.0,"key":"hexamod:EctoCoolerPotion"},{"floor":39.0,"key":"LiquidMemories"},{"floor":45,"key":"Regen Potion"},{"floor":48,"key":"PowerPotion"}],"is_trial":false,"path_per_floor":["R","M","?","?","?","M","T","M","$","R","?","M","R","E","M","B",null,"R","M","?","M","M","R","T","?","M","$","R","E","R","?","M","B",null,"R","M","M","M","M","R","T","R","E","M","E","R","M","M","M","B",null,"E","$","R","B",null],"character_chosen":"THE_SPIRIT","items_purchased":["Gambling Chip","Membership Card","hexamod:GhostOfSpireFuture"],"campfire_rested":0,"item_purchase_floors":[27,53,53],"current_hp_per_floor":[42,33,28,28,28,28,28,28,40,40,40,39,39,37,32,40,57,57,44,44,40,53,53,53,73,83,83,83,80,80,80,80,77,82,82,82,82,93,93,93,93,103,103,100,100,100,100,100,100,100,102,102,102,102,75],"gold":127,"neow_bonus":"THREE_RARE_CARDS","is_daily":false,"chose_seed":false,"campfire_upgraded":8,"win_rate":0.0,"timestamp":1610611657,"path_taken":["R","M","?","?","?","M","T","M","?","R","?","M","R","E","M","BOSS","R","M","?","?","M","R","T","?","M","$","R","E","R","?","M","BOSS","R","M","M","M","M","R","T","R","E","M","E","R","M","M","M","BOSS","E","$","R","BOSS"],"items_purchased_type":["Relic","Relic","Card"],"build_version":"2020-12-22","purchased_purges":2,"victory":true,"max_hp_per_floor":[63,63,63,63,63,63,63,63,63,63,63,63,63,63,63,63,63,63,63,63,63,63,63,63,73,83,83,83,83,83,83,83,83,83,83,83,83,93,93,93,93,103,103,103,103,103,103,103,103,103,103,103,103,103,103],"relic_stats":{"Shovel":1,"counters":[30,142],"Gambling Chip":[15],"PreservedInsect":470,"Pen Nib":[27],"Question Card":32,"obtain_stats":[{"downfall:HeartBlessingRed":28,"hexamod:TheBrokenSeal":25,"downfall:HeartBlessingGreen":46,"PreservedInsect":3,"Pen Nib":14,"sneckomod:SneckoTalon":17,"Question Card":24,"White Beast Statue":54,"Mercury Hourglass":45,"Anchor":52,"Shovel":43,"downfall:HeartBlessingBlue":42,"Gambling Chip":27,"Red Mask":25,"Coffee Dripper":34,"Membership Card":53,"hexamod:SpiritBrand":0,"Meat on the Bone":7},{"downfall:HeartBlessingRed":14,"hexamod:TheBrokenSeal":12,"downfall:HeartBlessingGreen":24,"PreservedInsect":1,"Pen Nib":6,"sneckomod:SneckoTalon":8,"Question Card":11,"White Beast Statue":29,"Mercury Hourglass":24,"Anchor":29,"Shovel":22,"downfall:HeartBlessingBlue":21,"Gambling Chip":14,"Red Mask":12,"Coffee Dripper":17,"Membership Card":29,"hexamod:SpiritBrand":0,"Meat on the Bone":2},{"downfall:HeartBlessingRed":71,"hexamod:TheBrokenSeal":60,"downfall:HeartBlessingGreen":110,"PreservedInsect":3,"Pen Nib":25,"sneckomod:SneckoTalon":36,"Question Card":54,"White Beast Statue":128,"Mercury Hourglass":110,"Anchor":128,"Shovel":103,"downfall:HeartBlessingBlue":100,"Gambling Chip":71,"Red Mask":60,"Coffee Dripper":82,"Membership Card":128,"hexamod:SpiritBrand":0,"Meat on the Bone":7}],"Meat on the Bone":48,"Mercury Hourglass":[66]},"card_choices":[{"not_picked":["hexamod:ParanormalForm","hexamod:FifthSeal"],"picked":"hexamod:SixthSeal","floor":0.0},{"not_picked":["hexamod:Firestarter","hexamod:GhostOfSpirePresent"],"picked":"hexamod:FastForward","floor":2.0},{"not_picked":["hexamod:BurningTouch","hexamod:FastForward"],"picked":"hexamod:ThirdSeal","floor":6.0},{"not_picked":["hexamod:Hexaguard","hexamod:GhostLash"],"picked":"hexamod:Rewind","floor":8.0},{"not_picked":["hexamod:PhantomCloak","hexamod:SwordOfDarkness","hexamod:ChargedBarrage"],"picked":"SKIP","floor":8.0},{"not_picked":["hexamod:Hexaguard","hexamod:RadiantFlame"],"picked":"hexamod:HauntingEcho","floor":9.0},{"not_picked":["hexamod:InspiringFlames","hexamod:Hexaguard"],"picked":"hexamod:ShieldOfDarkness","floor":9.0},{"not_picked":["hexamod:SwordOfDarkness","hexamod:BacktrackSmack"],"picked":"hexamod:ThermalTransfer","floor":12.0},{"not_picked":["hexamod:RecurringNightmare","hexamod:RainOfEmbers"],"picked":"hexamod:ThirdSeal","floor":12.0},{"not_picked":["hexamod:ShieldOfDarkness","hexamod:GhostOfSpirePresent"],"picked":"hexamod:TimeWarp","floor":14.0},{"not_picked":["hexamod:EmpoweredFlame","hexamod:EtherealExpedition"],"picked":"hexamod:Rewind","floor":14.0},{"not_picked":["hexamod:Hexaguard","hexamod:NightmareGuise"],"picked":"hexamod:FirstSeal","floor":15.0},{"not_picked":["hexamod:GhostLash","hexamod:FlamesFromBeyond"],"picked":"hexamod:AdvancingGuard","floor":15.0},{"not_picked":["hexamod:FastForward","hexamod:NightmareGuise","hexamod:PhantomCloak"],"picked":"SKIP","floor":15.0},{"not_picked":["hexamod:ParanormalForm","hexamod:Toasty"],"picked":"hexamod:FifthSeal","floor":16.0},{"not_picked":["hexamod:TimeOfNeed","hexamod:SixthSeal"],"picked":"hexamod:FifthSeal","floor":16.0},{"not_picked":["hexamod:UnleashSpirits","hexamod:HexaLevel"],"picked":"hexamod:EmpoweringStance","floor":16.0},{"not_picked":["hexamod:BacktrackSmack","hexamod:NightmareGuise+1"],"picked":"hexamod:GhostOfSpirePast","floor":19.0},{"not_picked":["hexamod:SixthSeal","hexamod:ThirdSeal"],"picked":"hexamod:FirstSeal","floor":19.0},{"not_picked":["hexamod:ThirdSeal","hexamod:SixthSeal"],"picked":"hexamod:SecondSeal","floor":19.0},{"not_picked":["hexamod:RainOfEmbers","hexamod:InspiringFlames"],"picked":"hexamod:TimeWarp","floor":19.0},{"not_picked":["hexamod:InspiringFlames","hexamod:FastForward","hexamod:Firestarter"],"picked":"SKIP","floor":19.0},{"not_picked":["hexamod:ThirdSeal","hexamod:SecondSeal"],"picked":"hexamod:SixthSeal","floor":21.0},{"not_picked":["hexamod:ChargedBarrage","hexamod:SecondSeal"],"picked":"hexamod:RetreatToShadows","floor":21.0},{"not_picked":["hexamod:FirstSeal","hexamod:ThirdSeal"],"picked":"hexamod:SecondSeal","floor":21.0},{"not_picked":["hexamod:FlamesFromBeyond","hexamod:Hexaguard","hexamod:NightmareStrike"],"picked":"SKIP","floor":21.0},{"not_picked":["hexamod:FirstSeal","hexamod:SecondSeal"],"picked":"hexamod:FourthSeal","floor":22.0},{"not_picked":["hexamod:FirstSeal","hexamod:SecondSeal"],"picked":"hexamod:FourthSeal","floor":22.0},{"not_picked":["hexamod:WildfireWeapon","hexamod:ThermalTransfer"],"picked":"hexamod:ThirdSeal","floor":22.0},{"not_picked":["hexamod:HauntingEcho","hexamod:Firestarter+1"],"picked":"hexamod:GhostShield+1","floor":22.0},{"not_picked":["hexamod:GhostShield","hexamod:BurningTouch"],"picked":"hexamod:RainOfEmbers+1","floor":22.0},{"not_picked":["hexamod:ThirdSeal","hexamod:FirstSeal","hexamod:SixthSeal"],"picked":"hexamod:FourthSeal","floor":25.0},{"not_picked":["hexamod:SecondSeal","hexamod:FourthSeal","hexamod:ThirdSeal"],"picked":"hexamod:SixthSeal","floor":26.0},{"not_picked":["hexamod:RainOfEmbers","hexamod:ExtraCrispy","hexamod:GhostLash","hexamod:InspiringFlames"],"picked":"SKIP","floor":26.0},{"not_picked":["hexamod:NightmareStrike","hexamod:InspiringFlames","hexamod:SecondSeal","hexamod:BurningTouch"],"picked":"SKIP","floor":26.0},{"not_picked":["hexamod:Hexaguard","hexamod:PhantomFireball","hexamod:SecondSeal"],"picked":"hexamod:StepThrough","floor":29.0},{"not_picked":["hexamod:AdvancingGuard","hexamod:DynamicBlow","hexamod:BurningTouch+1"],"picked":"hexamod:GiftsFromTheDead","floor":29.0},{"not_picked":["hexamod:GhostLash+1","hexamod:SwordOfDarkness","hexamod:NightmareGuise","hexamod:BacktrackSmack"],"picked":"SKIP","floor":32.0},{"not_picked":["hexamod:GhostflameBarrier","hexamod:InspiringFlames","hexamod:GhostShield","hexamod:GhostLash"],"picked":"SKIP","floor":32.0},{"not_picked":["hexamod:TimeWarp","hexamod:SixthSeal","hexamod:VolcanoVisage"],"picked":"hexamod:HexaLevel","floor":33.0},{"not_picked":["hexamod:ParanormalForm","hexamod:VolcanoVisage","hexamod:ApocalypticArmor"],"picked":"hexamod:FifthSeal","floor":33.0},{"not_picked":["hexamod:FourthSeal","hexamod:SixthSeal","hexamod:FirstSeal"],"picked":"hexamod:SecondSeal","floor":36.0},{"not_picked":["hexamod:CatchUp","hexamod:Firestarter","hexamod:Hexaguard","hexamod:SuperheatedStrike"],"picked":"SKIP","floor":36.0},{"not_picked":["hexamod:SpectralAdrenaline+1","hexamod:HauntingEcho+1","hexamod:ExtraCrispy","hexamod:GhostShield"],"picked":"SKIP","floor":36.0},{"not_picked":["hexamod:FourthSeal","hexamod:SixthSeal","hexamod:ThirdSeal"],"picked":"hexamod:FirstSeal","floor":37.0},{"not_picked":["hexamod:Firestarter","hexamod:ShieldOfDarkness","hexamod:EtherealExpedition+1","hexamod:HauntingEcho"],"picked":"SKIP","floor":37.0},{"not_picked":["hexamod:GhostOfSpirePresent","hexamod:ChargedBarrage","hexamod:ShieldOfDarkness","hexamod:SpectersWail"],"picked":"SKIP","floor":38.0},{"not_picked":["hexamod:Firestarter","hexamod:Haunt","hexamod:FirstSeal","hexamod:SpectralAdrenaline"],"picked":"SKIP","floor":39.0},{"not_picked":["hexamod:Firestarter","hexamod:ThermalTransfer","hexamod:ChargedBarrage"],"picked":"hexamod:RecurringNightmare+1","floor":43.0},{"not_picked":["hexamod:GhostShield","hexamod:InspiringFlames","hexamod:HeatShield","hexamod:ThermalTransfer+1"],"picked":"SKIP","floor":44},{"not_picked":["hexamod:HeatCrush+1","hexamod:VolcanoVisage","hexamod:NightmareStrike"],"picked":"hexamod:Haunt","floor":45},{"not_picked":["hexamod:HauntingEcho+1","hexamod:SecondSeal","hexamod:ThirdSeal","hexamod:BurningTouch+1"],"picked":"SKIP","floor":47},{"not_picked":["hexamod:SixthSeal","hexamod:Firestarter","hexamod:HauntingEcho+1"],"picked":"hexamod:GhostOfSpirePresent","floor":48},{"not_picked":["hexamod:SuperheatedStrike+1","hexamod:ThermalTransfer","hexamod:BurningTouch"],"picked":"hexamod:PowerFromBeyond+1","floor":49},{"not_picked":["hexamod:GhostflameBarrier+1","hexamod:RetreatToShadows","hexamod:GhostShield","hexamod:FifthSeal"],"picked":"SKIP","floor":52}],"player_experience":3185393,"relics_obtained":[{"floor":7.0,"key":"Meat on the Bone"},{"floor":14.0,"key":"Pen Nib"},{"floor":24.0,"key":"Question Card"},{"floor":25.0,"key":"Red Mask"},{"floor":43.0,"key":"Shovel"},{"floor":45,"key":"Mercury Hourglass"},{"floor":52,"key":"Anchor"},{"floor":54,"key":"White Beast Statue"}],"event_choices":[{"damage_healed":0.0,"max_hp_gain":0.0,"max_hp_loss":0.0,"gold_gain":0.0,"event_name":"Scrap Ooze","player_choice":"Success","floor":3.0,"gold_loss":0.0,"damage_taken":5.0,"relics_obtained":["PreservedInsect"]},{"damage_healed":0.0,"max_hp_gain":0.0,"max_hp_loss":0.0,"gold_gain":0.0,"cards_transformed":["hexamod:Strike"],"event_name":"Living Wall","player_choice":"Change","floor":5.0,"gold_loss":0.0,"damage_taken":0.0,"cards_obtained":["hexamod:Incineration"]},{"cards_removed":["hexamod:Strike"],"damage_healed":0.0,"max_hp_gain":0.0,"max_hp_loss":0.0,"gold_gain":0.0,"event_name":"Bonfire Elementals","player_choice":"Offered Basic","floor":20.0,"gold_loss":0.0,"damage_taken":0.0},{"damage_healed":0.0,"max_hp_gain":0.0,"max_hp_loss":0.0,"gold_gain":0.0,"event_name":"Masked Bandits","player_choice":"Fought Bandits","floor":25.0,"gold_loss":0.0,"damage_taken":0.0},{"damage_healed":0.0,"max_hp_gain":0.0,"max_hp_loss":0.0,"gold_gain":0.0,"event_name":"Vampires","player_choice":"Ignored","floor":31.0,"gold_loss":0.0,"damage_taken":0.0}],"is_beta":false,"boss_relics":[{"not_picked":["Sozu","SlaversCollar"],"picked":"sneckomod:SneckoTalon"},{"not_picked":["SacredBark","Cursed Key"],"picked":"Coffee Dripper"}],"items_purged_floors":[9,27],"is_endless":false,"potions_floor_spawned":[14,16,19,22,32,36,39,45,47,48],"ascension_level":20}}