{"host":"hbmugw1tcdgjy91l","time":1610598628,"event":{"mods":["Act Like it!","Arknights The Spire","BaseMod","Chen","Downfall","Gensokyo","Gremlin Mod","GungeonMod","Lobotomy","LobotomyExtend","Mari Mod (Legacy)","Mari\u0027s V1 Patch","Minty Spire (QoL Compilation)","Pale of the Ancients","Prisma Mod","READ ME - Guardian Mod","Replay The Spire","StSLib","Td1madao Mod","TestMod","The Animator","The Bug Knight","The Mystic","WarShipGirlsR/战舰少女R mod","vexMod","【功能Mod】混沌之环修复补丁"],"gold_per_floor":[111,111,129,14,87,112,112,112,163,244,244,244,244],"floor_reached":12,"language":"ZHS","playtime":837,"items_purged":[],"score":74,"play_id":"2291dceb-6745-4413-af7f-351d69b80ce4","local_time":"20210114123028","is_ascension_mode":false,"campfire_choices":[{"floor":8,"key":"REST"},{"data":"ats:Healing Strengthening","floor":11,"key":"SMITH"}],"circlet_count":0,"master_deck":["ats:Strike C","ats:Strike G","ats:Strike S","ats:Strike V","ats:Armor Crushing Shot","ats:Defend+1","ats:Defend+1","ats:Defend+1","ats:Defend+1","ats:Emotion Absorption","ShyLook","ats:Consecutive Shot Auto","ats:Healing Strengthening+1","BeautyBeast","ats:Apocalypse"],"relics":["ats:Sanity","testmod-TestBox","CogitoBucket","LetterFromLob","FaceOfCleric","DemoMod:GnawedKey","ats:Originium","Blue Doll","Juzu Bracelet","Replay:Bottled Eggs"],"acts_visited":["Exordium"],"potions_floor_usage":[6,6],"damage_taken":[{"damage":2,"enemies":"Small Slimes","floor":1,"turns":4},{"damage":16,"enemies":"Cultist","floor":3,"turns":4},{"damage":57,"enemies":"3 Sentries","floor":6,"turns":17},{"damage":63,"enemies":"Gremlin Nob","floor":12,"turns":5}],"seed_played":"-1520160226655586419","potions_obtained":[{"floor":1,"key":"PowerPotion"},{"floor":3,"key":"LiquidMemories"},{"floor":7,"key":"SpeedPotion"}],"is_trial":false,"path_per_floor":["M","?","M","$","T","E","?","R","T","T","R","E"],"character_chosen":"DOCTOR_CLASS","items_purchased":["DemoMod:GnawedKey"],"campfire_rested":1,"item_purchase_floors":[4],"current_hp_per_floor":[70,70,55,55,55,4,4,26,26,26,26,0,0],"gold":244,"neow_bonus":"","is_daily":false,"chose_seed":false,"campfire_upgraded":1,"win_rate":0.0,"timestamp":1610598628,"path_taken":["M","?","?","$","?","E","?","R","T","?","R","E"],"items_purchased_type":["Relic"],"build_version":"2020-12-22","purchased_purges":0,"victory":false,"max_hp_per_floor":[72,72,73,73,73,74,74,74,74,74,74,74,74],"card_choices":[{"not_picked":["Bloodbath","CherryBlossoms"],"picked":"ShyLook","floor":1},{"not_picked":["ats:Beaten Up","ats:Hammer On"],"picked":"ats:Consecutive Shot Auto","floor":1},{"not_picked":["ats:Curse Doll","ats:Apocalypse"],"picked":"ats:Healing Strengthening","floor":3},{"not_picked":["Variant","WallGazer"],"picked":"BeautyBeast","floor":3},{"not_picked":["ats:Curse Doll","ats:Consecutive Shot Auto"],"picked":"ats:Apocalypse","floor":6}],"player_experience":438536,"relics_obtained":[{"floor":1,"key":"LetterFromLob"},{"floor":6,"key":"ats:Originium"},{"floor":6,"key":"Blue Doll"},{"floor":9,"key":"Juzu Bracelet"},{"floor":10,"key":"Replay:Bottled Eggs"}],"event_choices":[{"damage_healed":0,"gold_gain":0,"player_choice":"Trade","damage_taken":0,"relics_obtained":["FaceOfCleric"],"max_hp_gain":0,"max_hp_loss":0,"event_name":"FaceTrader","floor":2,"gold_loss":0}],"is_beta":false,"boss_relics":[],"items_purged_floors":[],"is_endless":false,"potions_floor_spawned":[1,3],"killed_by":"Gremlin Nob","ascension_level":0}}