{"host":"67b023zx83deun0a","time":1610646546,"event":{"mods":["BaseMod","Block Reminder","Minty Spire (QoL Compilation)","Relic Stats","StSLib"],"gold_per_floor":[13,23,40,53,153,187,205,205,205,225,243,261,272,300,300,402,402,419,433,433,433],"floor_reached":20,"language":"ENG","playtime":1130,"items_purged":[],"score":269,"play_id":"09c2c9e0-45c3-48bf-8429-556cd0684f7a","local_time":"20210114094906","is_ascension_mode":true,"campfire_choices":[{"floor":8.0,"key":"REST"},{"floor":15.0,"key":"REST"}],"circlet_count":0,"master_deck":["Strike_B","Strike_B","Strike_B","Defend_B","Defend_B","Defend_B","Zap","Dualcast","Chill","Streamline","Ball Lightning","Go for the Eyes","Core Surge","Steam+1","Conserve Battery+1","Coolheaded+1","Stack+1","Genetic Algorithm+1","Glacier+1","Multi-Cast+1","Doom and Gloom+1","Coolheaded+1"],"relics":["Cracked Core","Toxic Egg 2","Pen Nib","Dream Catcher","Nuclear Battery"],"acts_visited":["Exordium","TheCity"],"potions_floor_usage":[],"damage_taken":[{"damage":8.0,"enemies":"2 Louse","floor":1.0,"turns":3.0},{"damage":0.0,"enemies":"Cultist","floor":2.0,"turns":4.0},{"damage":13.0,"enemies":"Jaw Worm","floor":3.0,"turns":4.0},{"damage":5.0,"enemies":"Looter","floor":4.0,"turns":3.0},{"damage":23.0,"enemies":"Gremlin Nob","floor":6.0,"turns":4.0},{"damage":2.0,"enemies":"2 Fungi Beasts","floor":7.0,"turns":3.0},{"damage":0.0,"enemies":"3 Louse","floor":10.0,"turns":2.0},{"damage":1.0,"enemies":"Blue Slaver","floor":11.0,"turns":3.0},{"damage":5.0,"enemies":"Large Slime","floor":12.0,"turns":6.0},{"damage":4.0,"enemies":"Exordium Thugs","floor":13.0,"turns":4.0},{"damage":14.0,"enemies":"Lagavulin","floor":14.0,"turns":7.0},{"damage":34.0,"enemies":"Slime Boss","floor":16.0,"turns":11.0},{"damage":2.0,"enemies":"Shell Parasite","floor":18.0,"turns":5.0},{"damage":1.0,"enemies":"Spheric Guardian","floor":19.0,"turns":6.0},{"damage":0,"enemies":"Cultist and Chosen","floor":20,"turns":1}],"seed_played":"-7052176141218143843","potions_obtained":[{"floor":1.0,"key":"FairyPotion"},{"floor":2.0,"key":"PowerPotion"},{"floor":10.0,"key":"Energy Potion"},{"floor":14.0,"key":"FocusPotion"},{"floor":18.0,"key":"Ancient Potion"}],"is_trial":false,"path_per_floor":["M","M","M","M","?","E","M","R","T","M","M","M","M","E","R","B",null,"M","M","M"],"character_chosen":"DEFECT","items_purchased":[],"campfire_rested":2,"item_purchase_floors":[],"current_hp_per_floor":[60,60,47,42,42,19,17,39,39,39,38,33,29,15,37,3,57,55,54,54,54],"gold":433,"neow_bonus":"REMOVE_TWO","is_daily":false,"chose_seed":false,"campfire_upgraded":0,"win_rate":0.0,"timestamp":1610646546,"path_taken":["M","M","M","M","?","E","M","R","T","M","M","M","M","E","R","BOSS","M","M","M"],"items_purchased_type":[],"build_version":"2020-12-22","purchased_purges":0,"victory":false,"max_hp_per_floor":[75,75,75,75,75,75,75,75,75,75,75,75,75,75,75,75,75,75,75,75,75],"relic_stats":{"Dream Catcher":1,"counters":[15,66],"Pen Nib":[5],"obtain_stats":[{"Dream Catcher":14,"Pen Nib":9,"Toxic Egg 2":6,"Cracked Core":0,"Nuclear Battery":17},{"Dream Catcher":11,"Pen Nib":6,"Toxic Egg 2":5,"Cracked Core":0,"Nuclear Battery":12},{"Dream Catcher":43,"Pen Nib":21,"Toxic Egg 2":18,"Cracked Core":0,"Nuclear Battery":54}]},"card_choices":[{"not_picked":["Hologram","Redo"],"picked":"Chill","floor":1.0},{"not_picked":["Cold Snap","Redo"],"picked":"Streamline","floor":2.0},{"not_picked":["Aggregate","Darkness"],"picked":"Ball Lightning","floor":3.0},{"not_picked":["Sunder","Double Energy"],"picked":"Go for the Eyes","floor":4.0},{"not_picked":["Go for the Eyes","Hologram+1"],"picked":"Core Surge","floor":6.0},{"not_picked":["Ball Lightning","Conserve Battery+1"],"picked":"Steam+1","floor":7.0},{"not_picked":["Ball Lightning","Barrage"],"picked":"Conserve Battery+1","floor":10.0},{"not_picked":["Sweeping Beam","Stack+1"],"picked":"Coolheaded+1","floor":11.0},{"not_picked":["White Noise+1","Leap+1"],"picked":"Stack+1","floor":12.0},{"not_picked":["Scrape","Go for the Eyes","Gash"],"picked":"SKIP","floor":13.0},{"not_picked":["Auto Shields+1","Compile Driver"],"picked":"Genetic Algorithm+1","floor":14.0},{"not_picked":["Static Discharge","Rip and Tear"],"picked":"Glacier+1","floor":15.0},{"not_picked":["Hyperbeam","Amplify+1"],"picked":"Multi-Cast+1","floor":16.0},{"not_picked":["White Noise+1","Compile Driver"],"picked":"Doom and Gloom+1","floor":18.0},{"not_picked":["Barrage","Turbo+1"],"picked":"Coolheaded+1","floor":19.0}],"player_experience":349897,"relics_obtained":[{"floor":6.0,"key":"Toxic Egg 2"},{"floor":9.0,"key":"Pen Nib"},{"floor":14.0,"key":"Dream Catcher"}],"event_choices":[{"damage_healed":0.0,"max_hp_gain":0.0,"max_hp_loss":0.0,"gold_gain":100.0,"event_name":"Golden Shrine","player_choice":"Pray","floor":5.0,"gold_loss":0.0,"damage_taken":0.0}],"is_beta":false,"boss_relics":[{"not_picked":["Tiny House","Pandora\u0027s Box"],"picked":"Nuclear Battery"}],"items_purged_floors":[],"is_endless":false,"potions_floor_spawned":[1,2,10,13,14,18],"killed_by":"Cultist and Chosen","ascension_level":8}}