{"host":"appz8zkad29u9482","time":1610601717,"event":{"mods":["2.2 Compatiblity","Act Like it!","Aspiration","BaseMod","Beaked The Cultist","Better Altar","Better Match","Better Note","Better Skull","Better Third Choice","BetterRewards","CapriCore","Conspire","Disable Question Mark Monsters","Energized Spire","Gensokyo","GifTheSpireLib","Gold Saver","Halation","Hermit","Hubris","Infinite Spire","Jedi Mod","Marisa????????","Minty Spire (QoL Compilation)","Permanent Neow","Reimu??????","Replay The Spire","Somnambulant","Spicy Shops","StSLib","Strawberry Spire","Stuff the Spire","The Administrix","The Animator","The Cursed","The Hierophant","The Immortal","yUi"],"gold_per_floor":[624,368,380,380,85,114,114,140,166,166,199,209,209,189,189,290,290,305,265,265,250,250,250,282,282,282,282,295,308,342,292,292,292,292],"floor_reached":33,"language":"ENG","playtime":1752,"items_purged":[],"score":340,"play_id":"2ccd6e6f-f2e1-4d58-bd76-4957d6ec9599","local_time":"20210113192157","is_ascension_mode":true,"campfire_choices":[{"data":"hubris:DuctTapeCard","floor":7,"key":"SMITH"},{"data":"FlurryOfBlows","floor":10,"key":"SMITH"},{"floor":15,"key":"REST"},{"data":"Replay:LoomingThreat","floor":23,"key":"SMITH"},{"data":"ForeignInfluence","floor":25,"key":"SMITH"},{"floor":32,"key":"REST"}],"circlet_count":0,"master_deck":["Strike_P","Strike_P","Strike_P","Strike_P","Defend_P","Defend_P","Defend_P","Defend_P","Eruption+1","FlurryOfBlows+1","hubris:DuctTapeCard+2","EmptyBody+1","DeusExMachina","FearNoEvil","ForeignInfluence+1","Replay:LoomingThreat+1","Gensokyo:UnhurriedMind","CarveReality+1","ZunPunch:ReiMu+1","FlyingSleeves+1","Pray+1","Sickly","Vengeance+1","Establishment","conspire:SpireCoStock"],"relics":["PureWater","Quantum Egg","hubris:DuctTape","StuffTheSpire:RubySignet","PreservedInsect","Ornamental Fan","Anchor","beaked:SacredDeck","aspiration:RitualStick","Torii","Molten Egg 2","Ring of Hypnosis","Ring of Panic","Juzu Bracelet"],"acts_visited":["Exordium","TheCity"],"potions_floor_usage":[16,18,29],"damage_taken":[{"damage":0,"enemies":"Cultist","floor":1,"turns":3},{"damage":1,"enemies":"conspire:RoseBush","floor":3,"turns":3},{"damage":18,"enemies":"Replay:BlueRogue","floor":6,"turns":5},{"damage":10,"enemies":"strawberrySpire:EnergyPylons","floor":8,"turns":5},{"damage":1,"enemies":"Lagavulin","floor":11,"turns":3},{"damage":0,"enemies":"Small Slimes","floor":12,"turns":3},{"damage":6,"enemies":"Fading Forest","floor":16,"turns":11},{"damage":10,"enemies":"conspire:FuzzyDice","floor":18,"turns":6},{"damage":0,"enemies":"Spheric Guardian","floor":21,"turns":1},{"damage":0,"enemies":"Replay:Snechameleon","floor":24,"turns":3},{"damage":1,"enemies":"Snake Plant","floor":28,"turns":2},{"damage":8,"enemies":"Centurion and Healer","floor":29,"turns":3},{"damage":29,"enemies":"strawberrySpire:AncientClocktower","floor":30,"turns":6},{"damage":41,"enemies":"hubris:MusketHawk","floor":33,"turns":2}],"seed_played":"4932256277410130743","potions_obtained":[{"floor":6,"key":"SteroidPotion"},{"floor":8,"key":"Fire Potion"},{"floor":14,"key":"conspire:TimeTravelPotion"},{"floor":16,"key":"Adrenaline Potion"},{"floor":28,"key":"ColorlessPotion"},{"floor":29,"key":"SkillPotion"},{"floor":30,"key":"BlessingOfTheForge"}],"is_trial":false,"path_per_floor":["M","$","M","?","$","E","R","E","T","R","E","M","?","?","R","B",null,"M","?","?","M","?","R","E","R","T","?","M","M","E","?","R","B"],"character_chosen":"WATCHER","items_purchased":["Quantum Egg","hubris:DuctTape","EmptyBody+1"],"campfire_rested":2,"item_purchase_floors":[2,5,5],"current_hp_per_floor":[79,79,78,78,78,60,60,50,50,50,49,49,37,37,60,66,79,69,69,69,69,53,53,53,53,53,53,52,44,15,15,38,0,0],"gold":292,"neow_bonus":"TEN_PERCENT_HP_BONUS","is_daily":false,"chose_seed":false,"campfire_upgraded":4,"win_rate":0.0,"timestamp":1610601717,"path_taken":["M","$","?","?","$","E","R","E","T","R","E","?","?","?","R","BOSS","M","?","?","?","?","R","E","R","T","?","M","M","E","?","R","BOSS"],"items_purchased_type":["Relic","Relic","Card"],"build_version":"2020-12-22","purchased_purges":0,"victory":false,"max_hp_per_floor":[79,79,79,79,79,79,79,79,79,79,79,79,79,79,79,79,79,79,79,79,79,79,79,79,79,79,79,79,79,79,79,79,79,79],"card_choices":[{"not_picked":["PathToVictory","ThirdEye"],"picked":"FlurryOfBlows","floor":1},{"not_picked":["FlurryOfBlows","EmptyFist"],"picked":"Vengeance","floor":3},{"not_picked":["Vengeance","EmptyMind"],"picked":"DeusExMachina","floor":6},{"not_picked":["Replay:DivineShield","Protect","Replay:Hum"],"picked":"SKIP","floor":8},{"not_picked":["EmptyMind","Evaluate"],"picked":"FearNoEvil","floor":11},{"not_picked":["Replay:ManipulateFuture","Replay:DivineShield"],"picked":"ForeignInfluence","floor":12},{"not_picked":["jedi:nirvanicrebirth","MasterReality"],"picked":"Replay:LoomingThreat","floor":16},{"not_picked":["ClearTheMind","JustLucky"],"picked":"CarveReality+1","floor":18},{"not_picked":["FearNoEvil","Replay:BluntJabs"],"picked":"FlyingSleeves+1","floor":21},{"not_picked":["Replay:AtTheReady+1","Evaluate"],"picked":"Pray+1","floor":24},{"not_picked":["ThirdEye","Nirvana"],"picked":"Vengeance+1","floor":28},{"not_picked":["FearNoEvil+1","Vengeance","Replay:ManipulateFuture"],"picked":"SKIP","floor":29},{"not_picked":["FlurryOfBlows+1","Prostrate"],"picked":"Establishment","floor":30}],"player_experience":564970,"relics_obtained":[{"floor":6,"key":"StuffTheSpire:RubySignet"},{"floor":8,"key":"PreservedInsect"},{"floor":11,"key":"Ornamental Fan"},{"floor":24,"key":"Torii"},{"floor":26,"key":"Molten Egg 2"},{"floor":27,"key":"Ring of Hypnosis"},{"floor":27,"key":"Ring of Panic"},{"floor":30,"key":"Juzu Bracelet"}],"event_choices":[{"damage_healed":0,"gold_gain":0,"player_choice":"Upgraded","damage_taken":0,"max_hp_gain":0,"max_hp_loss":0,"event_name":"Upgrade Shrine","floor":4,"gold_loss":0,"cards_upgraded":["Eruption"]},{"damage_healed":0,"gold_gain":1,"player_choice":"Relic ","damage_taken":12,"max_hp_gain":0,"max_hp_loss":0,"event_name":"betterThird:BetterScrap","floor":13,"gold_loss":0,"cards_obtained":["strawberrySpire:CrashLanding"]},{"damage_healed":0,"gold_gain":0,"player_choice":"Bought 1 Potion","damage_taken":0,"max_hp_gain":0,"max_hp_loss":0,"event_name":"The Woman in Blue","floor":14,"gold_loss":0},{"damage_healed":0,"gold_gain":0,"player_choice":"Hand rover O-miki","damage_taken":0,"max_hp_gain":0,"max_hp_loss":0,"event_name":"ZunEvent","floor":19,"relics_lost":["ZunR:ReiMu"],"gold_loss":0,"cards_obtained":["ZunPunch:ReiMu"]},{"damage_healed":0,"gold_gain":0,"player_choice":"Upgraded","damage_taken":0,"max_hp_gain":0,"max_hp_loss":0,"event_name":"Upgrade Shrine","floor":20,"gold_loss":0,"cards_upgraded":["ZunPunch:ReiMu"]},{"damage_healed":0,"gold_gain":0,"player_choice":"Invest 1","damage_taken":0,"max_hp_gain":0,"max_hp_loss":0,"event_name":"conspire:Investor","floor":31,"gold_loss":0}],"is_beta":false,"boss_relics":[{"not_picked":["halation:PinkAlligatorPlush","jedi:paperlyon"],"picked":"beaked:SacredDeck"}],"items_purged_floors":[],"is_endless":false,"potions_floor_spawned":[6,8,16,28,29,30],"killed_by":"hubris:MusketHawk","ascension_level":1}}