{"host":"9jj9tzo2iym4bpat","time":1610663605,"event":{"mods":["Act Like it!","BaseMod","CapriCore","Dark Map","Luminous","Marisa????????","Minty Spire (QoL Compilation)","Permanent Neow","StSLib","Td1madao Mod","The Animator","The Immortal","The Marked","The Servant 0.9.4","Yakumo Yukari mod"],"gold_per_floor":[134,134,149,224,236,21,50,50,50,50,24,24,24,40,40,141,141,141,141,141,69,69,69,69,69,69,22,22,22,22,22,22,22,22,22,22,22,22,0,0,0,0,0,0,0,0,0],"floor_reached":46,"language":"ENG","playtime":2567,"items_purged":[],"score":445,"play_id":"d9b19dfb-9ae8-479d-9399-d083ce0ee05d","local_time":"20210114163325","is_ascension_mode":false,"campfire_choices":[{"floor":10,"key":"REST"},{"data":"ContainerChange_purple","floor":12,"key":"SMITH"},{"floor":15,"key":"REST"},{"floor":23,"key":"REST"},{"floor":25,"key":"REST"},{"floor":30,"key":"REST"},{"floor":32,"key":"REST"},{"floor":40,"key":"REST"}],"circlet_count":0,"master_deck":["AT_purpleEX","AT_purpleEX","Defend_purpleEX","Defend_purpleEX","Defend_purpleEX","Defend_purpleEX","Observe_purple_1","Observe_purple_2","ContainerChange_purple+1","RuleDissolution_purple","Shallow_ocean_purpleEX","OmniscientAndOmnipotent_Monster_purple","Nest_LightFlightworm_purple","SharpContractionReality_purple","Fantasy_PerpetualMotionMachine_purple","Umbrella_purple","Line_surface_state_purple","D_absorption_purple","WangLiang_LineAndCurveDreams_purple","PurpleNeedle_purple","Line_surface_state_purple","Boundary_of_Extermination_purpleEX","AdvanceAttack_purple","AdvanceAttack_purple","Line_surface_state_purple+1","MetroBOOM_purple","GluttonyofRealm_purpleEX","Writhe","Shallow_ocean_purpleEX+1","MeetDecomposer_purple+1","Mirror_FormAndEmptin_purple","ExternalForce_HighSpeedFlying_purple+1"],"relics":["Boundary_crack","Memoryfragments_purpleEX","Sundial","Bottled Flame","Ectoplasm","Gremlin Horn","Fusion Hammer","Red Mask","Vajra"],"acts_visited":["Exordium","TheCity","TheBeyond"],"potions_floor_usage":[22,22,46],"damage_taken":[{"damage":5,"enemies":"2 Louse","floor":1,"turns":3},{"damage":12,"enemies":"Small Slimes","floor":3,"turns":7},{"damage":7,"enemies":"Jaw Worm","floor":5,"turns":5},{"damage":38,"enemies":"Lagavulin","floor":7,"turns":7},{"damage":9,"enemies":"Blue Slaver","floor":14,"turns":5},{"damage":19,"enemies":"The Guardian","floor":16,"turns":10},{"damage":22,"enemies":"Spheric Guardian","floor":18,"turns":5},{"damage":10,"enemies":"Shell Parasite","floor":20,"turns":5},{"damage":36,"enemies":"Shelled Parasite and Fungi","floor":22,"turns":8},{"damage":9,"enemies":"3 Cultists","floor":24,"turns":8},{"damage":9,"enemies":"Sentry and Sphere","floor":28,"turns":4},{"damage":17,"enemies":"Snake Plant","floor":29,"turns":5},{"damage":42,"enemies":"Collector","floor":33,"turns":13},{"damage":15,"enemies":"Orb Walker","floor":35,"turns":3},{"damage":22,"enemies":"3 Darklings","floor":37,"turns":5},{"damage":16,"enemies":"Maw","floor":38,"turns":9},{"damage":30,"enemies":"Transient","floor":41,"turns":5},{"damage":0,"enemies":"Sphere and 2 Shapes","floor":42,"turns":1},{"damage":28,"enemies":"Jaw Worm Horde","floor":46,"turns":2}],"seed_played":"-1312613631319134930","potions_obtained":[{"floor":1,"key":"Strength Potion"},{"floor":16,"key":"Weak Potion"},{"floor":18,"key":"Energy Potion"},{"floor":35,"key":"Strength Potion"},{"floor":41,"key":"Weak Potion"}],"is_trial":false,"path_per_floor":["M","?","M","?","M","$","E","?","T","R","$","R","?","M","R","B",null,"M","?","M","$","M","R","M","R","T","$","M","M","R","$","R","B",null,"M","?","M","M","?","R","M","M","T","?","?","M"],"character_chosen":"Youkari","items_purchased":["Nest_LightFlightworm_purple","SharpContractionReality_purple","Fantasy_PerpetualMotionMachine_purple","Line_surface_state_purple","Boundary_of_Extermination_purpleEX","AdvanceAttack_purple"],"campfire_rested":7,"item_purchase_floors":[6,6,6,11,21,27],"current_hp_per_floor":[66,66,59,48,44,44,10,27,27,48,48,48,48,41,61,44,67,50,50,42,42,9,29,21,41,41,41,33,19,39,39,59,18,67,55,70,49,34,34,55,25,25,25,25,25,0,0],"gold":0,"neow_bonus":"ONE_RANDOM_RARE_CARD","is_daily":false,"chose_seed":false,"campfire_upgraded":1,"win_rate":0.0,"timestamp":1610663605,"path_taken":["M","?","M","?","M","$","E","?","T","R","?","R","?","M","R","BOSS","M","?","M","$","M","R","M","R","T","$","?","M","R","$","R","BOSS","M","?","M","M","?","R","M","M","T","?","?","M"],"items_purchased_type":["Card","Card","Card","Card","Card","Card"],"build_version":"2020-12-22","purchased_purges":0,"victory":false,"max_hp_per_floor":[70,70,70,70,70,70,70,70,70,70,70,70,67,67,67,67,67,67,67,67,67,67,67,67,67,67,67,67,67,67,67,67,67,67,70,70,70,70,70,70,70,70,70,70,70,70,70],"card_choices":[{"not_picked":["Yakumo_Ran_purple","SfantasyHide_purple"],"picked":"RuleDissolution_purple","floor":1},{"not_picked":["SharpContractionReality_purple","RuleDissolution_purple"],"picked":"Shallow_ocean_purpleEX","floor":3},{"not_picked":["RuleDissolution_purple","Charmbait_purple"],"picked":"OmniscientAndOmnipotent_Monster_purple","floor":5},{"not_picked":["OmniscientAndOmnipotent_Monster_purple","Charmbait_purple"],"picked":"Umbrella_purple","floor":7},{"not_picked":["Line_surface_state_purple","StateErode_purple"],"picked":"D_absorption_purple","floor":14},{"not_picked":["Boundary_LifeAndDeath_purple","Price_of_realm_purpleEX"],"picked":"WangLiang_LineAndCurveDreams_purple","floor":16},{"not_picked":["StateDuplicate_purple","DimensionStaggered_purple"],"picked":"PurpleNeedle_purple","floor":18},{"not_picked":["SharpContractionReality_purple","WingOfChimera_purple"],"picked":"Line_surface_state_purple","floor":20},{"not_picked":["Boundary_LightAndDark_purple","MNeedle_purple"],"picked":"MeetDecomposer_purple","floor":22},{"not_picked":["Mirror_FormAndEmptin_purple","Realm_recovery_purpleEX"],"picked":"AdvanceAttack_purple","floor":24},{"not_picked":["Boundary_DynamicStaticEquilibrium_purple+1","BarrageBoundary_PipeDream_purple"],"picked":"Line_surface_state_purple+1","floor":28},{"not_picked":["StateErode_purple","Realm_recovery_purpleEX+1"],"picked":"MetroBOOM_purple","floor":29},{"not_picked":["WangLiang_OokamiKakushi_purple","Human_Monster_Realm_purple"],"picked":"GluttonyofRealm_purpleEX","floor":33},{"not_picked":["Realm_recovery_purpleEX+1","ExistenceContinue_purple","WatchEChange_purple"],"picked":"SKIP","floor":35},{"not_picked":["WatchEChange_purple","Umbrella_purple"],"picked":"Shallow_ocean_purpleEX+1","floor":37},{"not_picked":["Realm_recovery_purpleEX+1","Line_surface_state_purple+1"],"picked":"MeetDecomposer_purple+1","floor":38},{"not_picked":["WeekHit_purple","MeetDecomposer_purple+1"],"picked":"Mirror_FormAndEmptin_purple","floor":41},{"not_picked":["MeetDecomposer_purple","OpenedBox_purple"],"picked":"ExternalForce_HighSpeedFlying_purple+1","floor":42}],"player_experience":238379,"relics_obtained":[{"floor":7,"key":"Sundial"},{"floor":9,"key":"Bottled Flame"},{"floor":26,"key":"Gremlin Horn"},{"floor":43,"key":"Vajra"}],"event_choices":[{"damage_healed":0,"gold_gain":0,"player_choice":"Ignored","damage_taken":0,"max_hp_gain":0,"max_hp_loss":0,"event_name":"Golden Wing","floor":2,"gold_loss":0},{"damage_healed":0,"gold_gain":75,"player_choice":"Gather Gold","damage_taken":11,"max_hp_gain":0,"max_hp_loss":0,"event_name":"World of Goop","floor":4,"gold_loss":0},{"damage_healed":17,"gold_gain":0,"player_choice":"Healed and dodged fight","damage_taken":0,"max_hp_gain":0,"max_hp_loss":0,"event_name":"Mushrooms","floor":8,"gold_loss":0,"cards_obtained":["Parasite"]},{"cards_removed":["Parasite"],"damage_healed":0,"gold_gain":0,"player_choice":"Removed Curses","damage_taken":0,"max_hp_gain":0,"max_hp_loss":0,"event_name":"Fountain of Cleansing","floor":13,"gold_loss":0},{"cards_removed":["AT_purpleEX"],"damage_healed":0,"gold_gain":0,"player_choice":"Purged","damage_taken":0,"max_hp_gain":0,"max_hp_loss":0,"event_name":"Purifier","floor":19,"gold_loss":0},{"damage_healed":18,"gold_gain":0,"player_choice":"Writhe","damage_taken":0,"max_hp_gain":0,"max_hp_loss":0,"event_name":"Winding Halls","floor":36,"gold_loss":0,"cards_obtained":["Writhe"]},{"damage_healed":0,"gold_gain":0,"player_choice":"Paid","damage_taken":0,"relics_obtained":["Red Mask"],"max_hp_gain":0,"max_hp_loss":0,"event_name":"Tomb of Lord Red Mask","floor":39,"gold_loss":22},{"cards_removed":["MeetDecomposer_purple"],"damage_healed":0,"gold_gain":0,"player_choice":"Removed Skill","damage_taken":0,"max_hp_gain":0,"max_hp_loss":0,"event_name":"Falling","floor":44,"gold_loss":0},{"cards_removed":["AT_purpleEX"],"damage_healed":0,"gold_gain":0,"player_choice":"Offered Basic","damage_taken":0,"max_hp_gain":0,"max_hp_loss":0,"event_name":"Bonfire Elementals","floor":45,"gold_loss":0}],"is_beta":false,"boss_relics":[{"not_picked":["Philosopher\u0027s Stone","Velvet Choker"],"picked":"Ectoplasm"},{"not_picked":["Cursed Key","Black Star"],"picked":"Fusion Hammer"}],"items_purged_floors":[],"is_endless":false,"potions_floor_spawned":[1,16,18,20,35,41],"killed_by":"Jaw Worm Horde","ascension_level":0}}