{"host":"17xjy7b7ubl548g2","time":1610610838,"event":{"mods":["2.2 Compatiblity","Act Like it!","Aspiration","Astrologer","Bard","BaseMod","Bestiary","Challenge The Spire","ChefMod","Colored Map","Conspire","Elementarium","Energized Spire","Gensokyo","GifTheSpireLib","Halation","Hallownest","Hubris","Infinite Spire","Jedi Mod","Jorbs\u0027s Wanderer Trilogy","Marisa（霧雨　魔理沙）","Marked Mod","Menagerie","Minty Spire (QoL Compilation)","Pale of the Ancients","Permanent Neow","Puzzle Mod","Replay The Spire","Robot Space Explorer","Spicy Shops","StSLib","Stuff the Spire","The Blue Laboratory","The Bug Knight","The Construct","The Disciple","The Factory","The Hayseed","The Hierophant","The Marked","The Runesmith","The Sage","TheFirefly"],"gold_per_floor":[110,110,130,130,145,145,163,163,163,194,23,34,34,53,53,125,125,143,156,175,175,190,190,206,232,232,259,274,274,301,317,317,389,389,406,420,420,431,19,19,19,19,45,57,73,73,73,84,84,84],"floor_reached":51,"language":"ENG","playtime":4406,"items_purged":["Strike_R","Strike_R"],"score":1285,"play_id":"b38ebd67-15e4-4566-9bab-f9a215c9ecc3","local_time":"20210114025358","is_ascension_mode":true,"campfire_choices":[{"data":"Uppercut","floor":6.0,"key":"SMITH"},{"data":"Sword Boomerang","floor":8.0,"key":"SMITH"},{"data":"Armaments","floor":13.0,"key":"SMITH"},{"data":"Iron Wave","floor":15.0,"key":"SMITH"},{"floor":23.0,"key":"REST"},{"data":"ReplayTheSpireMod:Limb From Limb","floor":40,"key":"SMITH"},{"data":"Fiend Fire","floor":42,"key":"SMITH"},{"data":"Offering","floor":46,"key":"SMITH"},{"data":"Anger","floor":49,"key":"SMITH"}],"circlet_count":0,"master_deck":["AscendersBane","Strike_R","Strike_R","Defend_R","Defend_R","Defend_R","Defend_R","Bash+1","ReplayTheSpireMod:Limb From Limb+1","conspire:ExplosiveBarrier","Uppercut+1","Sword Boomerang+1","Armaments+1","Iron Wave+1","jedi:harder+1","Anger+1","Shrug It Off","Shrug It Off","Sword Boomerang+1","Seeing Red+1","Impervious","Shrug It Off","Pommel Strike","Offering+1","Thunderclap+1","Spot Weakness+1","Fiend Fire+1","Shrug It Off+1"],"relics":["Burning Blood","Mirror","hubris:Spice","hubris:VirtuousBlindfold","Chameleon Ring","Ancient Tea Set","infinitespire:Eraser","Tiny Chest","hubris:RunicObelisk","halation:PinkSoulGem","infinitespire:BottledMercury"],"acts_visited":["Exordium","TheCity","TheBeyond"],"potions_floor_usage":[36,50],"damage_taken":[{"damage":6.0,"enemies":"Cultist","floor":1.0,"turns":3.0},{"damage":6.0,"enemies":"2 Louse","floor":3.0,"turns":3.0},{"damage":12.0,"enemies":"Jaw Worm","floor":5.0,"turns":3.0},{"damage":6.0,"enemies":"Exordium Wildlife","floor":7.0,"turns":3.0},{"damage":49.0,"enemies":"HollowMod:MossKnight","floor":10.0,"turns":10.0},{"damage":6.0,"enemies":"conspire:2 RoseBushes","floor":12.0,"turns":4.0},{"damage":3.0,"enemies":"Looter","floor":14.0,"turns":3.0},{"damage":24.0,"enemies":"The Guardian","floor":16.0,"turns":13.0},{"damage":25.0,"enemies":"conspire:FuzzyDice","floor":18.0,"turns":9.0},{"damage":0.0,"enemies":"Chosen","floor":19.0,"turns":2.0},{"damage":4.0,"enemies":"3 Cultists","floor":20.0,"turns":6.0},{"damage":8.0,"enemies":"Snake Plant","floor":22.0,"turns":4.0},{"damage":20.0,"enemies":"Centurion and Healer","floor":24.0,"turns":6.0},{"damage":36.0,"enemies":"conspire:Head Lice","floor":25.0,"turns":7.0},{"damage":8.0,"enemies":"conspire:SneckoGhost","floor":27.0,"turns":8.0},{"damage":1.0,"enemies":"Chosen and Byrds","floor":28.0,"turns":7.0},{"damage":2.0,"enemies":"Nightmare","floor":30.0,"turns":7.0},{"damage":6.0,"enemies":"Cultist and Chosen","floor":31.0,"turns":7.0},{"damage":16.0,"enemies":"Champ","floor":33.0,"turns":6.0},{"damage":6,"enemies":"3 Shapes","floor":35,"turns":3},{"damage":12,"enemies":"3 Darklings","floor":36,"turns":10},{"damage":0,"enemies":"Spire Growth","floor":38,"turns":3},{"damage":11,"enemies":"Writhing Mass","floor":44,"turns":3},{"damage":6,"enemies":"4 Shapes","floor":45,"turns":6},{"damage":9,"enemies":"3 Darklings","floor":48,"turns":2},{"damage":20,"enemies":"Awakened One","floor":50,"turns":7}],"seed_played":"2651479456407664103","potions_obtained":[{"floor":1.0,"key":"blueLaboratory:PyrophylliteBrew"},{"floor":5.0,"key":"blueLaboratory:LouseDecoction"},{"floor":12.0,"key":"Block Potion"},{"floor":16.0,"key":"blueLaboratory:AbyssPotion"},{"floor":18.0,"key":"AttackPotion"},{"floor":19.0,"key":"FearPotion"},{"floor":25.0,"key":"Languid Potion"},{"floor":30.0,"key":"blueLaboratory:BottleOfVodka"},{"floor":32.0,"key":"blueLaboratory:FruitPunch"},{"floor":32.0,"key":"Toxic Potion"},{"floor":33.0,"key":"blueLaboratory:Moonshine"},{"floor":36,"key":"GamblersBrew"},{"floor":45,"key":"Dexterity Potion"}],"is_trial":false,"path_per_floor":["M","?","M","?","M","R","M","R","T","E","$","M","R","M","R","B",null,"M","M","M","?","M","R","M","E","T","E","M","$","NM","M","R","B",null,"M","M","?","M","$","R","?","R","T","M","M","R","T","M","R","B",null],"character_chosen":"IRONCLAD","items_purchased":["Armaments","Iron Wave","hubris:Spice","infinitespire:BottledMercury"],"campfire_rested":1,"item_purchase_floors":[11,11,39,39],"current_hp_per_floor":[68,64,64,64,58,58,58,58,58,23,23,23,23,26,26,8,64,45,51,53,53,51,75,61,31,31,29,34,29,33,33,33,26,71,71,65,65,71,79,79,79,79,79,74,74,74,70,67,67,53],"gold":84,"neow_bonus":"UPGRADE_CARD","is_daily":false,"chose_seed":false,"campfire_upgraded":8,"win_rate":0.0,"timestamp":1610610838,"path_taken":["M","?","M","?","?","R","M","R","T","E","$","M","R","M","R","BOSS","M","M","M","?","M","R","M","E","T","E","M","?","NM","M","R","BOSS","M","M","?","M","$","R","?","R","T","M","?","R","?","M","R","BOSS"],"items_purchased_type":["Card","Card","Relic","Relic"],"build_version":"2020-12-22","purchased_purges":2,"victory":true,"max_hp_per_floor":[75,75,75,75,75,75,75,75,75,83,83,83,83,83,83,83,83,83,83,83,83,83,83,83,83,83,83,83,83,83,83,83,86,86,86,86,86,86,94,94,94,94,86,78,78,78,70,70,70,70],"card_choices":[{"not_picked":["Sword Boomerang","Perfected Strike"],"picked":"ReplayTheSpireMod:Limb From Limb","floor":1.0},{"not_picked":["jedi:fear","Perfected Strike"],"picked":"conspire:ExplosiveBarrier","floor":3.0},{"not_picked":["Twin Strike","Rupture"],"picked":"Uppercut","floor":5.0},{"not_picked":["Flex","Havoc"],"picked":"Sword Boomerang","floor":7.0},{"not_picked":["Wild Strike","StuffTheSpire:BloodClot","hubris:CleavingFinish"],"picked":"SKIP","floor":10.0},{"not_picked":["Warcry","Sword Boomerang","Massacre"],"picked":"SKIP","floor":12.0},{"not_picked":["jedi:controlledanger","hubris:SharpeningStone","Clash"],"picked":"SKIP","floor":14.0},{"not_picked":["Replay:Many Hands","Fiend Fire"],"picked":"jedi:harder","floor":16.0},{"not_picked":["Flex","ReplayTheSpireMod:Strike From Hell"],"picked":"Anger","floor":18.0},{"not_picked":["Perfected Strike","Second Wind"],"picked":"Shrug It Off","floor":19.0},{"not_picked":["ReplayTheSpireMod:Strike From Hell","StuffTheSpire:Resist"],"picked":"Shrug It Off","floor":20.0},{"not_picked":["Havoc","Replay:Undeath\u0027s Touch"],"picked":"Sword Boomerang+1","floor":22.0},{"not_picked":["ReplayTheSpireMod:Strike From Hell","Anger"],"picked":"Seeing Red+1","floor":24.0},{"not_picked":["Rupture","Pommel Strike","Infernal Blade"],"picked":"SKIP","floor":25.0},{"not_picked":["Run Through+1","Dark Embrace"],"picked":"Impervious","floor":27.0},{"not_picked":["Entrench","Iron Wave"],"picked":"Shrug It Off","floor":28.0},{"not_picked":["Perfected Strike+1","Anger"],"picked":"Pommel Strike","floor":30.0},{"not_picked":["Sword Boomerang+1","Heavy Blade","ReplayTheSpireMod:Strike From Hell"],"picked":"SKIP","floor":31.0},{"not_picked":["conspire:HitWhereItHurts","Feed"],"picked":"Offering","floor":33.0},{"not_picked":["ReplayTheSpireMod:Strike From Hell","jedi:controlledanger+1","conspire:Charge"],"picked":"SKIP","floor":35},{"not_picked":["Armaments","Replay:Undeath\u0027s Touch"],"picked":"Thunderclap+1","floor":36},{"not_picked":["StuffTheSpire:RockThrow","Twin Strike"],"picked":"Spot Weakness+1","floor":38},{"not_picked":["Armaments","Abandon"],"picked":"hubris:SpiceAddiction","floor":44},{"not_picked":["Warcry","Flex","StuffTheSpire:RagingBull"],"picked":"SKIP","floor":45},{"not_picked":["hubris:SpiceAddiction","Thunderclap"],"picked":"Shrug It Off+1","floor":48}],"player_experience":1779212,"relics_obtained":[{"floor":9.0,"key":"Mirror"},{"floor":10.0,"key":"hubris:Spice"},{"floor":25.0,"key":"Chameleon Ring"},{"floor":26.0,"key":"Ancient Tea Set"},{"floor":27.0,"key":"infinitespire:Eraser"},{"floor":30.0,"key":"Tiny Chest"},{"floor":43,"key":"hubris:Spice"},{"floor":47,"key":"hubris:Spice"}],"event_choices":[{"damage_healed":0.0,"max_hp_gain":0.0,"max_hp_loss":0.0,"gold_gain":0.0,"event_name":"conspire:Investor","player_choice":"Leave","floor":2.0,"gold_loss":0.0,"damage_taken":0.0},{"cards_removed":["Strike_R"],"damage_healed":0.0,"max_hp_gain":0.0,"max_hp_loss":0.0,"gold_gain":0.0,"event_name":"Purifier","player_choice":"Purged","floor":4.0,"gold_loss":0.0,"damage_taken":0.0},{"damage_healed":0,"gold_gain":0,"player_choice":"1 cards matched","damage_taken":0,"max_hp_gain":0,"max_hp_loss":0,"event_name":"Match and Keep!","floor":41,"gold_loss":0,"cards_obtained":["Fiend Fire"]},{"damage_healed":0,"gold_gain":0,"player_choice":"1 cards matched","damage_taken":0,"max_hp_gain":0,"max_hp_loss":0,"event_name":"Match and Keep!","floor":41,"gold_loss":0,"cards_obtained":["Fiend Fire"]}],"is_beta":false,"boss_relics":[{"not_picked":["Ring of Chaos","conspire:RunicOctahedron"],"picked":"hubris:VirtuousBlindfold"},{"not_picked":["Replay:Wanted Poster","jedi:paperlyon"],"picked":"hubris:RunicObelisk"}],"items_purged_floors":[11,29],"is_endless":false,"potions_floor_spawned":[1,5,12,16,18,19,25,30,33,36,44,45,48],"ascension_level":18}}