{"host":"81vb4cbob60wa1na","time":1610624592,"event":{"mods":["BaseMod","Downfall","GifTheSpireLib","Hermit","Highlight Path","Minty Spire (QoL Compilation)","StSLib","The Cursed","The Disciple"],"gold_per_floor":[99,99,99,84,103,103,103,113,146,131,142,155,155,173,186,284,284,284,284,284,284,298,298,298,311,311,331,331,342,542,325,344,344,344,344],"floor_reached":33,"language":"ENG","playtime":1593,"items_purged":["hexamod:Haunted"],"score":297,"play_id":"8280052e-498e-4c96-b6a3-df67df9f1da8","local_time":"20210114064312","is_ascension_mode":false,"campfire_choices":[{"data":"hexamod:Float","floor":1,"key":"SMITH"},{"data":"hexamod:UnlimitedPower","floor":6,"key":"SMITH"},{"data":"hexamod:TimeOfNeed","floor":13,"key":"SMITH"},{"data":"hexamod:TimeWarp","floor":18,"key":"SMITH"},{"data":"hexamod:WildfireWeapon","floor":23,"key":"SMITH"},{"data":"hexamod:Firestarter","floor":26,"key":"SMITH"}],"circlet_count":0,"master_deck":["hexamod:Strike+1","hexamod:Strike+1","hexamod:Strike","hexamod:Strike","hexamod:Defend+1","hexamod:Defend","hexamod:Defend","hexamod:Defend","hexamod:Sear","hexamod:Float+1","hexamod:SixthSeal","hexamod:UnlimitedPower+1","hexamod:BurningTouch","hexamod:ThermalTransfer","hexamod:PhantomFireball","hexamod:TimeOfNeed+1","hexamod:FastForward","hexamod:PhantomFireball","hexamod:WildfireWeapon+1","hexamod:TimeWarp+1","Shame","hexamod:FastForward","hexamod:Firestarter+1","hexamod:BurningTouch+1","hexamod:BurningTouch","hexamod:DynamicBlow"],"relics":["hexamod:SpiritBrand","Meat on the Bone","downfall:BrokenWingStatue","Blue Candle","MealTicket","Runic Pyramid","Happy Flower","Pear","MutagenicStrength","HornCleat"],"acts_visited":["Exordium","TheCity"],"potions_floor_usage":[9,9,10,14,25,27,31],"damage_taken":[{"damage":0,"enemies":"downfall:FleeingMerchant","floor":4,"turns":4},{"damage":0,"enemies":"Jaw Worm","floor":5,"turns":3},{"damage":0,"enemies":"Small Slimes","floor":8,"turns":3},{"damage":0,"enemies":"Gremlin Nob","floor":9,"turns":3},{"damage":4,"enemies":"downfall:FleeingMerchant","floor":10,"turns":4},{"damage":2,"enemies":"2 Louse","floor":11,"turns":3},{"damage":6,"enemies":"Blue Slaver","floor":12,"turns":3},{"damage":0,"enemies":"Large Slime","floor":14,"turns":3},{"damage":13,"enemies":"3 Louse","floor":15,"turns":3},{"damage":44,"enemies":"downfall:Watcher","floor":16,"turns":9},{"damage":13,"enemies":"Shell Parasite","floor":22,"turns":4},{"damage":15,"enemies":"Snake Plant","floor":25,"turns":3},{"damage":46,"enemies":"Shelled Parasite and Fungi","floor":27,"turns":5},{"damage":0,"enemies":"Snecko","floor":29,"turns":3},{"damage":1,"enemies":"downfall:FleeingMerchant","floor":31,"turns":4},{"damage":1,"enemies":"Snake Plant","floor":32,"turns":3},{"damage":50,"enemies":"downfall:Ironclad","floor":33,"turns":7}],"seed_played":"6730800630265320733","potions_obtained":[{"floor":5,"key":"FearPotion"},{"floor":8,"key":"SkillPotion"},{"floor":9,"key":"sneckomod:MuddlingPotion"},{"floor":12,"key":"SteroidPotion"},{"floor":16,"key":"GamblersBrew"},{"floor":22,"key":"PowerPotion"},{"floor":32,"key":"SpeedPotion"}],"is_trial":false,"path_per_floor":["R","?","?","$","M","R","T","M","E","$","M","M","R","M","M","B",null,"R","?","T","?","M","R","T","M","R","M","?","M","?","$","M","B"],"character_chosen":"THE_SPIRIT","items_purchased":["Fruit Juice","hexamod:BurningTouch"],"campfire_rested":0,"item_purchase_floors":[31,31],"current_hp_per_floor":[70,63,63,63,63,63,63,63,63,66,64,58,58,58,45,13,70,70,70,80,80,67,67,67,52,52,18,18,30,30,49,48,0,0,0],"gold":344,"neow_bonus":"ONE_RANDOM_RARE_CARD","is_daily":false,"chose_seed":false,"campfire_upgraded":6,"win_rate":0.0,"timestamp":1610624592,"path_taken":["R","?","?","$","M","R","T","M","E","$","M","M","R","M","M","BOSS","R","?","?","?","M","R","T","M","R","M","?","?","?","$","M","BOSS"],"items_purchased_type":["Potion","Card"],"build_version":"2020-12-22","purchased_purges":1,"victory":false,"max_hp_per_floor":[70,70,70,70,70,70,70,70,70,70,70,70,70,70,70,70,70,70,70,80,80,80,80,80,80,80,80,80,80,80,85,85,85,85,85],"card_choices":[{"not_picked":["hexamod:ShieldOfDarkness","hexamod:Again"],"picked":"hexamod:UnlimitedPower","floor":4},{"not_picked":["hexamod:NightmareStrike","hexamod:HauntingEcho"],"picked":"hexamod:BurningTouch","floor":5},{"not_picked":["hexamod:GhostShield","hexamod:InspiringFlames"],"picked":"hexamod:ThermalTransfer","floor":8},{"not_picked":["hexamod:PhantomCloak","hexamod:Rewind"],"picked":"hexamod:PhantomFireball","floor":9},{"not_picked":["hexamod:RainOfEmbers","hexamod:FastForward"],"picked":"hexamod:TimeOfNeed","floor":10},{"not_picked":["hexamod:InspiringFlames","hexamod:ThermalTransfer"],"picked":"hexamod:FastForward","floor":11},{"not_picked":["hexamod:Hexaguard","hexamod:FastForward"],"picked":"hexamod:PhantomFireball","floor":12},{"not_picked":["hexamod:RainOfEmbers","hexamod:PowerFromBeyond"],"picked":"hexamod:WildfireWeapon","floor":14},{"not_picked":["hexamod:GhostLash","hexamod:FourthSeal","hexamod:NightmareGuise"],"picked":"SKIP","floor":15},{"not_picked":["hexamod:GhostflameInferno","hexamod:CrushingStance"],"picked":"hexamod:TimeWarp","floor":16},{"not_picked":["hexamod:HauntingEcho","hexamod:InspiringFlames"],"picked":"hexamod:FastForward","floor":22},{"not_picked":["hexamod:SecondSeal","hexamod:SwordOfDarkness"],"picked":"hexamod:Firestarter","floor":25},{"not_picked":["hexamod:SpectersWail","hexamod:GhostLash","hexamod:GiftsFromTheDead"],"picked":"SKIP","floor":27},{"not_picked":["hexamod:HauntingEcho","hexamod:SwordOfDarkness","hexamod:HeatShield"],"picked":"SKIP","floor":29},{"not_picked":["hexamod:Hexaguard+1","hexamod:HeatCrush"],"picked":"hexamod:BurningTouch+1","floor":31},{"not_picked":["hexamod:SpectersWail","hexamod:FirstSeal"],"picked":"hexamod:DynamicBlow","floor":32}],"player_experience":232856,"relics_obtained":[{"floor":7,"key":"Blue Candle"},{"floor":9,"key":"MealTicket"},{"floor":20,"key":"Pear"},{"floor":24,"key":"HornCleat"}],"event_choices":[{"damage_healed":0,"gold_gain":0,"player_choice":"Success","damage_taken":7,"relics_obtained":["Meat on the Bone"],"max_hp_gain":0,"max_hp_loss":0,"event_name":"Scrap Ooze","floor":2,"gold_loss":0},{"damage_healed":0,"gold_gain":0,"player_choice":"Stole Relic","damage_taken":0,"relics_obtained":["Happy Flower"],"max_hp_gain":0,"max_hp_loss":0,"event_name":"Addict","floor":19,"gold_loss":0,"cards_obtained":["Shame"]},{"damage_healed":0,"gold_gain":0,"player_choice":"Inject Mutagens","damage_taken":0,"relics_obtained":["MutagenicStrength"],"max_hp_gain":0,"max_hp_loss":0,"event_name":"Drug Dealer","floor":21,"gold_loss":0}],"is_beta":false,"boss_relics":[{"not_picked":["Empty Cage","Pandora\u0027s Box"],"picked":"Runic Pyramid"}],"items_purged_floors":[31],"is_endless":false,"potions_floor_spawned":[5,8,9,12,16,22,32],"killed_by":"downfall:Ironclad","ascension_level":0}}