{"host":"o5or1zybx7au40zl","time":1610647477,"event":{"mods":["Act Like it!","Aspiration","BaseMod","Better Third Choice","Conspire","Dota2Spire","GungeonMod","Halation","Hubris","Minty Spire (QoL Compilation)","Replay The Spire","StSLib","The Jungle","Yuri Mod","vexMod"],"gold_per_floor":[116,11,11,29,46,71,84,115,115,129,143,163,163,181,181,281,281,297,297,310,310,310,323,348,348,348,348,27,81,110,124,124,226,226,244,261,276,292,173,173,173,188,188,188,213,229,249,264,264,264,264,264,45,78,78,78],"floor_reached":55,"language":"ENG","playtime":1528,"items_purged":["Strike_B"],"score":730,"play_id":"8db5ce09-51e8-4e18-ad52-bf768e6d2467","local_time":"20210114190437","is_ascension_mode":false,"campfire_choices":[{"floor":13,"key":"REST"},{"floor":15,"key":"REST"},{"floor":27,"key":"REST"},{"data":"Storm","floor":32,"key":"SMITH"},{"floor":40,"key":"RECALL"},{"floor":44,"key":"REST"},{"floor":49,"key":"REST"},{"data":"Seek","floor":52,"key":"SMITH"}],"circlet_count":0,"master_deck":["Strike_B","Defend_B","Defend_B","Defend_B","Defend_B","Zap","Dualcast","BasicCrystalCard","Defragment+1","Rip and Tear","White Noise","ReplayTheSpireMod:Dual Polarity","Crystallizer","hubris:PowerSurge","hubris:PowerSurge","Electrodynamics","Core Surge","Capacitor","ReplayRNGCard","Capacitor","Defragment","Consume","Creative AI","Storm+1","Seek+1","CurseOfTheBell","Mirror Shield","BasicCrystalCard+1","Glacier","Capacitor+1","Glacier","Consume","White Noise"],"relics":["Cracked Core","NeowsBlessing","Pantograph","Replay:Accelerometer","Sozu","theJungle:WildStrawberry","Bronze Scales","DemoMod:AgedBell","Membership Card","vexMod:ScavengeHelm","halation:PrussianBluePaint","Symbiotic Virus","Calling Bell","aspiration:EnhancedActuators","conspire:BottledYoYo","DemoMod:BigBoy","Toy Ornithopter","Happy Flower","conspire:InfiniteJournal","Geode"],"acts_visited":["Exordium","Exordium","TheBeyond","TheEnding"],"potions_floor_usage":[8,8,12,14,16,50],"damage_taken":[{"damage":0,"enemies":"Jaw Worm","floor":1,"turns":1},{"damage":0,"enemies":"Cultist","floor":4,"turns":1},{"damage":0,"enemies":"2 Louse","floor":5,"turns":1},{"damage":39,"enemies":"3 Sentries","floor":6,"turns":6},{"damage":0,"enemies":"2 Fungi Beasts","floor":7,"turns":5},{"damage":9,"enemies":"Lagavulin","floor":8,"turns":7},{"damage":3,"enemies":"Red Slaver","floor":10,"turns":3},{"damage":0,"enemies":"Blue Slaver","floor":11,"turns":3},{"damage":15,"enemies":"Exordium Thugs","floor":12,"turns":4},{"damage":13,"enemies":"Gremlin Gang","floor":14,"turns":3},{"damage":25,"enemies":"The Guardian","floor":16,"turns":8},{"damage":1,"enemies":"theJungle:GiantWrat","floor":18,"turns":4},{"damage":5,"enemies":"theJungle:MUSHROOMGANG","floor":20,"turns":2},{"damage":31,"enemies":"Snake Plant","floor":23,"turns":3},{"damage":8,"enemies":"theJungle:Cassacara","floor":24,"turns":5},{"damage":0,"enemies":"theJungle:MamaSnecko","floor":30,"turns":5},{"damage":0,"enemies":"theJungle:SlimyTreeVines","floor":31,"turns":7},{"damage":4,"enemies":"theJungle:FunGuy","floor":33,"turns":6},{"damage":0,"enemies":"3 Shapes","floor":35,"turns":1},{"damage":12,"enemies":"Orb Walker","floor":36,"turns":3},{"damage":33,"enemies":"Maw","floor":37,"turns":6},{"damage":0,"enemies":"Transient","floor":38,"turns":5},{"damage":10,"enemies":"Writhing Mass","floor":42,"turns":4},{"damage":20,"enemies":"Nemesis","floor":45,"turns":6},{"damage":19,"enemies":"Spire Growth","floor":46,"turns":4},{"damage":9,"enemies":"3 Darklings","floor":47,"turns":3},{"damage":0,"enemies":"4 Shapes","floor":48,"turns":1},{"damage":29,"enemies":"Awakened One","floor":50,"turns":10},{"damage":12,"enemies":"Shield and Spear","floor":54,"turns":4},{"damage":82,"enemies":"The Heart","floor":55,"turns":6}],"seed_played":"-881734829156727725","potions_obtained":[{"floor":4,"key":"Elixir"},{"floor":5,"key":"Strength Potion"},{"floor":6,"key":"LiquidMemories"},{"floor":7,"key":"SkillPotion"},{"floor":11,"key":"conspire:TimeTravelPotion"},{"floor":14,"key":"Dota2Spire:HealingSalve"},{"floor":16,"key":"FocusPotion"}],"is_trial":false,"path_per_floor":["M","$","?","M","M","E","M","E","T","M","M","M","R","M","R","B",null,"M","?","M","?","?","M","E","?","T","R","$","T","E","M","R","B",null,"M","M","M","M","$","R","?","M","T","R","E","M","M","M","R","B",null,"R","$","E","B"],"character_chosen":"DEFECT","items_purchased":["Defragment","Rip and Tear","Membership Card","vexMod:ScavengeHelm","Consume","Mirror Shield","Glacier","conspire:InfiniteJournal","Consume"],"campfire_rested":5,"item_purchase_floors":[2,2,28,28,28,39,53,53,53],"current_hp_per_floor":[75,75,75,75,75,36,36,27,27,24,24,21,43,30,52,50,75,74,74,69,62,62,31,23,23,23,47,47,47,47,53,53,74,82,82,70,37,37,37,37,37,27,27,51,31,12,3,3,27,28,82,82,82,70,0,0],"gold":78,"neow_bonus":"THREE_ENEMY_KILL","is_daily":false,"chose_seed":false,"campfire_upgraded":2,"win_rate":0.0,"timestamp":1610647477,"path_taken":["M","$","?","?","M","E","M","E","T","?","M","M","R","M","R","BOSS","M","?","?","?","?","?","E","?","T","R","$","?","E","M","R","BOSS","M","M","M","?","$","R","?","M","T","R","E","M","M","M","R","BOSS","R","$","E","BOSS"],"items_purchased_type":["Card","Card","Relic","Relic","Card","Card","Card","Relic","Card"],"build_version":"2020-12-22","purchased_purges":1,"victory":false,"max_hp_per_floor":[75,75,75,75,75,75,75,75,75,75,75,75,75,75,75,75,75,75,75,75,82,82,82,82,82,82,82,82,82,82,82,82,82,82,82,82,82,82,82,82,82,82,82,82,82,82,82,82,82,82,82,82,82,82,82,82],"card_choices":[{"not_picked":["Barrage","Hologram"],"picked":"BasicCrystalCard","floor":1},{"not_picked":["Creative AI","ReplayGash"],"picked":"White Noise","floor":4},{"not_picked":["Rebound","Streamline","BasicCrystalCard"],"picked":"SKIP","floor":5},{"not_picked":["ReplayTheSpireMod:GoodbyeWorld","ReplayTheSpireMod:Repulse"],"picked":"ReplayTheSpireMod:Dual Polarity","floor":6},{"not_picked":["Ball Lightning","Scrape"],"picked":"Crystallizer","floor":7},{"not_picked":["Storm","Heatsinks"],"picked":"hubris:PowerSurge","floor":8},{"not_picked":["BasicCrystalCard","Turbo"],"picked":"hubris:PowerSurge","floor":10},{"not_picked":["Beam Cell","conspire:Rain","Coolheaded"],"picked":"SKIP","floor":11},{"not_picked":["Redo","Conserve Battery","Turbo"],"picked":"SKIP","floor":12},{"not_picked":["Self Repair","Force Field"],"picked":"Electrodynamics","floor":14},{"not_picked":["ReplayTheSpireMod:Fabricate Wheel","Fission"],"picked":"Core Surge","floor":16},{"not_picked":["Skim","FTL","Genetic Algorithm"],"picked":"SKIP","floor":18},{"not_picked":["Streamline","hubris:Ukulele"],"picked":"Capacitor","floor":20},{"not_picked":["conspire:Rain","Beam Cell+1"],"picked":"Capacitor","floor":23},{"not_picked":["Genetic Algorithm","Compile Driver"],"picked":"Defragment","floor":24},{"not_picked":["conspire:SharedLibrary","Stack"],"picked":"Creative AI","floor":30},{"not_picked":["Steam","Skim"],"picked":"Storm","floor":31},{"not_picked":["Electrodynamics","Core Surge"],"picked":"Seek","floor":33},{"not_picked":["Steam","Compile Driver+1","Panic Button+1"],"picked":"SKIP","floor":35},{"not_picked":["Stack","Streamline","Conserve Battery"],"picked":"SKIP","floor":36},{"not_picked":["Steam+1","Turbo","Gash"],"picked":"SKIP","floor":37},{"not_picked":["Gash","Coolheaded+1","Sweeping Beam"],"picked":"SKIP","floor":38},{"not_picked":["Hologram+1","hubris:Ukulele"],"picked":"BasicCrystalCard+1","floor":42},{"not_picked":["Mirror Shield","Gash"],"picked":"Glacier","floor":45},{"not_picked":["Hologram+1","Steam+1","Steam Power"],"picked":"SKIP","floor":46},{"not_picked":["Gash+1","hubris:PowerSurge"],"picked":"Capacitor+1","floor":47},{"not_picked":["Turbo","Rebound+1","Recycle"],"picked":"SKIP","floor":48},{"not_picked":["BootSequence+1","Hologram"],"picked":"White Noise","floor":54}],"player_experience":962255,"relics_obtained":[{"floor":6,"key":"Pantograph"},{"floor":8,"key":"Replay:Accelerometer"},{"floor":24,"key":"Bronze Scales"},{"floor":26,"key":"DemoMod:AgedBell"},{"floor":29,"key":"halation:PrussianBluePaint"},{"floor":30,"key":"Symbiotic Virus"},{"floor":34,"key":"aspiration:EnhancedActuators"},{"floor":34,"key":"conspire:BottledYoYo"},{"floor":34,"key":"DemoMod:BigBoy"},{"floor":43,"key":"Toy Ornithopter"},{"floor":45,"key":"Happy Flower"},{"floor":54,"key":"Geode"}],"event_choices":[{"damage_healed":0,"gold_gain":0,"player_choice":"Upgraded","damage_taken":0,"max_hp_gain":0,"max_hp_loss":0,"event_name":"Upgrade Shrine","floor":3,"gold_loss":0,"cards_upgraded":["Defragment"]},{"cards_removed":["Strike_B"],"damage_healed":0,"gold_gain":0,"player_choice":"Card Removal","damage_taken":0,"max_hp_gain":0,"max_hp_loss":0,"event_name":"Wheel of Change","floor":19,"gold_loss":0},{"damage_healed":0,"gold_gain":0,"cards_transformed":["Strike_B"],"player_choice":"Transformed","damage_taken":0,"max_hp_gain":0,"max_hp_loss":0,"event_name":"Transmorgrifier","floor":22,"gold_loss":0,"cards_obtained":["ReplayRNGCard"]},{"damage_healed":0,"gold_gain":0,"player_choice":"Got Potions","damage_taken":0,"max_hp_gain":0,"max_hp_loss":0,"event_name":"Lab","floor":25,"gold_loss":0},{"damage_healed":0,"gold_gain":0,"player_choice":"Memory 1","damage_taken":0,"max_hp_gain":0,"max_hp_loss":0,"event_name":"SensoryStone","floor":41,"gold_loss":0}],"is_beta":false,"boss_relics":[{"not_picked":["hubris:Stopwatch","Cursed Key"],"picked":"Sozu"},{"not_picked":["aspiration:FutureDiary","Nuclear Battery"],"picked":"Calling Bell"}],"items_purged_floors":[39],"is_endless":false,"potions_floor_spawned":[4,5,6,7,11,14,16,18,23,31,35,36,45,46,47],"killed_by":"The Heart","ascension_level":0}}