{"host":"baymyijz6sxaqj5s","time":1610639353,"event":{"mods":["AchievementEnabler","BaseMod","Colored Map","Colored Powertips","DeckTracker","Highlight Path","KOR Keyword Fix","Keyboard Shortcuts","Minty Spire (QoL Compilation)","Quick Restart","StSLib","SuperFastMode"],"gold_per_floor":[118,134,134,134,134,134,150,120,120,41,116,130,130,141,141,141,141],"floor_reached":16,"language":"KOR","playtime":327,"items_purged":[],"score":108,"play_id":"e914ad80-ad5d-44e6-98db-5d11a000957b","local_time":"20210115004913","is_ascension_mode":true,"campfire_choices":[{"data":"Blur","floor":6,"key":"SMITH"},{"floor":15,"key":"REST"}],"circlet_count":0,"master_deck":["Strike_G","Strike_G+1","Strike_G","Strike_G","Strike_G","Defend_G","Defend_G","Defend_G+1","Defend_G","Defend_G","Survivor+1","Neutralize","Blur+1","Decay","Leg Sweep","Deadly Poison","Crippling Poison","Catalyst"],"relics":["Ring of the Snake","Gremlin Horn","InkBottle"],"acts_visited":["Exordium"],"potions_floor_usage":[14,14,16,16,16],"damage_taken":[{"damage":6,"enemies":"Jaw Worm","floor":1,"turns":6},{"damage":3,"enemies":"Small Slimes","floor":2,"turns":5},{"damage":0,"enemies":"Cultist","floor":7,"turns":4},{"damage":0,"enemies":"Looter","floor":8,"turns":4},{"damage":1,"enemies":"Blue Slaver","floor":12,"turns":4},{"damage":6,"enemies":"Exordium Thugs","floor":14,"turns":4},{"damage":65,"enemies":"Slime Boss","floor":16,"turns":13}],"seed_played":"-117806243337011183","potions_obtained":[{"floor":2,"key":"Fire Potion"},{"floor":12,"key":"EntropicBrew"}],"is_trial":false,"path_per_floor":["M","M","?","?","?","R","M","M","T","$","?","M","T","M","R","B"],"character_chosen":"THE_SILENT","items_purchased":["Crippling Poison"],"campfire_rested":1,"item_purchase_floors":[10],"current_hp_per_floor":[71,68,53,53,53,53,53,53,53,53,42,41,41,35,58,0,0],"gold":141,"neow_bonus":"TEN_PERCENT_HP_BONUS","is_daily":false,"chose_seed":false,"campfire_upgraded":1,"win_rate":0.0,"timestamp":1610639353,"path_taken":["M","M","?","?","?","R","?","M","T","$","?","M","?","M","R","BOSS"],"items_purchased_type":["Card"],"build_version":"2020-12-22","purchased_purges":0,"victory":false,"max_hp_per_floor":[77,77,77,77,77,77,77,77,77,77,77,77,77,77,77,77,77],"card_choices":[{"not_picked":["Bane","Backflip"],"picked":"Blur","floor":1},{"not_picked":["Underhanded Strike","Cloak And Dagger","Slice"],"picked":"SKIP","floor":2},{"not_picked":["Bane","Dagger Spray"],"picked":"Leg Sweep","floor":7},{"not_picked":["Backflip","Bane"],"picked":"Deadly Poison","floor":8},{"not_picked":["Riddle With Holes","Prepared"],"picked":"Catalyst","floor":12},{"not_picked":["Slice","Storm of Steel","Quick Slash"],"picked":"SKIP","floor":14}],"player_experience":91974,"relics_obtained":[{"floor":9,"key":"Gremlin Horn"},{"floor":13,"key":"InkBottle"}],"event_choices":[{"damage_healed":0,"gold_gain":0,"player_choice":"Entered Light","damage_taken":15,"max_hp_gain":0,"max_hp_loss":0,"event_name":"Shining Light","floor":3,"gold_loss":0,"cards_upgraded":["Defend_G","Strike_G"]},{"damage_healed":0,"gold_gain":0,"player_choice":"Grow","damage_taken":0,"max_hp_gain":0,"max_hp_loss":0,"event_name":"Living Wall","floor":4,"gold_loss":0,"cards_upgraded":["Survivor"]},{"damage_healed":0,"gold_gain":0,"player_choice":"Cursed","damage_taken":0,"max_hp_gain":0,"max_hp_loss":0,"event_name":"Wheel of Change","floor":5,"gold_loss":0,"cards_obtained":["Decay"]},{"damage_healed":0,"gold_gain":75,"player_choice":"Gather Gold","damage_taken":11,"max_hp_gain":0,"max_hp_loss":0,"event_name":"World of Goop","floor":11,"gold_loss":0}],"is_beta":false,"boss_relics":[],"items_purged_floors":[],"is_endless":false,"potions_floor_spawned":[2,12],"killed_by":"Slime Boss","ascension_level":4}}