{"host":"a97fc7408ew47nx2","time":1610622782,"event":{"mods":["2.2 Compatiblity","AchievementEnabler","Arknights The Spire","Aspiration","BaseMod","Better Match","Better Note","Better Skull","Better Third Choice","BetterRewards","Colored Map","Colored Powertips","Conspire","Defuse TimeMaze Blight","Disable Question Mark Monsters","Dota2Spire","Downfall","Energized Spire","Evolution","Exacting","Fox Events","GifTheSpireLib","Halation","Hubris","Ironclad Rager","Lobotomy","Melee Mod","Minty Spire (QoL Compilation)","Permanent Neow","Poor People Problems","Puzzle Mod","Quarter Circle Forward PUNCH!","RatMod","Reorder Act Four","Replay The Spire","Reworked Bosses","SCP261 Mod","Small Relic Pack","Spicy Shops","Spikes Relics","StSLib","Stuff the Spire","The Blue Laboratory","Trackpad","Transform Curses","Virulent Crown","Wandering Minibosses","vexMod"],"gold_per_floor":[99,119,111,111,128,128,128,128,136,136,136,8,55,55,78,73,73,73],"floor_reached":16,"language":"ENG","playtime":878,"items_purged":[],"score":92,"play_id":"ee367639-3e12-4ebb-851c-a69380417fd5","local_time":"20210114041302","is_ascension_mode":false,"campfire_choices":[{"floor":6,"key":"REST"},{"floor":11,"key":"REST"}],"circlet_count":0,"master_deck":["champ:Strike","champ:Strike","champ:Strike","champ:Defend","champ:Defend","champ:Defend","champ:Defend","champ:Execute","champ:Taunt","champ:ArenaPreparation+1","champ:Haymaker","champ:StanceDance","champ:DeathBlow","champ:PerfectedStrike","champ:CheapShot","champ:CrookedStrike","champ:IgnorePain","champ:IgnorePain","champ:Backstep","champ:FaceSlap"],"relics":["champ:ChampionCrown","EVO:Axolotl","Bag of Marbles","halation:EternalFortune"],"acts_visited":["Exordium"],"potions_floor_usage":[12,12,12],"damage_taken":[{"damage":57.0,"enemies":"Jaw Worm","floor":2.0,"turns":9.0},{"damage":18.0,"enemies":"2 Louse","floor":3.0,"turns":5.0},{"damage":17,"enemies":"Cultist","floor":5,"turns":4},{"damage":10,"enemies":"2 Fungi Beasts","floor":9,"turns":2},{"damage":43,"enemies":"downfall:FleeingMerchant","floor":12,"turns":5},{"damage":20,"enemies":"Large Slime","floor":13,"turns":5},{"damage":20,"enemies":"3 Louse","floor":15,"turns":4},{"damage":61,"enemies":"downfall:Defect","floor":16,"turns":4}],"seed_played":"-7408510084848007536","potions_obtained":[{"floor":2.0,"key":"EntropicBrew"},{"floor":9,"key":"Dota2Spire:Clarity"},{"floor":13,"key":"blueLaboratory:CorrosionFlask"},{"floor":15,"key":"Dota2Spire:Clarity"}],"is_trial":false,"path_per_floor":["R_BF","M","M","?","M","R","T","?","M","?","R","$","M","?","M","B"],"character_chosen":"THE_CHAMP","items_purchased":["champ:IgnorePain"],"campfire_rested":2,"item_purchase_floors":[12],"current_hp_per_floor":[90,43,38,23,16,43,43,43,43,46,73,73,64,64,55,0,0,0],"gold":73,"neow_bonus":"THREE_CARDS","is_daily":false,"chose_seed":false,"campfire_upgraded":0,"win_rate":0.0,"timestamp":1610622782,"path_taken":["R_BF","M","M","?","M","R","T","?","?","?","R","$","M","?","M","BOSS"],"items_purchased_type":["Card"],"build_version":"2020-12-22","purchased_purges":0,"victory":false,"max_hp_per_floor":[90,90,90,90,90,90,90,90,90,93,93,93,93,93,93,93,93,93],"card_choices":[{"not_picked":["champ:GladiatorsShout","champ:Circumvent"],"picked":"champ:ArenaPreparation","floor":0.0},{"not_picked":["champ:BladeFlurry","champ:DefensiveShout"],"picked":"champ:Haymaker","floor":2.0},{"not_picked":["champ:FalseCounter","champ:BringItOn"],"picked":"champ:StanceDance","floor":3.0},{"not_picked":["champ:FocusedDefense","champ:FightOn"],"picked":"champ:DeathBlow","floor":5},{"not_picked":["champ:DeathBlow","champ:DefensiveShout"],"picked":"champ:CheapShot","floor":9},{"not_picked":["champ:EnGarde","champ:StanceDance"],"picked":"champ:CrookedStrike","floor":12},{"not_picked":["champ:BringItOn","champ:ShieldWall"],"picked":"champ:Backstep","floor":13},{"not_picked":["champ:EnragedBash","champ:BladeFlurry"],"picked":"champ:FaceSlap","floor":15}],"player_experience":138736,"relics_obtained":[{"floor":7,"key":"Bag of Marbles"}],"event_choices":[{"damage_healed":0,"gold_gain":0,"cards_transformed":["champ:Strike"],"player_choice":"Transformed","damage_taken":0,"max_hp_gain":0,"max_hp_loss":0,"event_name":"Transmorgrifier","floor":8,"gold_loss":0,"cards_obtained":["champ:PerfectedStrike"]}],"is_beta":false,"boss_relics":[],"items_purged_floors":[],"is_endless":false,"potions_floor_spawned":[2,9,13,15],"killed_by":"downfall:Defect","ascension_level":0}}