{"host":"oiw60b5ins9fyx34","time":1610609701,"event":{"mods":["BaseMod","Colored Map","Colored Powertips","Minty Spire (QoL Compilation)","Permanent Neow","Quick Restart","Rare Cards Sparkle","Relic Stats","StSLib","The Cursed"],"gold_per_floor":[113,126,137,137,137,165,165,194,194,194,227,239,110,110,110,110,110],"floor_reached":16,"language":"JPN","playtime":660,"items_purged":[],"score":118,"play_id":"dbc637b9-2adf-4d12-9022-53d24a07d539","local_time":"20210114163501","is_ascension_mode":false,"campfire_choices":[{"floor":7,"key":"REST"},{"data":"TheCursedMod:CursedMace","floor":10,"key":"SMITH"},{"floor":15,"key":"REST"}],"circlet_count":0,"master_deck":["TheCursedMod:Strike_TheCursed","TheCursedMod:Strike_TheCursed","TheCursedMod:Defend_TheCursed","TheCursedMod:Defend_TheCursed","TheCursedMod:Defend_TheCursed","TheCursedMod:Defend_TheCursed","TheCursedMod:CursedWand","TheCursedMod:CleanUpWorkshop","TheCursedMod:Dregs","TheCursedMod:LuckyCharm","TheCursedMod:CursedMace+1","TheCursedMod:SmokeScreen","TheCursedMod:CircleOfAmplification","TheCursedMod:FuryStrike","TheCursedMod:NeowsMight","TheCursedMod:DemonSword","TheCursedMod:SoulReap","TheCursedMod:BloodBarrier","TheCursedMod:CursedShiv","TheCursedMod:FleshFromBone"],"relics":["TheCursedMod:BlackMagic101","Gremlin Horn","Unceasing Top","Ancient Tea Set"],"acts_visited":["Exordium"],"potions_floor_usage":[8,11,16],"damage_taken":[{"damage":3,"enemies":"Cultist","floor":1,"turns":3},{"damage":1,"enemies":"Jaw Worm","floor":2,"turns":4},{"damage":6,"enemies":"2 Louse","floor":3,"turns":3},{"damage":42,"enemies":"Gremlin Nob","floor":6,"turns":6},{"damage":16,"enemies":"3 Sentries","floor":8,"turns":8},{"damage":27,"enemies":"Lagavulin","floor":11,"turns":7},{"damage":0,"enemies":"Red Slaver","floor":12,"turns":3},{"damage":26,"enemies":"Slime Boss","floor":16,"turns":6}],"seed_played":"-1326679232827978343","potions_obtained":[{"floor":1,"key":"AttackPotion"},{"floor":8,"key":"EssenceOfSteel"},{"floor":11,"key":"DistilledChaos"}],"is_trial":false,"path_per_floor":["M","M","M","?","?","E","R","E","T","R","E","M","$","?","R","B"],"character_chosen":"THE_CURSED","items_purchased":["TheCursedMod:BloodBarrier","TheCursedMod:CursedShiv","TheCursedMod:FleshFromBone"],"campfire_rested":2,"item_purchase_floors":[13,13,13],"current_hp_per_floor":[79,78,72,65,65,23,47,31,31,31,4,4,4,4,28,9,9],"gold":110,"neow_bonus":"TEN_PERCENT_HP_BONUS","is_daily":false,"chose_seed":false,"campfire_upgraded":1,"win_rate":0.0,"timestamp":1610609701,"path_taken":["M","M","?","?","?","E","R","E","T","R","E","?","$","?","R","BOSS"],"items_purchased_type":["Card","Card","Card"],"build_version":"2020-12-22","purchased_purges":0,"victory":false,"max_hp_per_floor":[82,82,82,82,82,82,82,82,82,82,82,82,82,82,82,82,82],"relic_stats":{"Gremlin Horn":[2,2],"counters":[8,40],"obtain_stats":[{"TheCursedMod:BlackMagic101":0,"Gremlin Horn":6,"Ancient Tea Set":11,"Unceasing Top":8},{"TheCursedMod:BlackMagic101":0,"Gremlin Horn":4,"Ancient Tea Set":6,"Unceasing Top":5},{"TheCursedMod:BlackMagic101":0,"Gremlin Horn":16,"Ancient Tea Set":31,"Unceasing Top":24}],"Unceasing Top":[0]},"card_choices":[{"not_picked":["TheCursedMod:SurpriseAttack","TheCursedMod:TacticalStrike"],"picked":"TheCursedMod:LuckyCharm","floor":1},{"not_picked":["TheCursedMod:SpitefulStrike","TheCursedMod:TacticalStrike"],"picked":"TheCursedMod:CursedMace","floor":2},{"not_picked":["TheCursedMod:CursedBoomerang","TheCursedMod:Mangle"],"picked":"TheCursedMod:SmokeScreen","floor":3},{"not_picked":["TheCursedMod:ReleasedKnowledge","TheCursedMod:RavingStaff"],"picked":"TheCursedMod:FuryStrike","floor":6},{"not_picked":["TheCursedMod:CircleOfFlame","TheCursedMod:WearCloak"],"picked":"TheCursedMod:NeowsMight","floor":8},{"not_picked":["TheCursedMod:Hemoplague","TheCursedMod:ReleasedStrength"],"picked":"TheCursedMod:DemonSword","floor":11},{"not_picked":["TheCursedMod:CircleOfFocus","TheCursedMod:CursedMace"],"picked":"TheCursedMod:SoulReap","floor":12}],"player_experience":664063,"relics_obtained":[{"floor":6,"key":"Gremlin Horn"},{"floor":8,"key":"Unceasing Top"},{"floor":11,"key":"Ancient Tea Set"}],"event_choices":[{"cards_removed":["TheCursedMod:Strike_TheCursed"],"damage_healed":0,"gold_gain":0,"player_choice":"Card Removal","damage_taken":7,"max_hp_gain":0,"max_hp_loss":0,"event_name":"Golden Wing","floor":4,"gold_loss":0},{"damage_healed":0,"gold_gain":0,"cards_transformed":["TheCursedMod:Strike_TheCursed"],"player_choice":"Transformed","damage_taken":0,"max_hp_gain":0,"max_hp_loss":0,"event_name":"Transmorgrifier","floor":5,"gold_loss":0,"cards_obtained":["TheCursedMod:CircleOfAmplification"]},{"damage_healed":0,"gold_gain":0,"player_choice":"Fled","damage_taken":0,"max_hp_gain":0,"max_hp_loss":0,"event_name":"Scrap Ooze","floor":14,"gold_loss":0}],"is_beta":false,"boss_relics":[],"items_purged_floors":[],"is_endless":false,"potions_floor_spawned":[1,8,11],"killed_by":"Slime Boss","ascension_level":0}}