{"host":"2ikxgthhm1pqb5gz","time":1610622227,"event":{"mods":["BaseMod","Colored Map","Minty Spire (QoL Compilation)","StSLib","SuperFastMode","slay the spire mod where everything is the same but ironclad has a cowboy hat"],"gold_per_floor":[209,259,275,3,13,41,91,91,172,191,260,260,585,49,49,122,122,135,185,91,107,126,126,157,207,207,240,259,309,309,309],"floor_reached":30,"language":"KOR","playtime":1021,"items_purged":["Strike_B","Strike_B","Strike_B"],"score":861,"play_id":"56fcfd7b-6cbc-43aa-9f44-6a0ef65f8ecf","local_time":"20210114200347","is_ascension_mode":true,"campfire_choices":[{"data":"Defragment","floor":8,"key":"SMITH"},{"data":"Darkness","floor":12,"key":"SMITH"},{"data":"Master of Strategy","floor":15,"key":"SMITH"},{"floor":23,"key":"RECALL"}],"circlet_count":0,"master_deck":["AscendersBane","Defend_B","Defend_B","Defend_B","Zap","Dualcast","Melter","Darkness+1","Defragment+1","Capacitor","FTL","Gash","Master of Strategy+1","Turbo","Auto Shields","Creative AI+1","Gash+1","Genetic Algorithm","Hologram","Core Surge+1","Self Repair+1","Go for the Eyes+1","Electrodynamics+1","Defragment+1","BootSequence","Consume","Streamline+1"],"relics":["Cracked Core","Membership Card","Omamori","The Courier","SsserpentHead","Singing Bowl","Matryoshka","Molten Egg 2","Frozen Egg 2","Lee\u0027s Waffle","Cables","Emotion Chip","PreservedInsect","Happy Flower","Fusion Hammer","Regal Pillow","Sundial","Bronze Scales"],"acts_visited":["TheCity"],"potions_floor_usage":[10,11,18,22,30],"damage_taken":[{"damage":12,"enemies":"Jaw Worm","floor":1,"turns":4},{"damage":1,"enemies":"Cultist","floor":3,"turns":3},{"damage":7,"enemies":"Small Slimes","floor":5,"turns":3},{"damage":3,"enemies":"Gremlin Nob","floor":6,"turns":3},{"damage":2,"enemies":"Red Slaver","floor":10,"turns":2},{"damage":12,"enemies":"Exordium Wildlife","floor":11,"turns":3},{"damage":43,"enemies":"Hexaghost","floor":16,"turns":8},{"damage":11,"enemies":"2 Thieves","floor":18,"turns":3},{"damage":0,"enemies":"Spheric Guardian","floor":21,"turns":2},{"damage":8,"enemies":"Centurion and Healer","floor":22,"turns":4},{"damage":50,"enemies":"Book of Stabbing","floor":24,"turns":5},{"damage":0,"enemies":"Gremlin Leader","floor":27,"turns":4},{"damage":0,"enemies":"Snake Plant","floor":28,"turns":1},{"damage":0,"enemies":"Shelled Parasite and Fungi","floor":30,"turns":2}],"seed_played":"8352916138359495533","potions_obtained":[{"floor":1,"key":"FearPotion"},{"floor":6,"key":"Regen Potion"},{"floor":16,"key":"Explosive Potion"},{"floor":21,"key":"Swift Potion"},{"floor":22,"key":"CultistPotion"},{"floor":27,"key":"LiquidMemories"}],"is_trial":false,"path_per_floor":["M","?","M","$","M","E","T","R","T","M","M","R","?","$","R","B",null,"M","?","$","M","M","R","E","?","T","E","M","?","M"],"character_chosen":"DEFECT","items_purchased":["Defragment","Capacitor","FTL","Gash","Master of Strategy","Turbo","Block Potion","Lee\u0027s Waffle","Cables","Emotion Chip","PreservedInsect","Genetic Algorithm","Happy Flower","Hologram","Self Repair+1"],"campfire_rested":0,"item_purchase_floors":[4,4,4,4,4,4,4,14,14,14,14,14,14,14,20],"current_hp_per_floor":[52,52,51,51,44,43,43,43,43,41,38,38,38,80,80,37,69,60,60,60,70,72,72,34,10,10,20,20,20,20,20],"gold":309,"neow_bonus":"HUNDRED_GOLD","is_daily":false,"chose_seed":false,"campfire_upgraded":3,"win_rate":0.0,"timestamp":1610622227,"path_taken":["M","?","M","$","M","E","?","R","T","M","?","R","?","$","R","BOSS","M","?","$","M","M","R","E","?","T","E","M","?","M"],"items_purchased_type":["Card","Card","Card","Card","Card","Card","Potion","Relic","Relic","Relic","Relic","Card","Relic","Card","Card"],"build_version":"2020-12-22","purchased_purges":3,"victory":false,"max_hp_per_floor":[71,71,71,71,71,73,73,73,73,73,73,73,73,80,80,80,80,82,82,82,82,82,82,84,89,89,89,89,89,89,89],"card_choices":[{"not_picked":["Compile Driver","Rebound"],"picked":"Melter","floor":1},{"not_picked":["Redo","Compile Driver"],"picked":"Darkness","floor":3},{"not_picked":["Turbo","Scrape"],"picked":"Auto Shields","floor":5},{"not_picked":["Turbo","Hello World","Fusion"],"picked":"Singing Bowl","floor":6},{"not_picked":["Sweeping Beam+1","Streamline+1"],"picked":"Creative AI+1","floor":10},{"not_picked":["FTL+1","Redo"],"picked":"Gash+1","floor":11},{"not_picked":["Multi-Cast","Reboot"],"picked":"Core Surge+1","floor":16},{"not_picked":["Rebound+1","Aggregate","Redo"],"picked":"Singing Bowl","floor":18},{"not_picked":["Coolheaded","Undo"],"picked":"Go for the Eyes+1","floor":21},{"not_picked":["Ball Lightning+1","Tempest"],"picked":"Electrodynamics+1","floor":22},{"not_picked":["Gash+1","Cold Snap+1","Hyperbeam+1"],"picked":"Singing Bowl","floor":24},{"not_picked":["Stack","Steam"],"picked":"Defragment+1","floor":27},{"not_picked":["Coolheaded","Leap"],"picked":"BootSequence","floor":28}],"player_experience":916672,"relics_obtained":[{"floor":6,"key":"Singing Bowl"},{"floor":7,"key":"Matryoshka"},{"floor":9,"key":"Molten Egg 2"},{"floor":9,"key":"Frozen Egg 2"},{"floor":24,"key":"Regal Pillow"},{"floor":26,"key":"Sundial"},{"floor":27,"key":"Bronze Scales"}],"event_choices":[{"damage_healed":0,"gold_gain":0,"player_choice":"Ignored","damage_taken":0,"max_hp_gain":0,"max_hp_loss":0,"event_name":"Liars Game","floor":2,"gold_loss":0},{"damage_healed":0,"gold_gain":275,"player_choice":"Desecrate","damage_taken":0,"max_hp_gain":0,"max_hp_loss":0,"event_name":"Golden Shrine","floor":13,"gold_loss":0,"cards_obtained":["Regret"]},{"damage_healed":0,"gold_gain":0,"player_choice":"Ignored","damage_taken":0,"max_hp_gain":0,"max_hp_loss":0,"event_name":"Ghosts","floor":19,"gold_loss":0},{"damage_healed":0,"gold_gain":0,"player_choice":"Shed Blood","damage_taken":29,"max_hp_gain":5,"max_hp_loss":0,"event_name":"Forgotten Altar","floor":25,"gold_loss":0},{"damage_healed":0,"gold_gain":0,"cards_transformed":["Strike_B","Defend_B"],"player_choice":"Became Test Subject","damage_taken":0,"max_hp_gain":0,"max_hp_loss":0,"event_name":"Drug Dealer","floor":29,"gold_loss":0,"cards_obtained":["Consume","Streamline"]}],"is_beta":false,"boss_relics":[{"not_picked":["SacredBark","Runic Dome"],"picked":"Fusion Hammer"}],"items_purged_floors":[4,14,20],"is_endless":false,"potions_floor_spawned":[1,6,16,21,22,27],"killed_by":"Shelled Parasite and Fungi","ascension_level":20}}