{"host":"egwexuw5uvnxf11j","time":1610583187,"event":{"mods":["2.2 Compatiblity","Aspiration","BaseMod","Better Altar","Better Note","Better Sensory Stone","Better Third Choice","Displayed Cursed Tome","Downfall","Hermit","Key Reminder","Koishi","Marisa????????","Minty Spire (QoL Compilation)","Quick Restart","Shade Mod","Spicy Shops","StSLib","The Construct","The Cursed","The Hierophant","The Runesmith","The Senshi","The Servant 0.9.4","Transform Curses"],"gold_per_floor":[109,125,17,17,27,63,63,77,104,104,123,156,166,197,209,226,226],"floor_reached":16,"language":"ENG","playtime":1036,"items_purged":[],"score":128,"play_id":"c6d2f9cd-3d2c-4390-bd4d-e552d76684e9","local_time":"20210113191307","is_ascension_mode":true,"campfire_choices":[{"floor":7,"key":"REST"},{"floor":15,"key":"REST"}],"circlet_count":0,"master_deck":["hermit:Strike_Hermit","hermit:Strike_Hermit","hermit:Strike_Hermit","hermit:Strike_Hermit","hermit:Defend_Hermit","hermit:Defend_Hermit","hermit:Defend_Hermit","hermit:Defend_Hermit","hermit:Snapshot","hermit:Covet","hermit:BlackWind","hermit:GoldenBullet","hermit:LowProfile","hermit:Horror","hermit:Scavenge","hermit:Shortfuse","hermit:Determination","hermit:Showdown","hermit:Malice","hermit:ItchyTrigger","hermit:TrackingShot","hermit:Quickdraw","hermit:Ricochet"],"relics":["hermit:Momento","Orichalcum","keyreminder:keyreminder","Darkstone Periapt","MawBank"],"acts_visited":["Exordium"],"potions_floor_usage":[6,14,16,16],"damage_taken":[{"damage":3,"enemies":"2 Louse","floor":1,"turns":3},{"damage":0,"enemies":"Cultist","floor":2,"turns":3},{"damage":3,"enemies":"Jaw Worm","floor":5,"turns":4},{"damage":29,"enemies":"Lagavulin","floor":6,"turns":8},{"damage":1,"enemies":"Exordium Wildlife","floor":8,"turns":4},{"damage":4,"enemies":"Large Slime","floor":11,"turns":4},{"damage":7,"enemies":"Gremlin Nob","floor":12,"turns":4},{"damage":0,"enemies":"Gremlin Gang","floor":13,"turns":3},{"damage":13,"enemies":"Lagavulin","floor":14,"turns":3},{"damage":71,"enemies":"Hexaghost","floor":16,"turns":11}],"seed_played":"-7559385250831928462","potions_obtained":[{"floor":1,"key":"ColorlessPotion"},{"floor":8,"key":"Swift Potion"},{"floor":11,"key":"DuplicationPotion"},{"floor":13,"key":"ColorlessPotion"},{"floor":14,"key":"sneckomod:MuddlingPotion"}],"is_trial":false,"path_per_floor":["M","M","$","?","M","E","R","M","T","?","M","E","M","E","R","B"],"character_chosen":"HERMIT","items_purchased":["hermit:Horror","hermit:Scavenge"],"campfire_rested":2,"item_purchase_floors":[3,3],"current_hp_per_floor":[72,72,72,72,69,40,62,61,61,69,65,58,58,45,67,0,0],"gold":226,"neow_bonus":"ONE_RANDOM_RARE_CARD","is_daily":false,"chose_seed":false,"campfire_upgraded":0,"win_rate":0.0,"timestamp":1610583187,"path_taken":["M","M","$","?","?","E","R","M","T","?","M","E","M","E","R","BOSS"],"items_purchased_type":["Card","Card"],"build_version":"2020-12-22","purchased_purges":0,"victory":false,"max_hp_per_floor":[75,75,75,75,75,75,75,75,75,75,75,75,75,75,75,75,75],"card_choices":[{"not_picked":["hermit:BodyArmor","hermit:TrackingShot"],"picked":"hermit:GoldenBullet","floor":1},{"not_picked":["hermit:Ricochet","hermit:ItchyTrigger"],"picked":"hermit:LowProfile","floor":2},{"not_picked":["hermit:FullyLoaded","hermit:BodyArmor"],"picked":"hermit:Determination","floor":5},{"not_picked":["hermit:Combo","hermit:Cheat"],"picked":"hermit:Showdown","floor":6},{"not_picked":["hermit:SprayPray","hermit:Showdown"],"picked":"hermit:Malice","floor":8},{"not_picked":["hermit:Vantage","hermit:Midnight"],"picked":"hermit:ItchyTrigger","floor":11},{"not_picked":["hermit:Scavenge","hermit:LoneWolf"],"picked":"hermit:TrackingShot","floor":12},{"not_picked":["hermit:Gestalt","hermit:Dive"],"picked":"hermit:Quickdraw","floor":13},{"not_picked":["hermit:GoldenBullet","hermit:Malice"],"picked":"hermit:Ricochet","floor":14}],"player_experience":2225774,"relics_obtained":[{"floor":6,"key":"Orichalcum"},{"floor":12,"key":"Darkstone Periapt"},{"floor":14,"key":"MawBank"}],"event_choices":[{"damage_healed":0,"gold_gain":0,"player_choice":"1 cards matched","damage_taken":0,"max_hp_gain":0,"max_hp_loss":0,"event_name":"Match and Keep!","floor":4,"gold_loss":0,"cards_obtained":["hermit:Shortfuse"]}],"is_beta":false,"boss_relics":[],"items_purged_floors":[],"is_endless":false,"potions_floor_spawned":[1,8,11,13,14],"killed_by":"Hexaghost","ascension_level":1}}