{"host":"0cm5wy4nhuju7tij","time":1610584241,"event":{"mods":["100% Spire Juice","2.2 Compatiblity","AchievementEnabler","Aspiration","BaseMod","Better Third Choice","BetterRewards","CCEM","CapriCore","Chen","Colored Powertips","Curses Come First","Custom Start","Displayed Cursed Tome","Downfall","Energized Spire","Evolution","Filter the Spire","Fireblade Mod","Highlight Path","Jess\u0027s Bottle","Minty Spire (QoL Compilation)","Onozuka Komachi Mod","Permanent Neow","Relic Stats","Shop Mod","Spicy Shops","StSLib","The Caster","The Cursed","The Fake Hero","The Juggle","The Sage","TheFirefly","thorton"],"gold_per_floor":[112,126,145,161,179,179,210,228,255,267,279,291,3,18,18,18,18],"floor_reached":16,"language":"ENG","playtime":1055,"items_purged":[],"score":104,"play_id":"0f1f6ce1-d53d-4dca-99f6-e655b90ff878","local_time":"20210113193041","is_ascension_mode":false,"campfire_choices":[{"data":"Chen:PounceTurnTail","floor":6,"key":"SMITH"},{"floor":11,"key":"REST"},{"data":"Chen:Sweep","floor":15,"key":"SMITH"}],"circlet_count":0,"master_deck":["Chen:Strike","Chen:Strike","Chen:Strike","Chen:Strike","Chen:Strike","Chen:Defend","Chen:Defend","Chen:Defend","Chen:Defend","Chen:PounceTurnTail+1","Chen:GlitterPoke","Chen:Instinct","Chen:Scratch","Chen:RecklessLeap","Chen:Instinct","Chen:GuardCounter","Chen:Salvo","Chen:ResistTemptation","Burn","Chen:StudySharpen","Chen:CatPunch","Chen:Sweep+1"],"relics":["Chen:Catnip","EVO:Axolotl","CCEMRelics:Pendulum","MawBank","sagemod:Red_Beast_Statue","CCEMRelics:JestersCrown"],"acts_visited":["Exordium"],"potions_floor_usage":[7],"damage_taken":[{"damage":2,"enemies":"Cultist","floor":1,"turns":3},{"damage":10,"enemies":"Jaw Worm","floor":2,"turns":3},{"damage":3,"enemies":"2 Louse","floor":3,"turns":3},{"damage":12,"enemies":"Blue Slaver","floor":4,"turns":3},{"damage":10,"enemies":"Looter","floor":5,"turns":3},{"damage":30,"enemies":"3 Sentries","floor":7,"turns":11},{"damage":8,"enemies":"3 Louse","floor":8,"turns":2},{"damage":12,"enemies":"Lots of Slimes","floor":14,"turns":3},{"damage":53,"enemies":"Slime Boss","floor":16,"turns":7}],"seed_played":"2270561228335438928","potions_obtained":[{"floor":4,"key":"Swift Potion"},{"floor":5,"key":"Regen Potion"},{"floor":7,"key":"SmokeBomb"},{"floor":8,"key":"Guardian:BlockOnCardUsePotion"}],"is_trial":false,"path_per_floor":["M","M","M","M","M","R","E","M","T","?","R","T","$","M","R","B"],"character_chosen":"CHEN","items_purchased":["CCEMRelics:JestersCrown","Chen:StudySharpen","Chen:CatPunch"],"campfire_rested":1,"item_purchase_floors":[13,13,13],"current_hp_per_floor":[75,65,62,50,40,40,46,38,38,38,61,61,61,49,49,0,0],"gold":18,"neow_bonus":"TEN_PERCENT_HP_BONUS","is_daily":false,"chose_seed":false,"campfire_upgraded":2,"win_rate":0.0,"timestamp":1610584241,"path_taken":["M","M","M","M","M","R","E","M","T","?","R","?","$","M","R","BOSS"],"items_purchased_type":["Relic","Card","Card"],"build_version":"2020-12-22","purchased_purges":0,"victory":false,"max_hp_per_floor":[77,77,77,77,77,77,77,77,77,77,77,77,77,77,77,77,77],"relic_stats":{"counters":[9,38],"MawBank":48,"obtain_stats":[{"sagemod:Red_Beast_Statue":12,"Chen:Catnip":0,"CCEMRelics:Pendulum":7,"EVO:Axolotl":0,"MawBank":9,"CCEMRelics:JestersCrown":13},{"sagemod:Red_Beast_Statue":7,"Chen:Catnip":0,"CCEMRelics:Pendulum":6,"EVO:Axolotl":0,"MawBank":7,"CCEMRelics:JestersCrown":7},{"sagemod:Red_Beast_Statue":28,"Chen:Catnip":0,"CCEMRelics:Pendulum":26,"EVO:Axolotl":0,"MawBank":28,"CCEMRelics:JestersCrown":28}]},"card_choices":[{"not_picked":["Chen:Shot","Chen:Unpredictable"],"picked":"Chen:Instinct","floor":1},{"not_picked":["Chen:RecklessLeap","Chen:Barrier"],"picked":"Chen:Scratch","floor":2},{"not_picked":["Chen:DazzleFlash","Chen:Flit"],"picked":"Chen:RecklessLeap","floor":3},{"not_picked":["Chen:Shot","Chen:Sneak"],"picked":"Chen:Instinct","floor":4},{"not_picked":["Chen:Spray","Chen:EvasiveFireShift"],"picked":"Chen:GuardCounter","floor":5},{"not_picked":["Chen:Stability","Chen:Honk"],"picked":"Chen:Salvo","floor":7},{"not_picked":["Chen:Panic","Chen:Sidestep"],"picked":"Chen:ResistTemptation","floor":8},{"not_picked":["Chen:Panic","Chen:StudySharpen"],"picked":"Chen:Sweep","floor":14}],"player_experience":234969,"relics_obtained":[{"floor":7,"key":"CCEMRelics:Pendulum"},{"floor":9,"key":"MawBank"},{"floor":12,"key":"sagemod:Red_Beast_Statue"}],"event_choices":[{"damage_healed":38,"gold_gain":0,"player_choice":"Embrace Burn","damage_taken":0,"max_hp_gain":0,"max_hp_loss":77,"event_name":"betterThird:BetterShining","floor":10,"gold_loss":0}],"is_beta":false,"boss_relics":[],"items_purged_floors":[],"is_endless":false,"potions_floor_spawned":[4,5,7,8],"killed_by":"Slime Boss","ascension_level":0}}