{"host":"og6lam4kt3nibbw0","time":1610642391,"event":{"mods":["AchievementEnabler","BaseMod","Colored Map","DeckTracker","Highlight Path","Keyboard Shortcuts","Minty Spire (QoL Compilation)","Permanent Neow","Quick Restart","StSLib","SuperFastMode"],"gold_per_floor":[109,184,22,39,59,59,85,85,110,110,110],"floor_reached":10,"language":"KOR","playtime":288,"items_purged":["Defend_G"],"score":132,"play_id":"561e15b6-a444-4891-9c7b-f11f1b912472","local_time":"20210115013951","is_ascension_mode":true,"campfire_choices":[{"floor":6,"key":"REST"},{"floor":8,"key":"REST"}],"circlet_count":0,"master_deck":["AscendersBane","Strike_G+1","Strike_G+1","Strike_G","Strike_G","Defend_G","Defend_G","Defend_G","Survivor","Neutralize","A Thousand Cuts","Die Die Die","Escape Plan","Crippling Poison","Footwork","Prepared","Poisoned Stab"],"relics":["Ring of the Snake","Whetstone","Smiling Mask"],"acts_visited":["Exordium"],"potions_floor_usage":[10],"damage_taken":[{"damage":6,"enemies":"2 Louse","floor":1,"turns":3},{"damage":4,"enemies":"Small Slimes","floor":4,"turns":4},{"damage":5,"enemies":"Jaw Worm","floor":5,"turns":5},{"damage":33,"enemies":"3 Sentries","floor":7,"turns":9},{"damage":35,"enemies":"Lagavulin","floor":10,"turns":7}],"seed_played":"-6176908048548340011","potions_obtained":[{"floor":7,"key":"AttackPotion"}],"is_trial":false,"path_per_floor":["M","?","$","M","M","R","E","R","T","E"],"character_chosen":"THE_SILENT","items_purchased":["Crippling Poison"],"campfire_rested":2,"item_purchase_floors":[3],"current_hp_per_floor":[38,27,27,23,18,37,4,23,23,0,0],"gold":110,"neow_bonus":"TRANSFORM_TWO_CARDS","is_daily":false,"chose_seed":false,"campfire_upgraded":0,"win_rate":0.0,"timestamp":1610642391,"path_taken":["M","?","$","M","M","R","E","R","T","E"],"items_purchased_type":["Card"],"build_version":"2020-12-22","purchased_purges":1,"victory":false,"max_hp_per_floor":[66,66,66,66,66,66,66,66,66,66,66],"card_choices":[{"not_picked":["PiercingWail","Calculated Gamble"],"picked":"Escape Plan","floor":1},{"not_picked":["Dagger Throw","Flying Knee"],"picked":"Footwork","floor":4},{"not_picked":["Finisher","Backflip"],"picked":"Prepared","floor":5},{"not_picked":["Riddle With Holes","Sucker Punch"],"picked":"Poisoned Stab","floor":7}],"player_experience":656653,"relics_obtained":[{"floor":7,"key":"Whetstone"},{"floor":9,"key":"Smiling Mask"}],"event_choices":[{"damage_healed":0,"gold_gain":75,"player_choice":"Gather Gold","damage_taken":11,"max_hp_gain":0,"max_hp_loss":0,"event_name":"World of Goop","floor":2,"gold_loss":0}],"is_beta":false,"boss_relics":[],"items_purged_floors":[3],"is_endless":false,"potions_floor_spawned":[7],"killed_by":"Lagavulin","ascension_level":20}}