{"host":"qojc688juf5ijsln","time":1610592770,"event":{"mods":["AchievementEnabler","BaseMod","BetterRewards","Colored Powertips","Highlight Path","Minty Spire (QoL Compilation)","Quick Restart","Shop Mod","StSLib"],"gold_per_floor":[111,61,61,61,136,161,175,175,175,125,125,139,169,185,185,185,185],"floor_reached":16,"language":"ZHS","playtime":463,"items_purged":[],"score":113,"play_id":"37426f63-0e0a-4dab-89e9-1fa6bb2531bd","local_time":"20210114105250","is_ascension_mode":true,"campfire_choices":[{"floor":8,"key":"REST"},{"data":"Streamline","floor":11,"key":"SMITH"},{"data":"Dualcast","floor":15,"key":"SMITH"}],"circlet_count":0,"master_deck":["Strike_B","Strike_B","Strike_B","Defend_B","Defend_B","Defend_B","Defend_B","Zap","Dualcast+1","Redo","Streamline+1","Redo"],"relics":["Cracked Core","Unceasing Top","TungstenRod","Symbiotic Virus","Sundial","Eternal Feather","Matryoshka"],"acts_visited":["Exordium"],"potions_floor_usage":[],"damage_taken":[{"damage":1,"enemies":"2 Louse","floor":1,"turns":3},{"damage":24,"enemies":"3 Sentries","floor":6,"turns":7},{"damage":0,"enemies":"Jaw Worm","floor":7,"turns":4},{"damage":0,"enemies":"Cultist","floor":12,"turns":3},{"damage":7,"enemies":"Lagavulin","floor":13,"turns":4},{"damage":21,"enemies":"Exordium Thugs","floor":14,"turns":4},{"damage":49,"enemies":"Slime Boss","floor":16,"turns":9}],"seed_played":"7557585663344043542","potions_obtained":[{"floor":1,"key":"EssenceOfDarkness"},{"floor":7,"key":"SkillPotion"},{"floor":13,"key":"PowerPotion"}],"is_trial":false,"path_per_floor":["M","?","$","$","?","E","M","R","T","$","R","M","E","M","R","B"],"character_chosen":"DEFECT","items_purchased":["Symbiotic Virus","Streamline"],"campfire_rested":1,"item_purchase_floors":[0,10],"current_hp_per_floor":[74,74,74,74,64,40,40,62,62,62,68,68,61,40,46,0,0],"gold":185,"neow_bonus":"","is_daily":false,"chose_seed":false,"campfire_upgraded":2,"win_rate":0.0,"timestamp":1610592770,"path_taken":["M","?","?","$","?","E","?","R","T","$","R","M","E","M","R","BOSS"],"items_purchased_type":["Relic","Card"],"build_version":"2020-12-22","purchased_purges":0,"victory":false,"max_hp_per_floor":[75,75,75,75,75,75,75,75,75,75,75,75,75,75,75,75,75],"card_choices":[{"not_picked":["Ball Lightning","Rebound","Cold Snap"],"picked":"SKIP","floor":1},{"not_picked":["Force Field","Skim","Heatsinks"],"picked":"SKIP","floor":6},{"not_picked":["Ball Lightning","Go for the Eyes"],"picked":"Redo","floor":7},{"not_picked":["Steam Power","Genetic Algorithm","Hello World"],"picked":"SKIP","floor":12},{"not_picked":["Go for the Eyes","Gash"],"picked":"Redo","floor":13},{"not_picked":["Stack","Sweeping Beam","Compile Driver"],"picked":"SKIP","floor":14}],"player_experience":136548,"relics_obtained":[{"floor":6,"key":"Sundial"},{"floor":9,"key":"Eternal Feather"},{"floor":13,"key":"Matryoshka"}],"event_choices":[{"cards_removed":["Strike_B"],"damage_healed":0,"gold_gain":0,"player_choice":"Card Removal","damage_taken":0,"max_hp_gain":0,"max_hp_loss":0,"event_name":"The Cleric","floor":2,"gold_loss":50},{"damage_healed":0,"gold_gain":75,"player_choice":"Gather Gold","damage_taken":11,"max_hp_gain":0,"max_hp_loss":0,"event_name":"World of Goop","floor":5,"gold_loss":0}],"is_beta":false,"boss_relics":[],"items_purged_floors":[],"is_endless":false,"potions_floor_spawned":[1,7,13],"killed_by":"Slime Boss","ascension_level":1}}