{"host":"xu0zbcebhy6w9mdv","time":1610589786,"event":{"mods":["AchievementEnabler","Act Like it!","Aspiration","BaseMod","Better Match","Better Third Choice","BetterRewards","Colored Powertips","Downfall","Duelist Mod","Friendly Minions","Gensokyo","Hallownest","Hubris","Infinite Spire","Marisa????????","Minty Spire (QoL Compilation)","Potionbrewer","Quick Restart","READ ME - Guardian Mod","READ ME - Snecko Mod","Rare Cards Sparkle","Replay The Spire","Shop Mod","StSLib","The Animator","The Blackbeard","The Bug Knight","The Cursed","The Hierophant","The Necromancer","The Runesmith","The Servant 0.9.4"],"gold_per_floor":[136,152,170,170,185,219,236,236,236,265,276,289,289,137,137,211,211,226,242,242,261,205,231,231,231,231],"floor_reached":25,"language":"ENG","playtime":886,"items_purged":[],"score":745,"play_id":"cd2d0690-6654-4ea3-8ebf-337b3b9217fc","local_time":"20210113210306","is_ascension_mode":true,"campfire_choices":[{"floor":8,"key":"REST"},{"data":"theDuelist:MillenniumGolem","floor":13,"key":"SMITH"},{"floor":15,"key":"REST"},{"floor":24,"key":"REST"}],"circlet_count":0,"master_deck":["AscendersBane","theDuelist:AttackMetronome","theDuelist:AttackMetronome","theDuelist:AttackMetronome","theDuelist:AttackMetronome","theDuelist:BlockMetronome","theDuelist:BlockMetronome","theDuelist:BlockMetronome","theDuelist:Metronome+1","theDuelist:Metronome+1","theDuelist:PowerMetronome","theDuelist:SkillMetronome","theDuelist:SkillMetronome","theDuelist:TrapMetronome","theDuelist:UncommonAttackMetronome","theDuelist:UncommonAttackMetronome","theDuelist:MillenniumGolem+1","theDuelist:RareAttackMetronome","theDuelist:Metronome+1","theDuelist:WarriorMetronome+1"],"relics":["theDuelist:MillenniumPuzzle","theDuelist:CardPoolRelic","theDuelist:CardPoolBasicRelic","theDuelist:BoosterPackPoolRelic","theDuelist:CardPoolAddRelic","theDuelist:CardPoolMinusRelic","theDuelist:CardPoolSaveRelic","theDuelist:CardPoolOptionsRelic","Bronze Scales","Guide Book","Vajra","theDuelist:SolderToken","Lantern","Toxic Egg 2","hubris:MobiusCoin","Bronze Scales","Philosopher\u0027s Stone","Toy Ornithopter"],"acts_visited":["Exordium","TheCity"],"potions_floor_usage":[6,16,19,21,23],"damage_taken":[{"damage":0,"enemies":"Cultist","floor":1,"turns":2},{"damage":0,"enemies":"infinitespire:Voidling","floor":2,"turns":2},{"damage":0,"enemies":"Small Slimes","floor":3,"turns":1},{"damage":14,"enemies":"Red Slaver","floor":5,"turns":1},{"damage":0,"enemies":"Replay:BlueRogue","floor":6,"turns":1},{"damage":0,"enemies":"Blue Slaver","floor":7,"turns":2},{"damage":1,"enemies":"3 Sentries","floor":10,"turns":3},{"damage":11,"enemies":"Lots of Slimes","floor":11,"turns":3},{"damage":0,"enemies":"Exordium Thugs","floor":12,"turns":2},{"damage":6,"enemies":"The Guardian","floor":16,"turns":6},{"damage":10,"enemies":"3 Byrds","floor":18,"turns":1},{"damage":43,"enemies":"Snake Plant","floor":19,"turns":3},{"damage":4,"enemies":"Shelled Parasite and Fungi","floor":21,"turns":2},{"damage":8,"enemies":"theDuelist:KaibaA2","floor":23,"turns":3},{"damage":27,"enemies":"Nightmare","floor":25,"turns":4}],"seed_played":"-8420998527307447680","potions_obtained":[{"floor":3,"key":"potionbrewer:NoxiousPotion"},{"floor":6,"key":"theDuelist:BarricadePotion"},{"floor":7,"key":"AttackPotion"},{"floor":19,"key":"Weak Potion"}],"is_trial":false,"path_per_floor":["M","M","M","$","M","E","M","R","T","E","M","M","R","?","R","B",null,"M","M","?","M","$","E","R","NM"],"character_chosen":"THE_DUELIST","items_purchased":["Bronze Scales","Guide Book","Vajra","theDuelist:UncommonAttackMetronome","theDuelist:SolderToken","Block Potion"],"campfire_rested":3,"item_purchase_floors":[0,0,0,0,0,22],"current_hp_per_floor":[56,56,56,56,42,42,42,63,63,62,51,51,51,51,70,64,69,59,16,16,12,12,4,25,0,0],"gold":231,"neow_bonus":"","is_daily":false,"chose_seed":false,"campfire_upgraded":1,"win_rate":0.0,"timestamp":1610589786,"path_taken":["M","?","M","$","M","E","M","R","T","E","?","M","R","?","R","BOSS","M","M","?","?","$","E","R","NM"],"items_purchased_type":["Relic","Relic","Relic","Card","Relic","Potion"],"build_version":"2020-12-22","purchased_purges":0,"victory":false,"max_hp_per_floor":[70,70,70,70,70,70,70,70,70,70,70,70,70,70,70,70,70,70,70,70,70,70,70,70,70,70],"card_choices":[{"not_picked":["theDuelist:DestroyerGolem","theDuelist:ClearKuriboh","theDuelist:WormKing","theDuelist:Blockman","theDuelist:AttackTheMoon"],"picked":"SKIP","floor":1},{"not_picked":["theDuelist:EarthquakeGiant","theDuelist:ClearKuriboh","theDuelist:GraniteLoyalist","theDuelist:BigFire","theDuelist:DestroyerGolem"],"picked":"SKIP","floor":2},{"not_picked":["theDuelist:DestroyerGolem","theDuelist:EvilswarmHeliotrope","theDuelist:Blockman","theDuelist:ForbiddenLance"],"picked":"theDuelist:MillenniumGolem","floor":3},{"not_picked":["theDuelist:MillenniumGolem","theDuelist:WormKing","theDuelist:BlockGolem","theDuelist:ScrapFactory","theDuelist:WeepingIdol"],"picked":"SKIP","floor":5},{"not_picked":["theDuelist:DestroyerGolem","theDuelist:GaiaMidNightSun","theDuelist:ClearKuriboh","theDuelist:MillenniumGolem","theDuelist:WormWarlord"],"picked":"SKIP","floor":6},{"not_picked":["theDuelist:BattleguardKing","theDuelist:FuryFire","theDuelist:WormWarlord","theDuelist:DestroyerGolem","theDuelist:GauntletWarrior"],"picked":"SKIP","floor":7},{"not_picked":["theDuelist:BattleguardKing","theDuelist:BattleOx","theDuelist:AttackTheMoon","theDuelist:GauntletWarrior","theDuelist:ClearKuriboh"],"picked":"SKIP","floor":10},{"not_picked":["theDuelist:DestroyerGolem","theDuelist:WormWarlord","theDuelist:GreenGraveOni+1","theDuelist:HarpieFeather+1","theDuelist:Wiretap+1"],"picked":"SKIP","floor":11},{"not_picked":["theDuelist:RoseMetronome+1","theDuelist:GhostrickMetronome+1","theDuelist:BlockSpellMetronome+1","theDuelist:AttackTrapMetronome"],"picked":"theDuelist:RareAttackMetronome","floor":12},{"not_picked":["theDuelist:UncommonMetronome+1","theDuelist:RarePowerMetronome","theDuelist:MayakashiMetronome+1","theDuelist:GhostrickMetronome+1"],"picked":"theDuelist:Metronome+1","floor":18},{"not_picked":["theDuelist:BattleguardKing","theDuelist:AttackTheMoon","theDuelist:ClearKuriboh","theDuelist:Raigeki","theDuelist:SolemnStrike"],"picked":"SKIP","floor":19},{"not_picked":["theDuelist:TrapMetronome+1","theDuelist:SpiderMetronome+1","theDuelist:MachineMetronome+1","theDuelist:DragonMetronome+1","theDuelist:OjamaMetronome+1"],"picked":"SKIP","floor":21},{"not_picked":["theDuelist:RarePowerMetronome+1","theDuelist:PelagicMetronome+1","theDuelist:Metronome+1","theDuelist:BlockMetronome+1"],"picked":"theDuelist:WarriorMetronome+1","floor":23}],"player_experience":614199,"relics_obtained":[{"floor":6,"key":"Lantern"},{"floor":9,"key":"Toxic Egg 2"},{"floor":10,"key":"hubris:MobiusCoin"},{"floor":23,"key":"Toy Ornithopter"}],"event_choices":[{"damage_healed":0,"gold_gain":0,"player_choice":"Duplicated Relic - Bronze Scales","duelist":true,"damage_taken":0,"max_hp_gain":0,"max_hp_loss":0,"event_name":"Relic Duplicator","floor":14,"gold_loss":0},{"damage_healed":0,"gold_gain":0,"player_choice":"Ignored","damage_taken":0,"max_hp_gain":0,"max_hp_loss":0,"event_name":"Duplicator","floor":20,"gold_loss":0}],"is_beta":false,"boss_relics":[{"not_picked":["Runic Dome","ReplayTheSpireMod:SealedPack"],"picked":"Philosopher\u0027s Stone"}],"items_purged_floors":[],"is_endless":false,"potions_floor_spawned":[3,6,7,10,12,19],"killed_by":"Nightmare","ascension_level":20}}