{"host":"y76x98twjnyyxs83","time":1610663912,"event":{"mods":["BaseMod","Colored Powertips","Minty Spire (QoL Compilation)","Permanent Neow","Quick Restart","Rare Cards Sparkle","Relic Stats","StSLib"],"gold_per_floor":[116,116,116,141,157,196,121,155,155,188,208,227,227,243,243,341,341,355,355,355,17,32,68,68,112,112,145,145,165,184,229,229,334,334,352,574,312,1329,496,496,545,569,642,683,712,712,752,792,792,792,792,792,256,301,301,301],"floor_reached":55,"language":"ENG","playtime":3352,"items_purged":["Strike_R","Strike_R+1","Strike_R+1","Normality","Normality"],"score":1687,"play_id":"cae39665-5e03-467c-8820-f34bedafe323","local_time":"20210115063832","is_ascension_mode":true,"campfire_choices":[{"floor":15,"key":"RECALL"},{"floor":24,"key":"REST"},{"floor":32,"key":"REST"}],"circlet_count":0,"master_deck":["AscendersBane","Strike_R+1","Strike_R+1","Defend_R+1","Defend_R+1","Defend_R+1","Defend_R+1","Bash+1","Feel No Pain","Uppercut+1","Immolate+1","Shockwave","Dual Wield","True Grit","Corruption","Second Wind","Shrug It Off+1","Berserk","Flame Barrier","Disarm","Havoc","Barricade","Brutality","Disarm","Evolve","Feel No Pain","Apotheosis","Dropkick","Bludgeon","Pommel Strike+1","Parasite","Whirlwind","Entrench+1","Shrug It Off","Limit Break"],"relics":["Fusion Hammer","Golden Idol","Singing Bowl","Meat on the Bone","Paper Frog","Du-Vu Doll","Runic Dome","Nilry\u0027s Codex","OrangePellets","Mummified Hand","Mango","Whetstone","Red Mask","CeramicFish","Coffee Dripper","Prayer Wheel","Red Skull","Akabeko","Smiling Mask","HornCleat","Blood Vial","Pen Nib"],"acts_visited":["Exordium","TheCity","TheBeyond","TheEnding"],"potions_floor_usage":[16,18,25,41,55,55],"damage_taken":[{"damage":0.0,"enemies":"Cultist","floor":1.0,"turns":3.0},{"damage":2.0,"enemies":"Jaw Worm","floor":4.0,"turns":4.0},{"damage":0.0,"enemies":"2 Louse","floor":5.0,"turns":3.0},{"damage":15.0,"enemies":"3 Sentries","floor":6.0,"turns":9.0},{"damage":8.0,"enemies":"Gremlin Nob","floor":8.0,"turns":3.0},{"damage":12.0,"enemies":"3 Sentries","floor":10.0,"turns":4.0},{"damage":0,"enemies":"Exordium Wildlife","floor":11,"turns":2},{"damage":0,"enemies":"3 Louse","floor":12,"turns":3},{"damage":4,"enemies":"2 Fungi Beasts","floor":14,"turns":2},{"damage":28,"enemies":"Slime Boss","floor":16,"turns":10},{"damage":4,"enemies":"2 Thieves","floor":18,"turns":3},{"damage":0,"enemies":"Chosen","floor":22,"turns":2},{"damage":41,"enemies":"Gremlin Leader","floor":23,"turns":7},{"damage":38,"enemies":"Slavers","floor":25,"turns":6},{"damage":13,"enemies":"Masked Bandits","floor":27,"turns":3},{"damage":0,"enemies":"Snecko","floor":29,"turns":4},{"damage":39,"enemies":"Cultist and Chosen","floor":30,"turns":7},{"damage":15,"enemies":"Gremlin Leader","floor":31,"turns":6},{"damage":38,"enemies":"Automaton","floor":33,"turns":9},{"damage":2,"enemies":"Orb Walker","floor":35,"turns":3},{"damage":15,"enemies":"Giant Head","floor":41,"turns":10},{"damage":41,"enemies":"3 Darklings","floor":42,"turns":6},{"damage":1,"enemies":"Nemesis","floor":44,"turns":7},{"damage":21,"enemies":"4 Shapes","floor":45,"turns":7},{"damage":16,"enemies":"Giant Head","floor":47,"turns":8},{"damage":12,"enemies":"Writhing Mass","floor":48,"turns":7},{"damage":27,"enemies":"Awakened One","floor":50,"turns":11},{"damage":51,"enemies":"Shield and Spear","floor":54,"turns":7},{"damage":47,"enemies":"The Heart","floor":55,"turns":6}],"seed_played":"4418139705169174103","potions_obtained":[{"floor":1.0,"key":"PowerPotion"},{"floor":11,"key":"BlessingOfTheForge"},{"floor":16,"key":"Fire Potion"},{"floor":22,"key":"FairyPotion"},{"floor":25,"key":"EssenceOfSteel"},{"floor":27,"key":"GamblersBrew"},{"floor":29,"key":"LiquidMemories"},{"floor":41,"key":"PowerPotion"}],"is_trial":false,"path_per_floor":["M","?","?","M","M","E","$","E","T","E","M","M","?","M","R","B",null,"M","?","?","$","M","E","R","E","T","?","?","M","M","E","R","B",null,"M","?","$","?","$","R","E","M","T","E","M","R","E","M","R","B",null,"R","$","E","B"],"character_chosen":"IRONCLAD","items_purchased":["OrangePellets","Second Wind","Disarm","Evolve","Feel No Pain","Apotheosis","Dropkick","Prayer Wheel","HornCleat","Blood Vial","Shrug It Off"],"campfire_rested":2,"item_purchase_floors":[21,21,37,37,39,39,39,39,53,53,53],"current_hp_per_floor":[68,45,45,43,43,28,28,22,22,22,36,48,48,44,44,28,61,59,38,38,38,38,32,54,44,44,43,43,55,28,25,52,26,74,74,74,74,74,74,74,59,34,34,47,40,40,38,38,38,23,82,82,82,45,0,0],"gold":301,"neow_bonus":"BOSS_RELIC","is_daily":false,"chose_seed":false,"campfire_upgraded":0,"win_rate":0.0,"timestamp":1610663912,"path_taken":["M","?","?","M","M","E","?","E","T","E","M","M","?","M","R","BOSS","M","?","?","$","M","E","R","E","T","?","?","M","M","E","R","BOSS","M","?","$","?","$","R","E","M","T","E","M","R","E","M","R","BOSS","R","$","E","BOSS"],"items_purchased_type":["Relic","Card","Card","Card","Card","Card","Card","Relic","Relic","Relic","Card"],"build_version":"2020-12-22","purchased_purges":5,"victory":false,"max_hp_per_floor":[75,75,68,68,68,68,68,70,70,70,72,72,72,72,72,72,72,74,74,74,74,74,74,74,90,90,90,90,90,90,90,90,90,90,92,92,92,92,92,92,92,96,96,98,100,100,102,102,102,102,102,102,102,102,102,102],"relic_stats":{"Singing Bowl":20,"counters":[29,162],"Golden Idol":190,"CeramicFish":144,"Pen Nib":[0],"Whetstone":["Immolate","Bash"],"Smiling Mask":125,"Blood Vial":4,"OrangePellets":[24],"Mummified Hand":[107],"Prayer Wheel":3,"obtain_stats":[{"Singing Bowl":6,"Golden Idol":3,"Nilry\u0027s Codex":19,"CeramicFish":31,"Mango":25,"Pen Nib":54,"Whetstone":26,"Smiling Mask":47,"Burning Blood":0,"Akabeko":44,"Du-Vu Doll":10,"Blood Vial":53,"Runic Dome":17,"OrangePellets":21,"HornCleat":53,"Mummified Hand":23,"Prayer Wheel":39,"Fusion Hammer":0,"Red Mask":27,"Coffee Dripper":34,"Red Skull":41,"Meat on the Bone":8,"Paper Frog":9},{"Singing Bowl":4,"Golden Idol":1,"Nilry\u0027s Codex":11,"CeramicFish":18,"Mango":14,"Pen Nib":28,"Whetstone":14,"Smiling Mask":25,"Burning Blood":0,"Akabeko":23,"Du-Vu Doll":6,"Blood Vial":27,"Runic Dome":10,"OrangePellets":11,"HornCleat":27,"Mummified Hand":13,"Prayer Wheel":20,"Fusion Hammer":0,"Red Mask":15,"Coffee Dripper":19,"Red Skull":21,"Meat on the Bone":5,"Paper Frog":5},{"Singing Bowl":19,"Golden Idol":3,"Nilry\u0027s Codex":46,"CeramicFish":81,"Mango":61,"Pen Nib":156,"Whetstone":61,"Smiling Mask":131,"Burning Blood":0,"Akabeko":116,"Du-Vu Doll":26,"Blood Vial":149,"Runic Dome":43,"OrangePellets":46,"HornCleat":149,"Mummified Hand":55,"Prayer Wheel":93,"Fusion Hammer":0,"Red Mask":64,"Coffee Dripper":90,"Red Skull":103,"Meat on the Bone":22,"Paper Frog":22}],"Meat on the Bone":216},"card_choices":[{"not_picked":["Dual Wield","Perfected Strike","Heavy Blade"],"picked":"SKIP","floor":1.0},{"not_picked":["True Grit","Entrench"],"picked":"Feel No Pain","floor":4.0},{"not_picked":["Fire Breathing","Hemokinesis"],"picked":"Uppercut","floor":5.0},{"not_picked":["Searing Blow","Sword Boomerang"],"picked":"Immolate","floor":6.0},{"not_picked":["True Grit","Rupture","Entrench"],"picked":"Singing Bowl","floor":8.0},{"not_picked":["Havoc","Iron Wave"],"picked":"Shockwave","floor":10.0},{"not_picked":["Metallicize","Warcry","Rupture"],"picked":"Singing Bowl","floor":11},{"not_picked":["Cleave","Sword Boomerang"],"picked":"Dual Wield","floor":12},{"not_picked":["Dual Wield","Power Through"],"picked":"True Grit","floor":14},{"not_picked":["Reaper","Exhume"],"picked":"Corruption","floor":16},{"not_picked":["Iron Wave","Heavy Blade","Fire Breathing"],"picked":"Singing Bowl","floor":18},{"not_picked":["Body Slam","Entrench"],"picked":"Shrug It Off+1","floor":22},{"not_picked":["Intimidate","Exhume"],"picked":"Berserk","floor":23},{"not_picked":["Sword Boomerang","Reckless Charge","Perfected Strike"],"picked":"Singing Bowl","floor":25},{"not_picked":["Pommel Strike","Thunderclap"],"picked":"Flame Barrier","floor":27},{"not_picked":["Power Through","Clash"],"picked":"Disarm","floor":29},{"not_picked":["True Grit","Uppercut"],"picked":"Havoc","floor":30},{"not_picked":["Shockwave+1","Demon Form"],"picked":"Barricade","floor":31},{"not_picked":["Bludgeon","Immolate"],"picked":"Brutality","floor":33},{"not_picked":["Pummel","Searing Blow","Heavy Blade+1"],"picked":"Singing Bowl","floor":35},{"not_picked":["Disarm+1","Power Through"],"picked":"Bludgeon","floor":41},{"not_picked":["Blood for Blood","Shrug It Off","Thunderclap"],"picked":"Singing Bowl","floor":42},{"not_picked":["Flex","Second Wind","Iron Wave"],"picked":"SKIP","floor":42},{"not_picked":["Flex","Second Wind","Iron Wave"],"picked":"Singing Bowl","floor":42},{"not_picked":["Inflame","Second Wind+1","Heavy Blade+1"],"picked":"Singing Bowl","floor":44},{"not_picked":["Anger+1","Heavy Blade","Thunderclap+1"],"picked":"Singing Bowl","floor":45},{"not_picked":["Wild Strike","Rampage+1"],"picked":"Pommel Strike+1","floor":45},{"not_picked":["Inflame","Intimidate","Armaments+1"],"picked":"Singing Bowl","floor":47},{"not_picked":["Warcry","Twin Strike"],"picked":"Whirlwind","floor":48},{"not_picked":["Body Slam","Flex"],"picked":"Entrench+1","floor":48},{"not_picked":["Havoc+1","Rage"],"picked":"Limit Break","floor":54}],"player_experience":1147253,"relics_obtained":[{"floor":6.0,"key":"Singing Bowl"},{"floor":8.0,"key":"Meat on the Bone"},{"floor":9.0,"key":"Paper Frog"},{"floor":10.0,"key":"Du-Vu Doll"},{"floor":19,"key":"Nilry\u0027s Codex"},{"floor":23,"key":"Mummified Hand"},{"floor":25,"key":"Mango"},{"floor":26,"key":"Whetstone"},{"floor":27,"key":"Red Mask"},{"floor":31,"key":"CeramicFish"},{"floor":41,"key":"Red Skull"},{"floor":44,"key":"Akabeko"},{"floor":47,"key":"Smiling Mask"},{"floor":54,"key":"Pen Nib"}],"event_choices":[{"damage_healed":0.0,"max_hp_gain":0.0,"max_hp_loss":0.0,"gold_gain":0.0,"event_name":"Shining Light","player_choice":"Entered Light","floor":2.0,"gold_loss":0.0,"damage_taken":23.0,"cards_upgraded":["Defend_R","Strike_R"]},{"damage_healed":0.0,"max_hp_gain":0.0,"max_hp_loss":7.0,"gold_gain":0.0,"event_name":"Golden Idol","player_choice":"Lose Max HP","floor":3.0,"gold_loss":0.0,"damage_taken":0.0,"relics_obtained":["Golden Idol"]},{"damage_healed":0,"gold_gain":0,"player_choice":"Grow","damage_taken":0,"max_hp_gain":0,"max_hp_loss":0,"event_name":"Living Wall","floor":13,"gold_loss":0,"cards_upgraded":["Uppercut"]},{"damage_healed":0,"gold_gain":0,"player_choice":"Obtained Book","damage_taken":21,"max_hp_gain":0,"max_hp_loss":0,"event_name":"Cursed Tome","floor":19,"gold_loss":0},{"damage_healed":0,"gold_gain":0,"player_choice":"Simplicity","damage_taken":0,"max_hp_gain":0,"max_hp_loss":0,"event_name":"Back to Basics","floor":20,"gold_loss":0,"cards_upgraded":["Strike_R","Strike_R","Strike_R","Defend_R","Defend_R","Defend_R"]},{"damage_healed":0,"gold_gain":0,"player_choice":"Fought Bandits","damage_taken":0,"max_hp_gain":0,"max_hp_loss":0,"event_name":"Masked Bandits","floor":27,"gold_loss":0},{"damage_healed":0,"gold_gain":0,"player_choice":"Ignored","damage_taken":0,"max_hp_gain":0,"max_hp_loss":0,"event_name":"Ghosts","floor":28,"gold_loss":0},{"damage_healed":0,"gold_gain":222,"player_choice":"Wore Mask","damage_taken":0,"max_hp_gain":0,"max_hp_loss":0,"event_name":"Tomb of Lord Red Mask","floor":36,"gold_loss":0},{"damage_healed":0,"gold_gain":999,"player_choice":"Gold","damage_taken":0,"max_hp_gain":0,"max_hp_loss":0,"event_name":"MindBloom","floor":38,"gold_loss":0,"cards_obtained":["Normality","Normality"]}],"is_beta":false,"boss_relics":[{"not_picked":["Runic Cube","Empty Cage"],"picked":"Runic Dome"},{"not_picked":["Sozu","Black Star"],"picked":"Coffee Dripper"}],"items_purged_floors":[7,21,37,39,53],"is_endless":false,"potions_floor_spawned":[1,11,12,16,22,25,27,29,31,41,45,54],"killed_by":"The Heart","ascension_level":17}}