{"host":"uxx7prhn9zlu6i2v","time":1610660207,"event":{"mods":["100% Spire Juice","2.2 Compatiblity","AchievementEnabler","Act Like it!","BaseMod","CapriCore","Colored Powertips","Dio Mod","Gensokyo","GifTheSpireLib","KomeijiMod","Marisa????????","Minty Spire (QoL Compilation)","Pale of the Ancients","Permanent Neow","Quick Restart","RNG Fix","Rare Cards Sparkle","Reimu??????","Relic Filter","Relic Sorter","Relic Stats","Spicy Shops","StSLib","Strawberry Spire","The Administrix","The Bug Knight","The Exalted","The Immortal","The Mystic","Wandering Minibosses","Yakumo Yukari mod","??????REMEMod"],"gold_per_floor":[177,195,20,0,0,0,0,0,23,23,42,5,5,5,5,101,101,101,101,101,101,101,101,101,101,101,101,101,101,101,26,26,26,26,26,26,26,26,26,26,26,26,26,26,26,26,26,26,26,26,26,26,26,26,26,26,26,26,26],"floor_reached":61,"language":"ENG","playtime":2889,"items_purged":["Strike_Remiria"],"score":1841,"play_id":"7e564c16-c2e4-44fd-b669-55d6e2eda97b","local_time":"20210114153647","is_ascension_mode":true,"campfire_choices":[{"data":"TricksterDevil","floor":6,"key":"SMITH"},{"data":"Scratch","floor":10,"key":"SMITH"},{"data":"FierceSweep","floor":15,"key":"SMITH"},{"data":"HeartBreak_Remiria","floor":23,"key":"SMITH"},{"data":"ScarletDestiny","floor":30,"key":"SMITH"},{"data":"NightDance","floor":32,"key":"SMITH"},{"data":"BadLadyScramble","floor":40,"key":"SMITH"},{"data":"Gensokyo:Dawn","floor":46,"key":"SMITH"},{"data":"Gensokyo:ManorOfTheDishes","floor":49,"key":"SMITH"},{"data":"Cripple","floor":55,"key":"SMITH"},{"data":"Dash","floor":57,"key":"SMITH"}],"circlet_count":0,"master_deck":["Strike_Remiria","Strike_Remiria","Defend_Remirira","Defend_Remirira","Defend_Remirira","Absorbed+1","TricksterDevil+1","FierceSweep+1","NightDance+1","BodyStrengthen","Moonworks:PlushieMaster+1","HeartBreak_Remiria+1","StigmaNizer+1","Dash+1","Cripple+1","BloodySuit+1","ScarletDestiny+1","Gensokyo:ManorOfTheDishes+1","Gensokyo:ShootingStar","BadLadyScramble+1","CurseOfTheBell","Gensokyo:Dawn+1","ThirstForBlood+1"],"relics":["ThirstyCrossSpe","REME_ComplimentaryCards","Juzu Bracelet","Gensokyo:PortableGap","Happy Flower","Centennial Puzzle","Ectoplasm","Gensokyo:RedStar","WingedGreaves","Bromod:ArcaneUltimatum","MawBank","Mastiff:ReiMu","Calling Bell","strawberrySpire:ElefentMask","Bromod:ArcaneAwakening","strawberrySpire:BonfireDress","Potion Belt","Eternal Feather","strawberrySpire:KineticCharger","Gensokyo:TheCrow","paleoftheancients:Timepiece","HollowMod:LifeEnderRelic","paleoftheancients:SoulOfTheShrineMaiden"],"acts_visited":["Gensokyo:Gensokyo","Gensokyo:Gensokyoer","Gensokyo:Gensokyoest","paleoftheancients:PaleOfTheAncients"],"potions_floor_usage":[25,25,33,50],"damage_taken":[{"damage":2,"enemies":"Gensokyo:Gryphon","floor":1,"turns":5},{"damage":0,"enemies":"Gensokyo:Python","floor":2,"turns":3},{"damage":5,"enemies":"Gensokyo:2_Kodama","floor":11,"turns":4},{"damage":20,"enemies":"Gensokyo:Reimu","floor":16,"turns":6},{"damage":3,"enemies":"Gensokyo:2_Gloops","floor":18,"turns":4},{"damage":2,"enemies":"Gensokyo:AngelMirror","floor":21,"turns":2},{"damage":8,"enemies":"Gensokyo:AngelMirror","floor":22,"turns":7},{"damage":5,"enemies":"Gensokyo:Slime_Group","floor":24,"turns":3},{"damage":0,"enemies":"Gensokyo:Tenshi","floor":25,"turns":4},{"damage":0,"enemies":"Gensokyo:Wraith","floor":27,"turns":3},{"damage":0,"enemies":"Gensokyo:Eternal_Rivals","floor":33,"turns":8},{"damage":0,"enemies":"Gensokyo:3_Boulders","floor":35,"turns":3},{"damage":37,"enemies":"Gensokyo:3_Boulders","floor":44,"turns":7},{"damage":5,"enemies":"Gensokyo:3_Bats","floor":47,"turns":3},{"damage":61,"enemies":"Gensokyo:Shinki","floor":50,"turns":10},{"damage":0,"enemies":"Gensokyo:Shinki","floor":51,"turns":7},{"damage":0,"enemies":"Gensokyo:Shinki","floor":56,"turns":12},{"damage":107,"enemies":"paleoftheancients:N","floor":60,"turns":7}],"seed_played":"-5414615879884975299","potions_obtained":[{"floor":1,"key":"AttackPotion"},{"floor":21,"key":"ColorlessPotion"},{"floor":24,"key":"SkillPotion"},{"floor":47,"key":"REME_GoldPotion"},{"floor":56,"key":"ZuzhouPotion:ReiMu"}],"is_trial":false,"path_per_floor":["M","M","$","?","?","R","?","?","T","R","M","$","?","$","R","B",null,"M","?","?","M","?","R","M","E","T","M","?","?","R","$","R","B",null,"M","?","?","?","?","R","T","?","T","?","?","R","M","?","R","B","M","?","T","R","M","R","$","?","B",null],"character_chosen":"RemiriaScarlet","items_purchased":["Juzu Bracelet","StigmaNizer","ThePrice"],"campfire_rested":0,"item_purchase_floors":[3,3,12],"current_hp_per_floor":[88,88,88,98,90,87,87,87,87,87,82,82,82,82,82,62,79,76,76,76,74,66,66,61,61,61,61,61,61,61,61,61,76,76,76,76,76,76,76,76,76,61,61,61,61,73,68,68,76,67,72,72,72,73,66,73,73,73,69],"gold":26,"neow_bonus":"UPGRADE_CARD","is_daily":false,"chose_seed":false,"campfire_upgraded":11,"win_rate":0.0,"timestamp":1610660207,"path_taken":["M","?","$","?","?","R","?","?","T","R","M","?","?","?","R","BOSS","M","?","?","M","?","R","M","E","T","M","?","?","R","?","R","BOSS","M","?","?","?","?","R","?","?","T","?","?","R","M","?","R","BOSS","M","?","T","R","M","R","$","?","BOSS"],"items_purchased_type":["Relic","Card","Card"],"build_version":"2020-12-22","purchased_purges":1,"victory":true,"max_hp_per_floor":[100,100,100,100,90,87,87,87,87,87,87,87,84,84,84,84,84,84,84,84,84,84,84,84,84,84,84,84,76,76,76,76,76,76,76,76,76,76,76,76,76,76,76,76,76,76,76,76,76,76,73,73,73,73,73,73,73,73,73],"relic_stats":{"Centennial Puzzle":[30],"Happy Flower":[30],"counters":[18,93],"Eternal Feather":28,"Ectoplasm":510,"Juzu Bracelet":5,"MawBank":0,"obtain_stats":[{"Bromod:ArcaneUltimatum":22,"Potion Belt":41,"HollowMod:LifeEnderRelic":54,"Happy Flower":7,"Gensokyo:TheCrow":45,"Eternal Feather":42,"Juzu Bracelet":3,"paleoftheancients:SoulOfTheShrineMaiden":56,"Gensokyo:PortableGap":5,"Gensokyo:RedStar":20,"MawBank":25,"Calling Bell":34,"Bromod:ArcaneAwakening":34,"paleoftheancients:Timepiece":50,"Centennial Puzzle":9,"ThirstyCrossSpe":0,"strawberrySpire:KineticCharger":43,"Mastiff:ReiMu":26,"Ectoplasm":17,"WingedGreaves":22,"strawberrySpire:ElefentMask":34,"strawberrySpire:BonfireDress":34,"REME_ComplimentaryCards":0},{"Bromod:ArcaneUltimatum":7,"Potion Belt":12,"HollowMod:LifeEnderRelic":16,"Happy Flower":2,"Gensokyo:TheCrow":13,"Eternal Feather":12,"Juzu Bracelet":2,"paleoftheancients:SoulOfTheShrineMaiden":17,"Gensokyo:PortableGap":2,"Gensokyo:RedStar":5,"MawBank":9,"Calling Bell":11,"Bromod:ArcaneAwakening":11,"paleoftheancients:Timepiece":15,"Centennial Puzzle":2,"ThirstyCrossSpe":0,"strawberrySpire:KineticCharger":12,"Mastiff:ReiMu":9,"Ectoplasm":4,"WingedGreaves":7,"strawberrySpire:ElefentMask":11,"strawberrySpire:BonfireDress":11,"REME_ComplimentaryCards":0},{"Bromod:ArcaneUltimatum":30,"Potion Belt":49,"HollowMod:LifeEnderRelic":75,"Happy Flower":7,"Gensokyo:TheCrow":56,"Eternal Feather":49,"Juzu Bracelet":7,"paleoftheancients:SoulOfTheShrineMaiden":87,"Gensokyo:PortableGap":7,"Gensokyo:RedStar":21,"MawBank":36,"Calling Bell":47,"Bromod:ArcaneAwakening":47,"paleoftheancients:Timepiece":68,"Centennial Puzzle":7,"ThirstyCrossSpe":0,"strawberrySpire:KineticCharger":49,"Mastiff:ReiMu":36,"Ectoplasm":17,"WingedGreaves":30,"strawberrySpire:ElefentMask":47,"strawberrySpire:BonfireDress":47,"REME_ComplimentaryCards":0}]},"card_choices":[{"not_picked":["BloodCleaner","Rewrite","BloodCollect"],"picked":"SKIP","floor":1},{"not_picked":["Exsanguinate","BloodySuit"],"picked":"TricksterDevil","floor":2},{"not_picked":["RocketKickup","Tepes"],"picked":"FierceSweep","floor":11},{"not_picked":["FastHealing","BloodCollect"],"picked":"NightDance","floor":13},{"not_picked":["Warpath","Feint"],"picked":"BodyStrengthen","floor":13},{"not_picked":["BloodCoagulation","AllTheWorldInNightmare"],"picked":"HeartBreak_Remiria","floor":16},{"not_picked":["Impregnable","VampireKiss_Remiria"],"picked":"StigmaNizer+1","floor":18},{"not_picked":["ServantFlier","LifeBreak"],"picked":"Cripple","floor":21},{"not_picked":["ThePrice","BloodCleaner","Septette"],"picked":"SKIP","floor":24},{"not_picked":["ScarletDestiny","ServantFlier"],"picked":"BloodySuit+1","floor":25},{"not_picked":["Cripple","ThirstForBlood+1","Culling+1"],"picked":"SKIP","floor":27},{"not_picked":["Gensokyo:Apocalypse","Gensokyo:TekeTeke"],"picked":"Gensokyo:ManorOfTheDishes","floor":29},{"not_picked":[],"picked":"Gensokyo:ShootingStar","floor":33},{"not_picked":["RemiliaStretch_Remiria","Septette"],"picked":"BadLadyScramble","floor":33},{"not_picked":["BodyStrengthen","DemonsDinnerFork_Remiria","Feint"],"picked":"SKIP","floor":35},{"not_picked":["Gensokyo:DreamlikeParadise","Gensokyo:RisingWorld"],"picked":"Gensokyo:Dawn","floor":44},{"not_picked":["ServantFlier","Cripple+1"],"picked":"ThirstForBlood+1","floor":47},{"not_picked":["DemonsDinnerFork_Remiria","TricksterDevil","BathedInBlood"],"picked":"SKIP","floor":51},{"not_picked":["DemonsDinnerFork_Remiria+1","StigmaNizer+1","BloodSurge"],"picked":"SKIP","floor":56}],"player_experience":1744104,"relics_obtained":[{"floor":9,"key":"Centennial Puzzle"},{"floor":22,"key":"WingedGreaves"},{"floor":22,"key":"Bromod:ArcaneUltimatum"},{"floor":25,"key":"MawBank"},{"floor":26,"key":"Mastiff:ReiMu"},{"floor":34,"key":"strawberrySpire:ElefentMask"},{"floor":34,"key":"Bromod:ArcaneAwakening"},{"floor":34,"key":"strawberrySpire:BonfireDress"},{"floor":41,"key":"Potion Belt"},{"floor":43,"key":"strawberrySpire:KineticCharger"},{"floor":54,"key":"HollowMod:LifeEnderRelic"},{"floor":56,"key":"paleoftheancients:SoulOfTheShrineMaiden"}],"event_choices":[{"cards_removed":["Strike_Remiria"],"damage_healed":0,"gold_gain":0,"player_choice":"Purged","damage_taken":0,"max_hp_gain":0,"max_hp_loss":0,"event_name":"Purifier","floor":53,"gold_loss":0}],"is_beta":false,"boss_relics":[{"not_picked":["strawberrySpire:SolarisEssence","strawberrySpire:Dictionifier"],"picked":"Ectoplasm"},{"not_picked":["KyoryuNoHagoromo","REME_DuelDisc"],"picked":"Calling Bell"}],"items_purged_floors":[31],"is_endless":false,"potions_floor_spawned":[1,21,24,47,56],"ascension_level":10}}