{"host":"0009l0kk6tb2u2kt","time":1610652965,"event":{"mods":["BaseMod","Downfall","Hermit","Hubris","Minty Spire (QoL Compilation)","Replay The Spire","StSLib"],"gold_per_floor":[349,360,460,82,93,111,111,128,160,160,85,104,114,139,151,151,151,151],"floor_reached":16,"language":"ENG","playtime":1447,"items_purged":["hexamod:Strike"],"score":114,"play_id":"ada2d15e-ec52-49db-95af-2affe2fbbace","local_time":"20210114203605","is_ascension_mode":false,"campfire_choices":[{"data":"hexamod:Float","floor":1,"key":"SMITH"},{"data":"hexamod:RainOfEmbers","floor":11,"key":"SMITH"}],"circlet_count":0,"master_deck":["hexamod:Strike","hexamod:Strike","hexamod:Strike","hexamod:Defend","hexamod:Defend","hexamod:Defend","hexamod:Defend","hexamod:Sear","hexamod:Float+1","hexamod:RainOfEmbers+1","hexamod:BurningTouch","hexamod:FastForward","hexamod:ExtraCrispy","hexamod:FastForward","hexamod:Firestarter","hexamod:FirstSeal","hexamod:SoulSteal","hexamod:ThirdSeal","hexamod:GhostflameBarrier"],"relics":["hexamod:SpiritBrand","Letter Opener","ReplayTheSpireMod:Lightbulb","downfall:HeartBlessingBlue","Anchor"],"acts_visited":["Exordium"],"potions_floor_usage":[8,9,16,16],"damage_taken":[{"damage":1,"enemies":"2 Louse","floor":2,"turns":3},{"damage":0,"enemies":"downfall:FleeingMerchant","floor":4,"turns":4},{"damage":0,"enemies":"Cultist","floor":5,"turns":3},{"damage":0,"enemies":"Small Slimes","floor":6,"turns":2},{"damage":13,"enemies":"Exordium Thugs","floor":8,"turns":4},{"damage":24,"enemies":"3 Sentries","floor":9,"turns":5},{"damage":1,"enemies":"Blue Slaver","floor":12,"turns":3},{"damage":4,"enemies":"3 Louse","floor":13,"turns":4},{"damage":14,"enemies":"Lagavulin","floor":14,"turns":6},{"damage":1,"enemies":"Lots of Slimes","floor":15,"turns":4},{"damage":43,"enemies":"downfall:Defect","floor":16,"turns":6}],"seed_played":"8769489045178010379","potions_obtained":[{"floor":5,"key":"hexamod:DoubleChargePotion"},{"floor":6,"key":"PowerPotion"},{"floor":9,"key":"Dexterity Potion"},{"floor":12,"key":"sneckomod:MuddlingPotion"},{"floor":13,"key":"Slimebound:ThreeZeroPotion"}],"is_trial":false,"path_per_floor":["R","M","?","$","M","M","T","M","E","?","R","M","M","E","M","B"],"character_chosen":"THE_SPIRIT","items_purchased":["hexamod:FastForward","Letter Opener"],"campfire_rested":0,"item_purchase_floors":[4,4],"current_hp_per_floor":[63,62,62,62,62,62,62,49,25,25,35,34,37,30,36,0,0,0],"gold":151,"neow_bonus":"TWO_FIFTY_GOLD","is_daily":false,"chose_seed":false,"campfire_upgraded":2,"win_rate":0.0,"timestamp":1610652965,"path_taken":["R","M","?","$","?","M","T","M","E","?","R","M","M","E","M","BOSS"],"items_purchased_type":["Card","Relic"],"build_version":"2020-12-22","purchased_purges":1,"victory":false,"max_hp_per_floor":[63,63,63,63,63,63,63,63,63,63,73,73,73,73,73,73,73,73],"card_choices":[{"not_picked":["hexamod:HauntingEcho","hexamod:InspiringFlames"],"picked":"hexamod:RainOfEmbers","floor":2},{"not_picked":["hexamod:BacktrackSmack","hexamod:FastForward"],"picked":"hexamod:BurningTouch","floor":4},{"not_picked":["hexamod:SecondSeal","hexamod:Hexaguard"],"picked":"hexamod:ExtraCrispy","floor":5},{"not_picked":["hexamod:RainOfEmbers","hexamod:GhostShield"],"picked":"hexamod:FastForward","floor":6},{"not_picked":["hexamod:ExtraCrispy","hexamod:CatchUp"],"picked":"hexamod:Firestarter","floor":8},{"not_picked":["hexamod:GhostShield","hexamod:StepThrough","hexamod:EmpoweringStance"],"picked":"SKIP","floor":9},{"not_picked":["hexamod:GhostLash","hexamod:AdvancingGuard"],"picked":"hexamod:FirstSeal","floor":12},{"not_picked":["hexamod:Firestarter","hexamod:Rewind"],"picked":"hexamod:SoulSteal","floor":13},{"not_picked":["hexamod:GhostShield","hexamod:RecurringNightmare"],"picked":"hexamod:ThirdSeal","floor":14},{"not_picked":["hexamod:RainOfEmbers","hexamod:Firestarter"],"picked":"hexamod:GhostflameBarrier","floor":15},{"not_picked":["hexamod:Hexaguard","hexamod:FastForward","hexamod:Again"],"picked":"SKIP","floor":15}],"player_experience":223136,"relics_obtained":[{"floor":9,"key":"ReplayTheSpireMod:Lightbulb"},{"floor":14,"key":"Anchor"}],"event_choices":[],"is_beta":false,"boss_relics":[],"items_purged_floors":[4],"is_endless":false,"potions_floor_spawned":[5,6,9,12,13],"killed_by":"downfall:Defect","ascension_level":0}}