{"host":"4cgvt8brk2i8ma1b","time":1610651813,"event":{"mods":["Act Like it!","BaseMod","Better Third Choice","Conspire","Downfall","Hallownest","Hubris","Infinite Spire","Jorbs\u0027s Wanderer Trilogy","Minty Spire (QoL Compilation)","Replay The Spire","StSLib","The Bug Knight","The Jungle","The Necromancer","The Poker Player","The Runesmith"],"gold_per_floor":[111,111,158,84,84,113,133,133,133,153,153,182,200,217,217,315,315,334,349,412,412,412,412,412,412,762,371,384,394,394,394,394],"floor_reached":30,"language":"ENG","playtime":2014,"items_purged":["Pain"],"score":265,"play_id":"f273cdc3-699d-4add-bbcc-5cd1ca5e8c21","local_time":"20210114131653","is_ascension_mode":false,"metric_token":1106,"campfire_choices":[{"data":"1","floor":11,"key":"LIFT"},{"data":"2","floor":15,"key":"LIFT"},{"data":"3","floor":23,"key":"LIFT"},{"floor":25,"key":"REST"}],"circlet_count":0,"master_deck":["PokerPlayerMod:Diamond1","PokerPlayerMod:Diamond2","PokerPlayerMod:Diamond3","PokerPlayerMod:Diamond4","PokerPlayerMod:Diamond5","PokerPlayerMod:Spade1","PokerPlayerMod:Spade2","PokerPlayerMod:Spade3","PokerPlayerMod:Spade4","PokerPlayerMod:Club1","PokerPlayerMod:Club2","PokerPlayerMod:Heart2","PokerPlayerMod:TrumpStrike+1","PokerPlayerMod:BadJoker","PokerPlayerMod:Mulligan","PokerPlayerMod:Trickery+1","PokerPlayerMod:DamnStraight","Languid","PokerPlayerMod:Promotion","PokerPlayerMod:ClubStrike","PokerPlayerMod:Diamond5","PokerPlayerMod:DamnStraight","PokerPlayerMod:Overdeal","PokerPlayerMod:FakeSymbols","PokerPlayerMod:Manipulation","PokerPlayerMod:CardBurn+1","hubris:Gluttony","PokerPlayerMod:DamnStraight","Midas Touch","PokerPlayerMod:HeartStrike","PokerPlayerMod:MagicTrick","Hallownest:attackAdjustingAction","PokerPlayerMod:TheDieIsCast"],"relics":["PokerPlayerMod:DeckCase","NeowsBlessing","ReplayTheSpireMod:Ring of Collecting","Ring of Fangs","PreservedInsect","Hallownest:DreamNailRelic","Girya","Replay:Rubber Ducky","SlaversCollar","Whetstone","Red Mask","Ring of Greed","Old Coin","Membership Card","Ancient Tea Set","Boot","conspire:DecoderRing"],"acts_visited":["Hallownest:Greenpath","Hallownest:CityofTears"],"potions_floor_usage":[16,18,20],"damage_taken":[{"damage":0,"enemies":"Hallownest:monsterHuskWarrior","floor":1,"turns":1},{"damage":0,"enemies":"Hallownest:eliteMossKnight","floor":6,"turns":1},{"damage":1,"enemies":"Hallownest:2_Tiktiks_and_1_Crawlid","floor":7,"turns":1},{"damage":6,"enemies":"Hallownest:2_MossCreeps","floor":10,"turns":5},{"damage":10,"enemies":"Hallownest:eliteVengeflyKing","floor":12,"turns":3},{"damage":3,"enemies":"Hallownest:MossCreep_and_Mosskin","floor":13,"turns":5},{"damage":0,"enemies":"Hallownest:monsterAspidMother","floor":14,"turns":5},{"damage":31,"enemies":"Hallownest:BossBrokenVessel","floor":16,"turns":10},{"damage":25,"enemies":"Hallownest:3_Youths","floor":18,"turns":6},{"damage":13,"enemies":"Hallownest:2_Mistakes","floor":19,"turns":8},{"damage":28,"enemies":"Hallownest:Glutton_and_Coward","floor":20,"turns":6},{"damage":24,"enemies":"Hallownest:2_Husk_Sentries","floor":28,"turns":4},{"damage":0,"enemies":"Hallownest:monsterMisterMushroom","floor":29,"turns":9},{"damage":18,"enemies":"Hallownest:monsterShrumalOgre","floor":30,"turns":4}],"seed_played":"-8950851225995324741","potions_obtained":[{"floor":10,"key":"LiquidMemories"},{"floor":12,"key":"LifebloodPotion"},{"floor":13,"key":"Weak Potion"},{"floor":18,"key":"sneckomod:MuddlingPotion"}],"is_trial":false,"path_per_floor":["M","?","?","$","?","E","M","?","T","M","R","E","M","M","R","B",null,"M","M","M","?","?","R","?","R","T","$","M","M","M"],"character_chosen":"THE_POKER_PLAYER","items_purchased":["PokerPlayerMod:DamnStraight","PokerPlayerMod:DamnStraight","Midas Touch","Boot","PokerPlayerMod:HeartStrike","conspire:DecoderRing"],"campfire_rested":1,"item_purchase_floors":[4,27,27,27,27,27],"current_hp_per_floor":[52,52,52,52,52,52,51,51,51,50,50,42,42,48,48,33,52,39,39,15,15,15,15,15,30,30,30,9,14,0,0,0],"gold":394,"neow_bonus":"THREE_ENEMY_KILL","is_daily":false,"chose_seed":false,"campfire_upgraded":0,"win_rate":0.0,"timestamp":1610651813,"path_taken":["M","?","?","?","?","E","M","?","T","M","R","E","M","M","R","BOSS","M","?","M","?","?","R","?","R","T","$","M","M","M"],"items_purchased_type":["Card","Card","Card","Relic","Card","Relic"],"build_version":"2020-12-22","purchased_purges":1,"victory":false,"max_hp_per_floor":[52,52,52,52,52,52,52,52,52,52,52,52,52,52,52,52,52,52,52,52,52,52,52,52,52,52,52,52,52,52,52,52],"card_choices":[{"not_picked":["PokerPlayerMod:ClubDance","PokerPlayerMod:DiamondStrike"],"picked":"PokerPlayerMod:Trickery","floor":1},{"not_picked":["PokerPlayerMod:Diamond7","PokerPlayerMod:Diamond4"],"picked":"PokerPlayerMod:Promotion","floor":6},{"not_picked":["PokerPlayerMod:SecondChance","PokerPlayerMod:Spade3"],"picked":"PokerPlayerMod:ClubStrike","floor":7},{"not_picked":["PokerPlayerMod:Spade3","PokerPlayerMod:HiddenCard"],"picked":"PokerPlayerMod:Diamond5","floor":10},{"not_picked":["PokerPlayerMod:Club4","PokerPlayerMod:SpadeStrike"],"picked":"PokerPlayerMod:DamnStraight","floor":12},{"not_picked":["PokerPlayerMod:Spade4","PokerPlayerMod:Heart2","PokerPlayerMod:Diamond3"],"picked":"SKIP","floor":13},{"not_picked":["PokerPlayerMod:Club2","PokerPlayerMod:SpadeStrike"],"picked":"PokerPlayerMod:Overdeal","floor":14},{"not_picked":["PokerPlayerMod:Club7","PokerPlayerMod:Diamond8"],"picked":"PokerPlayerMod:FakeSymbols","floor":16},{"not_picked":["PokerPlayerMod:Spade1","PokerPlayerMod:Raise"],"picked":"PokerPlayerMod:Manipulation","floor":18},{"not_picked":["PokerPlayerMod:Club2","PokerPlayerMod:CloakAndDiamond"],"picked":"PokerPlayerMod:CardBurn+1","floor":19},{"not_picked":["PokerPlayerMod:DiamondStrike","PokerPlayerMod:CloakAndDiamond","PokerPlayerMod:Diamond3"],"picked":"SKIP","floor":20},{"not_picked":["PokerPlayerMod:Fold","PokerPlayerMod:Club3"],"picked":"PokerPlayerMod:MagicTrick","floor":28},{"not_picked":["PokerPlayerMod:FillThePot","PokerPlayerMod:Club5"],"picked":"PokerPlayerMod:TheDieIsCast","floor":29}],"player_experience":334858,"relics_obtained":[{"floor":5,"key":"ReplayTheSpireMod:Ring of Collecting"},{"floor":5,"key":"Ring of Fangs"},{"floor":6,"key":"PreservedInsect"},{"floor":9,"key":"Girya"},{"floor":12,"key":"Replay:Rubber Ducky"},{"floor":26,"key":"Ring of Greed"},{"floor":26,"key":"Old Coin"},{"floor":26,"key":"Membership Card"},{"floor":26,"key":"Ancient Tea Set"}],"event_choices":[{"damage_healed":0,"gold_gain":0,"player_choice":"Leave","damage_taken":0,"max_hp_gain":0,"max_hp_loss":0,"event_name":"conspire:Investor","floor":22,"gold_loss":0}],"is_beta":false,"boss_relics":[{"not_picked":["SacredBark","hubris:Backtick"],"picked":"SlaversCollar"}],"items_purged_floors":[27],"is_endless":false,"potions_floor_spawned":[10,12,13,18],"killed_by":"Hallownest:monsterShrumalOgre","ascension_level":0}}