{"host":"3pvh99l9qedhoxgj","time":1610604150,"event":{"mods":["BaseMod","Colored Powertips","Conspire","Downfall","Highlight Path","Infinite Spire","Minty Spire (QoL Compilation)","Replay The Spire","StSLib","The Bug Knight","[功能]商店购物价格优惠80%"],"gold_per_floor":[114,133,149,149,149,13,40,55,125,184,34,65,84,95,95,195,195,208,208,208],"floor_reached":19,"language":"ZHS","playtime":1372,"items_purged":["Doubt","HollowMod:PogoStrike","HollowMod:QuickDashStart","HollowMod:NailStrikeStart","HollowMod:NailStrikeStart","HollowMod:QuickDashStart","ReplayTheSpireMod:Splinters","sneckomod:Unknown1Cost","HollowMod:FocusHealStart"],"score":169,"play_id":"7c39b955-7035-4c9b-8a82-08f9dbb67370","local_time":"20210114140230","is_ascension_mode":false,"campfire_choices":[{"floor":15,"key":"RECALL"}],"circlet_count":0,"master_deck":["HollowMod:NailStrikeStart","HollowMod:NailStrikeStart","HollowMod:CornifersMapStart","HollowMod:ChannelNail","ReplayTheSpireMod:Book of Names","HollowMod:CycloneSlash","HollowMod:DesolateDive+1","Guardian:Suspension","sneckomod:UnknownCommonAttack","HollowMod:Hiveblood","HollowMod:VengefulVoid+1","HollowMod:HornetsHelp+1","HollowMod:ElderbugsWisdom+1"],"relics":["HollowMod:VesselMask","PrismaticShard","conspire:TreasureMap","Kunai","Juzu Bracelet","Garlic","HandDrill","Lizard Tail","infinitespire:Beetle Shell","Ancient Tea Set","Astrolabe"],"acts_visited":["Exordium","TheCity"],"potions_floor_usage":[1,8,11,12,16,16],"damage_taken":[{"damage":0,"enemies":"Small Slimes","floor":1,"turns":3},{"damage":9,"enemies":"Jaw Worm","floor":2,"turns":3},{"damage":0,"enemies":"Cultist","floor":3,"turns":3},{"damage":5,"enemies":"downfall:FleeingMerchant","floor":6,"turns":4},{"damage":0,"enemies":"Lots of Slimes","floor":8,"turns":1},{"damage":6,"enemies":"downfall:FleeingMerchant","floor":11,"turns":4},{"damage":15,"enemies":"3 Sentries","floor":12,"turns":4},{"damage":0,"enemies":"Looter","floor":13,"turns":2},{"damage":0,"enemies":"3 Louse","floor":14,"turns":2},{"damage":36,"enemies":"The Guardian","floor":16,"turns":7},{"damage":0,"enemies":"3 Byrds","floor":18,"turns":4},{"damage":141,"enemies":"Snake Plant","floor":19,"turns":10}],"seed_played":"-6633674569509629549","potions_obtained":[{"floor":1,"key":"Fruit Juice"},{"floor":2,"key":"Explosive Potion"},{"floor":2,"key":"GamblersBrew"},{"floor":10,"key":"LiquidBronze"},{"floor":12,"key":"Elixir"},{"floor":12,"key":"champ:CounterPotion"},{"floor":13,"key":"SteroidPotion"},{"floor":14,"key":"Regen Potion"},{"floor":18,"key":"Venom Potion"}],"is_trial":false,"path_per_floor":["M","M","M","?","?","$","T","M","?","?","$","E","M","M","R","B",null,"M","M"],"character_chosen":"THE_BUGKNIGHT","items_purchased":["conspire:TreasureMap","HollowMod:DesolateDive+1","Kunai","HandDrill","Lizard Tail","infinitespire:Beetle Shell"],"campfire_rested":0,"item_purchase_floors":[6,6,6,11,11,11],"current_hp_per_floor":[87,78,84,64,64,65,65,65,65,65,65,50,50,50,50,29,87,87,0,0],"gold":208,"neow_bonus":"TEN_PERCENT_HP_BONUS","is_daily":false,"chose_seed":false,"campfire_upgraded":0,"win_rate":0.0,"timestamp":1610604150,"path_taken":["M","M","M","?","?","$","T","M","?","?","$","E","M","M","R","BOSS","M","M"],"items_purchased_type":["Relic","Card","Relic","Relic","Relic","Relic"],"build_version":"2020-12-22","purchased_purges":9,"victory":false,"max_hp_per_floor":[87,87,87,87,87,87,87,87,87,87,87,87,87,87,87,87,87,87,87,87],"card_choices":[{"not_picked":["HollowMod:SoulVessel","HollowMod:DashSlash"],"picked":"HollowMod:LifebloodCocoon","floor":1},{"not_picked":["HollowMod:HeavyBlow","HollowMod:InfectedAttack"],"picked":"HollowMod:CornifersMapStart","floor":2},{"not_picked":["HollowMod:CrystalDash","HollowMod:VengefulVoid"],"picked":"HollowMod:ChannelNail","floor":3},{"not_picked":["infinitespire:TheBestDefense","Replay:Fractal Strike"],"picked":"ReplayTheSpireMod:Book of Names","floor":4},{"not_picked":["Havoc","Panic Button"],"picked":"HollowMod:CycloneSlash","floor":6},{"not_picked":["hexamod:RecurringNightmare","sneckomod:SoulDraw"],"picked":"sneckomod:Unknown1Cost","floor":8},{"not_picked":["sneckomod:Nope","Evaluate"],"picked":"Guardian:Gem_Purple","floor":11},{"not_picked":["Guardian:Gem_Cyan","Limit Break"],"picked":"Guardian:Suspension","floor":12},{"not_picked":["HollowMod:SoulStrike","sneckomod:QuickMove"],"picked":"sneckomod:UnknownCommonAttack","floor":13},{"not_picked":["Slimebound:SplitLeeching","Evaluate","expansioncontent:ChargeUp"],"picked":"SKIP","floor":14},{"not_picked":["ReplayRNGCard","Fiend Fire"],"picked":"HollowMod:Hiveblood","floor":16},{"not_picked":["champ:EnragedBash+1","champ:PreciseThrust+1","hexamod:GhostShield"],"picked":"SKIP","floor":18}],"player_experience":93251,"relics_obtained":[{"floor":7,"key":"Juzu Bracelet"},{"floor":10,"key":"Garlic"},{"floor":12,"key":"Ancient Tea Set"}],"event_choices":[{"damage_healed":0,"gold_gain":70,"player_choice":"Gained Gold","damage_taken":0,"max_hp_gain":0,"max_hp_loss":0,"event_name":"Golden Wing","floor":9,"gold_loss":0}],"is_beta":false,"boss_relics":[{"not_picked":["Replay:Bronze Core","SlaversCollar"],"picked":"Astrolabe"}],"items_purged_floors":[6,6,6,6,6,6,11,11,11],"is_endless":false,"potions_floor_spawned":[1,2,2,12,12,13,14,18],"killed_by":"Snake Plant","ascension_level":0}}