{"host":"2ccem01eblg14btk","time":1610639024,"event":{"mods":["BaseMod","Colored Map","Minty Spire (QoL Compilation)","Quick Restart","Replay The Spire","StSLib"],"gold_per_floor":[109,109,109,128,128,128,156,156,156,12,12,29,29,46,46,151,151,170,170,47,57,57,70,70,80,80,108,127,127,127],"floor_reached":29,"language":"ENG","playtime":1353,"items_purged":["Strike_G"],"score":465,"play_id":"d1d90dd0-af4d-42fd-8043-ed908ede0bb6","local_time":"20210114164344","is_ascension_mode":true,"campfire_choices":[{"floor":6,"key":"REST"},{"data":"Cloak And Dagger","floor":8,"key":"SMITH"},{"data":"Footwork","floor":13,"key":"SMITH"},{"data":"Neutralize","floor":15,"key":"SMITH"},{"data":"Noxious Fumes","floor":24,"key":"SMITH"}],"circlet_count":0,"master_deck":["AscendersBane","Strike_G+1","Strike_G","Strike_G","Defend_G","Defend_G","Defend_G+1","Defend_G","Defend_G","Survivor","Neutralize+1","CurseOfTheBell","Well Laid Plans+1","Cloak And Dagger+1","Footwork+1","Backflip","Dodge and Roll","A Thousand Cuts","AbeCurse","Dagger Spray+1","Noxious Fumes+1","Noxious Fumes","ReplayTheSpireMod:Uncanny Aura","Noxious Fumes","Noxious Fumes+1","Accuracy+1","Noxious Fumes+1"],"relics":["Calling Bell","ReplayFunnel","Quantum Egg","Durian","Juzu Bracelet","Oddly Smooth Stone","Paper Crane","Membership Card","Abe\u0027s Treasure","Mirror","Tough Bandages"],"acts_visited":["Exordium","TheCity"],"potions_floor_usage":[25,28,29],"damage_taken":[{"damage":0,"enemies":"Small Slimes","floor":1,"turns":8},{"damage":0,"enemies":"2 Louse","floor":4,"turns":4},{"damage":24,"enemies":"3 Sentries","floor":7,"turns":14},{"damage":0,"enemies":"Jaw Worm","floor":12,"turns":5},{"damage":0,"enemies":"Gremlin Gang","floor":14,"turns":6},{"damage":0,"enemies":"The Guardian","floor":16,"turns":22},{"damage":0,"enemies":"Spheric Guardian","floor":18,"turns":6},{"damage":0,"enemies":"Chosen","floor":21,"turns":6},{"damage":5,"enemies":"Centurion and Healer","floor":23,"turns":7},{"damage":6,"enemies":"Snake Plant","floor":25,"turns":6},{"damage":39,"enemies":"Gremlin Leader","floor":27,"turns":7},{"damage":13,"enemies":"Snecko","floor":28,"turns":6},{"damage":15,"enemies":"Book of Stabbing","floor":29,"turns":3}],"seed_played":"-6282857634991819350","potions_obtained":[{"floor":12,"key":"Reflective Coating"},{"floor":16,"key":"SkillPotion"},{"floor":18,"key":"Elixir"},{"floor":28,"key":"AttackPotion"}],"is_trial":false,"path_per_floor":["M","?","?","M","?","R","E","R","T","$","$","M","R","M","R","B",null,"M","?","$","M","?","M","R","M","T","E","M","E"],"character_chosen":"THE_SILENT","items_purchased":["Membership Card","Noxious Fumes","ReplayTheSpireMod:Uncanny Aura"],"campfire_rested":1,"item_purchase_floors":[10,20,20],"current_hp_per_floor":[68,68,50,50,35,57,33,33,33,33,33,33,33,33,33,33,65,65,65,65,65,65,60,60,54,54,15,2,0,0],"gold":127,"neow_bonus":"BOSS_RELIC","is_daily":false,"chose_seed":false,"campfire_upgraded":4,"win_rate":0.0,"timestamp":1610639024,"path_taken":["M","?","?","M","?","R","E","R","T","?","$","M","R","M","R","BOSS","M","?","$","M","?","M","R","M","T","E","M","E"],"items_purchased_type":["Relic","Card","Card"],"build_version":"2020-12-22","purchased_purges":1,"victory":false,"max_hp_per_floor":[75,75,75,75,75,75,75,75,75,75,75,75,75,75,75,75,75,75,75,75,75,75,75,75,75,75,75,75,75,75],"card_choices":[{"not_picked":["Deflect","Prepared"],"picked":"Well Laid Plans","floor":1},{"not_picked":["Skewer","Dodge and Roll"],"picked":"Cloak And Dagger","floor":4},{"not_picked":["Acrobatics","Predator"],"picked":"Footwork","floor":7},{"not_picked":["Quick Slash","Endless Agony"],"picked":"Backflip","floor":12},{"not_picked":["Backflip","Hidden Blade"],"picked":"Dodge and Roll","floor":14},{"not_picked":["Tools of the Trade","Adrenaline"],"picked":"A Thousand Cuts","floor":16},{"not_picked":["Prepared","Dodge and Roll"],"picked":"Dagger Spray+1","floor":18},{"not_picked":["Concentrate","Prepared"],"picked":"Noxious Fumes","floor":21},{"not_picked":["Heel Hook+1","Expertise+1"],"picked":"Noxious Fumes+1","floor":23},{"not_picked":["PiercingWail","Caltrops+1"],"picked":"Accuracy+1","floor":25},{"not_picked":["Sucker Punch","Deadly Poison","Calculated Gamble"],"picked":"SKIP","floor":27},{"not_picked":["Skewer+1","Acrobatics"],"picked":"Noxious Fumes+1","floor":28}],"player_experience":107386,"relics_obtained":[{"floor":0,"key":"ReplayFunnel"},{"floor":0,"key":"Quantum Egg"},{"floor":0,"key":"Durian"},{"floor":7,"key":"Oddly Smooth Stone"},{"floor":9,"key":"Paper Crane"},{"floor":26,"key":"Mirror"},{"floor":27,"key":"Tough Bandages"}],"event_choices":[{"damage_healed":0,"gold_gain":0,"player_choice":"Success","damage_taken":18,"relics_obtained":["Juzu Bracelet"],"max_hp_gain":0,"max_hp_loss":0,"event_name":"Scrap Ooze","floor":3,"gold_loss":0},{"damage_healed":0,"gold_gain":0,"player_choice":"Entered Light","damage_taken":15,"max_hp_gain":0,"max_hp_loss":0,"event_name":"Shining Light","floor":5,"gold_loss":0,"cards_upgraded":["Strike_G","Defend_G"]},{"damage_healed":0,"gold_gain":0,"player_choice":"Read","damage_taken":0,"max_hp_gain":0,"max_hp_loss":0,"event_name":"The Library","floor":19,"gold_loss":0,"cards_obtained":["Noxious Fumes"]},{"cards_removed":["Strike_G"],"damage_healed":0,"gold_gain":0,"player_choice":"Offered Basic","damage_taken":0,"max_hp_gain":0,"max_hp_loss":0,"event_name":"Bonfire Elementals","floor":22,"gold_loss":0}],"is_beta":false,"boss_relics":[{"not_picked":["Replay:Bronze Core","Kintsugi"],"picked":"Abe\u0027s Treasure"}],"items_purged_floors":[20],"is_endless":false,"potions_floor_spawned":[12,16,18,23,28],"killed_by":"Book of Stabbing","ascension_level":10}}