{"host":"ymw71f7rc9ndansy","time":1610589397,"event":{"mods":["ATMod(阿瑾Mod)","Act Like it!","Aspiration","BaseMod","DeckTracker","Hubris","Library of Ruina","Library of Ruina Extra","Lobotomy","LobotomyExtend","Minty Spire (QoL Compilation)","MostiFishMod","Remove Card Discount Mod","Replay The Spire","StSLib","TestMod","【功能Mod】精心准备","【遗物卡牌】REMEMod"],"gold_per_floor":[369,71,94,110,155,202,202,172,172,217,253,278,278,315,315,462,462,485,485,508,448,382,426,426,471,471,471,514,546,581,609,609,740,740,782,587,587,617,653,653,653],"floor_reached":40,"language":"ZHS","playtime":3369,"items_purged":["SpecialBullet","SpecialBullet","SpecialBullet","MostiFishMod:StarHerder","SpecialBullet","SpecialBullet","SpecialBullet","SpecialBullet","SpecialBullet","LightDefense","FocusedStrikes","LongBird","BigBird","PunishingBird","WhiteNight","TT2Protocol","HereticApostle","ControlCode","ParadiseLost"],"score":1141,"play_id":"6c0ad53e-3bbe-4473-9b4d-c21bcb733d99","local_time":"20210114095637","is_ascension_mode":true,"campfire_choices":[],"circlet_count":0,"master_deck":["ApocalypseBird","RecordCode","ExtractionCode","AT_FamilyPortrait","MostiFishMod:SephirahHod","Logging","Pot Of Greed","Pot Of Greed","Pinks","DisciplinaryCode","CENSORED_ego","Pot Of Greed","Twilight","TheSmile","Beak","Twilight","CENSORED_ego","SoundOfStar","Twilight","REME_BuildACard","MostiFishMod:SephirahHod","Pot Of Greed","Parasite","SummonCall"],"relics":["CogitoBucket","RabbitCall","testmod-TestBox","REME_ComplimentaryCards","AT_ATBox","MostiFishMod:Hod","testmod-DeterminationOfClimber","SynthV:TestCard","Grinning Jar","DollysMirror","DeathAngel","Strawberry","Iron Hammer","testmod-CasingShield","AdjustmentMirror","AT_EbonyIvory","Philosopher\u0027s Stone","Pocketwatch","SkinProphecy","testmod-IndustrialRevolution","Twilight","PreservedInsect","HaiYi:Twilight","AspirationHeart","DaveBox","MostiFishMod:Hod"],"acts_visited":["Exordium","TheCity","TheBeyond"],"potions_floor_usage":[],"damage_taken":[{"damage":0.0,"enemies":"2 Louse","floor":1.0,"turns":1.0},{"damage":0.0,"enemies":"Cultist","floor":3.0,"turns":1.0},{"damage":0.0,"enemies":"Jaw Worm","floor":4.0,"turns":1.0},{"damage":34.0,"enemies":"Exordium Wildlife","floor":5.0,"turns":6.0},{"damage":0.0,"enemies":"Lagavulin","floor":6.0,"turns":2.0},{"damage":0.0,"enemies":"Gremlin Nob","floor":10.0,"turns":1.0},{"damage":0.0,"enemies":"Exordium Wildlife","floor":11.0,"turns":1.0},{"damage":0.0,"enemies":"2 Fungi Beasts","floor":12.0,"turns":1.0},{"damage":0.0,"enemies":"Replay:BlueRogue","floor":14.0,"turns":1.0},{"damage":0.0,"enemies":"Fading Forest","floor":16.0,"turns":2.0},{"damage":0.0,"enemies":"Shell Parasite","floor":18.0,"turns":1.0},{"damage":0.0,"enemies":"REME_1_Revenger","floor":23.0,"turns":1.0},{"damage":0.0,"enemies":"3 Byrds","floor":25.0,"turns":1.0},{"damage":0.0,"enemies":"Gremlin Leader","floor":28.0,"turns":1.0},{"damage":0.0,"enemies":"Centurion and Healer","floor":29.0,"turns":1.0},{"damage":0.0,"enemies":"REME_1_Revenger","floor":30.0,"turns":1.0},{"damage":0.0,"enemies":"Centurion and Healer","floor":31.0,"turns":1.0},{"damage":0,"enemies":"RedHoodMercenary","floor":33,"turns":1},{"damage":0,"enemies":"3 Darklings","floor":35,"turns":1},{"damage":4,"enemies":"3 Shapes","floor":38,"turns":1},{"damage":0,"enemies":"Writhing Mass","floor":39,"turns":2}],"seed_played":"-4898682334542490033","potions_obtained":[{"floor":3.0,"key":"Strength Potion"},{"floor":8.0,"key":"FearPotion"},{"floor":8.0,"key":"Flashbang"},{"floor":25.0,"key":"PowerPotion"},{"floor":31.0,"key":"Adrenaline Potion"}],"is_trial":false,"path_per_floor":["M","$","M","M","M","E","R","?","T","E","M","M","R","E","R","B",null,"M","?","T","?","$","E","R","M","T","R","E","M","E","M","R","B",null,"M","$","?","M","M","R"],"character_chosen":"Angela","items_purchased":["Grinning Jar","DollysMirror","Beak","REME_BuildACard"],"campfire_rested":0,"item_purchase_floors":[2,2,22,36],"current_hp_per_floor":[66,66,70,70,61,70,70,70,70,77,77,77,77,77,77,77,77,77,77,77,77,77,77,77,77,77,77,76,81,84,99,99,98,98,93,93,93,96,110,110,110],"gold":653,"neow_bonus":"TWO_FIFTY_GOLD","is_daily":false,"chose_seed":false,"campfire_upgraded":0,"win_rate":0.0,"timestamp":1610589397,"path_taken":["M","$","M","M","M","E","R","?","T","E","M","?","R","E","R","BOSS","M","?","?","?","$","E","R","M","T","R","E","M","E","M","R","BOSS","M","$","?","M","M","R"],"items_purchased_type":["Relic","Relic","Card","Card"],"build_version":"2020-12-22","purchased_purges":19,"victory":false,"max_hp_per_floor":[70,70,70,70,70,77,77,77,77,77,77,77,77,77,77,77,77,77,77,77,77,77,77,77,77,77,77,79,162,164,166,166,168,168,182,182,182,184,186,186,186],"card_choices":[{"not_picked":["RapturousDream"],"picked":"Logging","floor":1.0},{"not_picked":["Wellcheers","MHz"],"picked":"WhiteNight","floor":4.0},{"not_picked":["FourthMatchFlame","Reverberation","Horn"],"picked":"ParadiseLost","floor":5.0},{"not_picked":["Horn","Lantern","Adoration"],"picked":"Pinks","floor":6.0},{"not_picked":["MHz","BeautyBeast"],"picked":"LongBird","floor":12.0},{"not_picked":["LaLuna","NakedNest","BeautyBeast"],"picked":"Singing Bowl","floor":16.0},{"not_picked":["Twilight","Mimicry","Adoration","Pinks"],"picked":"CENSORED_ego","floor":16.0},{"not_picked":["Pinks","CENSORED_ego","ParadiseLost","SoundOfStar"],"picked":"Twilight","floor":16.0},{"not_picked":["FairyFestival","Bloodbath","GalaxyChild"],"picked":"Singing Bowl","floor":18.0},{"not_picked":["Horn","Wingbeat","CherryBlossom","RapturousDream"],"picked":"TheSmile","floor":18.0},{"not_picked":["Funeral","Yin","Woodsman"],"picked":"Singing Bowl","floor":23.0},{"not_picked":["OSAHOGD","MHz","Porccubus"],"picked":"Singing Bowl","floor":25.0},{"not_picked":["CENSORED","OSAHOGD"],"picked":"BigBird","floor":25.0},{"not_picked":["Lamp","Soda+1","BlackSwan_ego","TodaysExpression","Adoration"],"picked":"SKIP","floor":25.0},{"not_picked":["Pleasure","Beak","TodaysExpression","FrostShard+1","RapturousDream"],"picked":"SKIP","floor":25.0},{"not_picked":["DespairKnight","SingingMachine"],"picked":"PunishingBird","floor":28.0},{"not_picked":["FeatherOfHonor","Noise","Logging","Wingbeat"],"picked":"Twilight","floor":28.0},{"not_picked":["Noise","Moonlight+1","Regret_ego","Beak"],"picked":"CENSORED_ego","floor":28.0},{"not_picked":["BloodyDesire","ParadiseLost","RapturousDream","Diffraction","CUTE"],"picked":"SKIP","floor":28.0},{"not_picked":["BigBadWolf","WhitesApple","WallGazer"],"picked":"Singing Bowl","floor":29.0},{"not_picked":["Freischutz","VoidDream","BeautyBeast"],"picked":"Singing Bowl","floor":30.0},{"not_picked":["BearPaw","TheSmile","Amita","Noise","WristCuter"],"picked":"SKIP","floor":30.0},{"not_picked":["Soda","Lamp","Penitence","RapturousDream","Noise+1"],"picked":"SKIP","floor":30.0},{"not_picked":["CUTE","Harmony","Spore","Logging","Gaze+1"],"picked":"SKIP","floor":30.0},{"not_picked":["Yin","Murderer","WhitesApple"],"picked":"Singing Bowl","floor":31.0},{"not_picked":["CUTE","Soda","TodaysExpression","Horn","CherryBlossom"],"picked":"SKIP","floor":31.0},{"not_picked":["Lantern","Harmony","MagicBullet","SoundOfStar","Soda+1"],"picked":"SKIP","floor":31.0},{"not_picked":["Porccubus","BlackSwan","Laetitia"],"picked":"Singing Bowl","floor":33},{"not_picked":["Pinks","Justitia","ParadiseLost","DaCapo"],"picked":"SoundOfStar","floor":33},{"not_picked":["TheSmile","ParadiseLost","SoundOfStar","Mimicry"],"picked":"Twilight","floor":33},{"not_picked":["Freischutz","SpiderBud","BigBadWolf"],"picked":"Singing Bowl","floor":35},{"not_picked":["Hornet","Logging+1","Wingbeat+1","Beak+1","Tough"],"picked":"SKIP","floor":35},{"not_picked":["Noise","SomewhereSpear","BlackSwan_ego+1","Horn+1","RapturousDream"],"picked":"SKIP","floor":35},{"not_picked":["BlueScar+1","SomewhereSpear","Loneliness+1","Penitence+1","Noise+1"],"picked":"SKIP","floor":35},{"not_picked":["LongBird","GreedKing","Rudolta"],"picked":"Singing Bowl","floor":38},{"not_picked":["CrimsonScar","SomewhereSpear+1","Tough","Lantern+1","Loneliness"],"picked":"SKIP","floor":38},{"not_picked":["BearPaw+1","SoundOfStar","GrinderMk4","CherryBlossom","ShedSkin+1"],"picked":"SKIP","floor":38},{"not_picked":["BeautyBeast","Yin","SilentOrchestra"],"picked":"Singing Bowl","floor":39},{"not_picked":["MagicBullet","WristCuter+1","BloodyDesire","Loneliness","BlackSwan_ego+1"],"picked":"SKIP","floor":39},{"not_picked":["GreenStem+1","Noise","Gaze","Loneliness","Regret_ego+1"],"picked":"SKIP","floor":39},{"not_picked":["CUTE","FourthMatchFlame","LifeForTheDareDevil+1","Beak+1","Harvest+1"],"picked":"SKIP","floor":39}],"player_experience":1107320,"relics_obtained":[{"floor":1.0,"key":"SynthV:TestCard"},{"floor":5.0,"key":"DeathAngel"},{"floor":6.0,"key":"Strawberry"},{"floor":9.0,"key":"Iron Hammer"},{"floor":10.0,"key":"testmod-CasingShield"},{"floor":14.0,"key":"AT_EbonyIvory"},{"floor":23.0,"key":"Pocketwatch"},{"floor":26.0,"key":"testmod-IndustrialRevolution"},{"floor":29.0,"key":"Twilight"},{"floor":30.0,"key":"PreservedInsect"}],"event_choices":[{"damage_healed":0.0,"max_hp_gain":0.0,"max_hp_loss":0.0,"gold_gain":0.0,"event_name":"The Woman in Blue","player_choice":"Bought 2 Potions","floor":8.0,"gold_loss":0.0,"damage_taken":0.0},{"damage_healed":0.0,"max_hp_gain":0.0,"max_hp_loss":0.0,"gold_gain":0.0,"event_name":"Vampires","player_choice":"Ignored","floor":19.0,"gold_loss":0.0,"damage_taken":0.0},{"damage_healed":0,"gold_gain":0,"player_choice":"Swap Relic","damage_taken":0,"relics_obtained":["DaveBox"],"max_hp_gain":0,"max_hp_loss":0,"event_name":"给自己的盒子","floor":37,"relics_lost":["DaveBox"],"gold_loss":0}],"is_beta":false,"boss_relics":[{"not_picked":["Kintsugi","hubris:HollowSoul"],"picked":"Philosopher\u0027s Stone"},{"not_picked":["Abe\u0027s Treasure","TimeKeys"],"picked":"HaiYi:Twilight"}],"items_purged_floors":[2,2,2,2,22,22,22,22,22,22,22,36,36,36,36,36,36,36,36],"is_endless":false,"potions_floor_spawned":[3,10,11,16,18,25,30,31,39],"ascension_level":6}}