{"host":"ct28ocsd8g8yr2ah","time":1610629589,"event":{"mods":["BaseMod","Better Third Choice","Hermit","KinomotoSakuraMod(????)","Koishi","Marisa????????","Minty Spire (QoL Compilation)","Reimu??????","Remilia??????","StSLib","The Animator","The Gatherer","The Servant 0.9.4","Waifu the Spire"],"gold_per_floor":[110,121,134,151,53,53,53,53],"floor_reached":7,"language":"RUS","playtime":349,"items_purged":["ClowCardTheSword"],"score":43,"play_id":"c5d6edbe-78fb-448c-9c8f-6d77181df885","local_time":"20210114180629","is_ascension_mode":false,"campfire_choices":[{"floor":6,"key":"REST"}],"circlet_count":0,"master_deck":["ClowCardTheSword","ClowCardTheSword","ClowCardTheSword","ClowCardTheShield","ClowCardTheShield","ClowCardTheShield","ClowCardTheShield","SpellCardSeal","SpellCardRelease","ClowCardTheSnow","ClowCardTheFloat","ClowCardThePower","ClowCardTheWatery","ClowCardTheShot"],"relics":["KSMOD_SealedBook","KSMOD_SealedWand"],"acts_visited":["Exordium"],"potions_floor_usage":[],"damage_taken":[{"damage":11,"enemies":"Cultist","floor":1,"turns":5},{"damage":20,"enemies":"Jaw Worm","floor":2,"turns":5},{"damage":5,"enemies":"Small Slimes","floor":3,"turns":4},{"damage":16,"enemies":"Exordium Thugs","floor":4,"turns":3},{"damage":43,"enemies":"Lagavulin","floor":7,"turns":8}],"seed_played":"5238272309294288984","potions_obtained":[],"is_trial":false,"path_per_floor":["M","M","M","M","$","R","E"],"character_chosen":"KINOMOTOSAKURA","items_purchased":["ClowCardTheShot"],"campfire_rested":1,"item_purchase_floors":[5],"current_hp_per_floor":[59,39,34,18,18,39,0,0],"gold":53,"neow_bonus":"THREE_CARDS","is_daily":false,"chose_seed":false,"campfire_upgraded":0,"win_rate":0.0,"timestamp":1610629589,"path_taken":["M","M","M","M","$","R","E"],"items_purchased_type":["Card"],"build_version":"2020-12-22","purchased_purges":1,"victory":false,"max_hp_per_floor":[70,70,70,70,70,70,70,70],"card_choices":[{"not_picked":["ClowCardTheShadow","ClowCardTheRain"],"picked":"ClowCardTheSnow","floor":0},{"not_picked":["ClowCardTheRain","ClowCardTheLibra"],"picked":"ClowCardTheFloat","floor":1},{"not_picked":["ClowCardTheRain","ClowCardTheLock"],"picked":"ClowCardThePower","floor":2},{"not_picked":["ClowCardTheSilent","ClowCardTheBig","ClowCardTheWood"],"picked":"SKIP","floor":3},{"not_picked":["ClowCardTheWave","ClowCardTheLoop"],"picked":"ClowCardTheWatery","floor":4}],"player_experience":529239,"relics_obtained":[],"event_choices":[],"is_beta":false,"boss_relics":[],"items_purged_floors":[5],"is_endless":false,"potions_floor_spawned":[],"killed_by":"Lagavulin","ascension_level":0}}