{"host":"0qlrtuw7bw78ucw4","time":1610665404,"event":{"mods":["BaseMod","Downfall","Minty Spire (QoL Compilation)","StSLib"],"gold_per_floor":[99,99,99,112,112,112,112,143,318,318,366,375,375,409,430,430,430,430],"floor_reached":16,"language":"ENG","playtime":652,"items_purged":[],"score":122,"play_id":"60aee1af-824f-4a01-914b-9ed0db892de1","local_time":"20210115100324","is_ascension_mode":true,"campfire_choices":[{"data":"hexamod:Float","floor":1,"key":"SMITH"},{"data":"hexamod:BacktrackSmack","floor":6,"key":"SMITH"},{"data":"Regret","floor":13,"key":"PURGE"}],"circlet_count":0,"master_deck":["hexamod:Strike","hexamod:Strike+1","hexamod:Defend","hexamod:Defend","hexamod:Defend","hexamod:Defend+1","hexamod:Sear+1","hexamod:Float+1","hexamod:FirstSeal","hexamod:BacktrackSmack+1","hexamod:SecondSeal","Doubt","hexamod:SpectralAdrenaline","hexamod:GhostShield"],"relics":["hexamod:SpiritBrand","downfall:BrokenWingStatue","Peace Pipe","Bottled Flame","CeramicFish"],"acts_visited":["Exordium"],"potions_floor_usage":[],"damage_taken":[{"damage":7,"enemies":"Small Slimes","floor":4,"turns":5},{"damage":9,"enemies":"Gremlin Nob","floor":8,"turns":4},{"damage":48,"enemies":"3 Sentries","floor":11,"turns":11},{"damage":0,"enemies":"2 Louse","floor":14,"turns":2},{"damage":1,"enemies":"Jaw Worm","floor":15,"turns":3},{"damage":48,"enemies":"downfall:Ironclad","floor":16,"turns":9}],"seed_played":"-5984642414043664399","potions_obtained":[{"floor":14,"key":"CultistPotion"},{"floor":15,"key":"Energy Potion"}],"is_trial":false,"path_per_floor":["R","?","?","M","?","R","T","E","?","?","E","?","R","M","M","B"],"character_chosen":"THE_SPIRIT","items_purchased":[],"campfire_rested":0,"item_purchase_floors":[],"current_hp_per_floor":[70,63,63,63,63,63,63,61,61,66,25,25,25,32,38,0,0,0],"gold":430,"neow_bonus":"REMOVE_CARD","is_daily":false,"chose_seed":false,"campfire_upgraded":2,"win_rate":0.0,"timestamp":1610665404,"path_taken":["R","?","?","M","?","R","T","E","?","?","E","?","R","?","M","BOSS"],"items_purchased_type":[],"build_version":"2020-12-22","purchased_purges":0,"victory":false,"max_hp_per_floor":[70,70,70,70,70,70,70,70,70,75,75,75,75,75,75,75,75,75],"card_choices":[{"not_picked":["hexamod:GhostLash","hexamod:AdvancingGuard"],"picked":"hexamod:BacktrackSmack","floor":4},{"not_picked":["hexamod:SpectersWail","hexamod:BacktrackSmack"],"picked":"hexamod:SecondSeal","floor":8},{"not_picked":["hexamod:Hexaguard","hexamod:AdvancingGuard"],"picked":"hexamod:SpectralAdrenaline","floor":11},{"not_picked":["hexamod:SpectralSpark","hexamod:DynamicBlow"],"picked":"hexamod:GhostShield","floor":14},{"not_picked":["hexamod:BacktrackSmack","hexamod:FlamesFromBeyond","hexamod:BurningTouch"],"picked":"SKIP","floor":15}],"player_experience":820722,"relics_obtained":[{"floor":7,"key":"Peace Pipe"},{"floor":8,"key":"Bottled Flame"},{"floor":11,"key":"CeramicFish"}],"event_choices":[{"cards_removed":["hexamod:Strike"],"damage_healed":0,"gold_gain":0,"player_choice":"Card Removal","damage_taken":0,"max_hp_gain":0,"max_hp_loss":0,"event_name":"The Cleric","floor":5,"gold_loss":0},{"damage_healed":0,"gold_gain":0,"player_choice":"Donut","damage_taken":0,"max_hp_gain":5,"max_hp_loss":0,"event_name":"Big Fish","floor":10,"gold_loss":0}],"is_beta":false,"boss_relics":[],"items_purged_floors":[],"is_endless":false,"potions_floor_spawned":[14,15],"killed_by":"downfall:Ironclad","ascension_level":3}}