{"host":"ws1rigs6jhqnf67d","time":1610640530,"event":{"mods":["BaseMod","Friendly Minions","KinomotoSakuraMod(ƒæ÷Æ±æ”£)","Kiyohime£®«Âºß£©","Lobotomy","LobotomyExtend","Marisa£®ÏF”Í°°ƒß¿Ì…≥£©","Minty Spire (QoL Compilation)","Remilia£®¿Ÿ√◊¿Ú—«£©","StSLib","The Bug Knight","Youmu£®ªÍ∆«—˝√Œ£©","[IsaacMod]“‘»ˆº‚À˛"],"gold_per_floor":[111,124,124,124,137,163,183,183,256,276,308,328,328,345,345,445,445,445,459,470,470,489,518,518,518,518],"floor_reached":25,"language":"ZHS","playtime":907,"items_purged":[],"score":364,"play_id":"816da83c-4132-4fe2-a700-daa34e03017d","local_time":"20210115000850","is_ascension_mode":true,"campfire_choices":[{"data":"KiyohimeMod:Shapeshift","floor":8,"key":"SMITH"},{"data":"KiyohimeMod:EatSoul","floor":13,"key":"SMITH"},{"floor":15,"key":"REST"},{"data":"KiyohimeMod:FacelessMoon","floor":24,"key":"SMITH"}],"circlet_count":0,"master_deck":["KiyohimeMod:Strike","KiyohimeMod:Strike","KiyohimeMod:Strike","KiyohimeMod:Strike","KiyohimeMod:Defend","KiyohimeMod:Defend","KiyohimeMod:Defend","KiyohimeMod:Defend","KiyohimeMod:Track","KiyohimeMod:FlameKiss","KiyohimeMod:Shapeshift+1","KiyohimeMod:MagicCrystal","KiyohimeMod:CommandCard_Buster","KiyohimeMod:CommandCard_Buster","KiyohimeMod:EatSoul+1","KiyohimeMod:RealityMarble","KiyohimeMod:HeroCreation","KiyohimeMod:FacelessMoon+1"],"relics":["KiyohimeMod:FireDragon","HushsDoor","Potion Belt","SatanicBible","LetterFromLob","D4","UnicornStump","StrikeDummy","Cursed Key","Bottled Lightning"],"acts_visited":["Exordium","TheCity"],"potions_floor_usage":[6,11,19,23],"damage_taken":[{"damage":0,"enemies":"2 Louse","floor":1,"turns":4},{"damage":12,"enemies":"Small Slimes","floor":2,"turns":5},{"damage":2,"enemies":"Jaw Worm","floor":5,"turns":3},{"damage":7,"enemies":"HollowMod:MossKnight","floor":6,"turns":5},{"damage":0,"enemies":"Large Slime","floor":7,"turns":3},{"damage":8,"enemies":"Blue Slaver","floor":10,"turns":4},{"damage":0,"enemies":"Gremlin Nob","floor":11,"turns":4},{"damage":0,"enemies":"Exordium Wildlife","floor":12,"turns":3},{"damage":0,"enemies":"Looter","floor":14,"turns":4},{"damage":15,"enemies":"The Guardian","floor":16,"turns":10},{"damage":0,"enemies":"Spheric Guardian","floor":19,"turns":3},{"damage":10,"enemies":"Chosen","floor":20,"turns":6},{"damage":12,"enemies":"Snecko","floor":22,"turns":4},{"damage":10,"enemies":"Book of Stabbing","floor":23,"turns":6},{"damage":0,"enemies":"HollowMod:Nosk","floor":25,"turns":4}],"seed_played":"-7293306638255370416","potions_obtained":[{"floor":1,"key":"SkillPotion"},{"floor":6,"key":"Explosive Potion"},{"floor":7,"key":"Explosive Potion"},{"floor":14,"key":"SpeedPotion"},{"floor":20,"key":"Weak Potion"},{"floor":23,"key":"Weak Potion"}],"is_trial":false,"path_per_floor":["M","M","?","$","M","E","M","R","T","M","E","M","R","M","R","B",null,"M","M","M","?","M","E","R","E"],"character_chosen":"Kiyohime","items_purchased":[],"campfire_rested":1,"item_purchase_floors":[],"current_hp_per_floor":[54,42,42,42,40,33,33,33,33,25,25,25,25,25,43,28,52,52,52,42,42,30,20,20,20,20],"gold":518,"neow_bonus":"RANDOM_COMMON_RELIC","is_daily":false,"chose_seed":false,"campfire_upgraded":3,"win_rate":0.0,"timestamp":1610640530,"path_taken":["M","M","?","$","M","E","M","R","T","M","E","M","R","M","R","BOSS","M","M","M","?","M","E","R","E"],"items_purchased_type":[],"build_version":"2020-12-22","purchased_purges":0,"victory":false,"max_hp_per_floor":[60,60,60,60,60,60,60,60,60,60,60,60,60,60,60,60,60,60,60,60,60,60,60,60,60,60],"card_choices":[{"not_picked":[],"picked":"ChaosCard","floor":0},{"not_picked":["KiyohimeMod:Preemptive","KiyohimeMod:RedBlackKey","KiyohimeMod:ImaginaryAround"],"picked":"SKIP","floor":1},{"not_picked":["KiyohimeMod:Preemptive","KiyohimeMod:BlueBlackKey"],"picked":"KiyohimeMod:MagicCrystal","floor":2},{"not_picked":["KiyohimeMod:Berserker","KiyohimeMod:EatSoul"],"picked":"Bomb","floor":5},{"not_picked":["KiyohimeMod:WaterTurn","KiyohimeMod:GreenBlackKey","KiyohimeMod:BeElegant"],"picked":"SKIP","floor":6},{"not_picked":["KiyohimeMod:LimitedZeroOver","KiyohimeMod:BlueBlackKey"],"picked":"KiyohimeMod:CommandCard_Buster","floor":7},{"not_picked":["Bomb","KiyohimeMod:AndSoTheShipConquers"],"picked":"KiyohimeMod:CommandCard_Buster","floor":10},{"not_picked":["KiyohimeMod:DivineConstruct","KiyohimeMod:AgainstMagic","KiyohimeMod:SteelTraining"],"picked":"SKIP","floor":11},{"not_picked":["KiyohimeMod:WaterTurn","KiyohimeMod:BlueBlackKey"],"picked":"KiyohimeMod:EatSoul","floor":12},{"not_picked":["KiyohimeMod:BlueBlackKey","Bomb"],"picked":"KiyohimeMod:RealityMarble","floor":14},{"not_picked":["KiyohimeMod:FiringTheFirstArrow","KiyohimeMod:CastleOfTheSun"],"picked":"KiyohimeMod:HeroCreation","floor":16},{"not_picked":["KiyohimeMod:WaterTurn","KiyohimeMod:SteelTraining+1","KiyohimeMod:Preemptive"],"picked":"SKIP","floor":19},{"not_picked":["KiyohimeMod:EatSoul","KiyohimeMod:Berserker","KiyohimeMod:HydraDagger"],"picked":"SKIP","floor":20},{"not_picked":["KiyohimeMod:AndSoTheShipConquers","KiyohimeMod:HydraDagger+1","KiyohimeMod:GreenBlackKey"],"picked":"SKIP","floor":22},{"not_picked":["KiyohimeMod:WaterTurn","KiyohimeMod:LimitedZeroOver"],"picked":"KiyohimeMod:FacelessMoon","floor":23}],"player_experience":817360,"relics_obtained":[{"floor":1,"key":"LetterFromLob"},{"floor":6,"key":"D4"},{"floor":9,"key":"UnicornStump"},{"floor":11,"key":"StrikeDummy"},{"floor":23,"key":"Bottled Lightning"}],"event_choices":[{"damage_healed":0,"gold_gain":0,"player_choice":"Ignored","damage_taken":0,"max_hp_gain":0,"max_hp_loss":0,"event_name":"Golden Wing","floor":3,"gold_loss":0},{"damage_healed":0,"gold_gain":0,"player_choice":"Ignored","damage_taken":0,"max_hp_gain":0,"max_hp_loss":0,"event_name":"Cursed Tome","floor":21,"gold_loss":0}],"is_beta":false,"boss_relics":[{"not_picked":["MagicMushroom","Philosopher\u0027s Stone"],"picked":"Cursed Key"},{"not_picked":[]}],"items_purged_floors":[],"is_endless":false,"potions_floor_spawned":[1,6,7,14,20,23],"killed_by":"HollowMod:Nosk","ascension_level":8}}