{"host":"jl3raagrljzztomj","time":1610592917,"event":{"mods":["Aspiration","BaseMod","BetterRewards","Colored Map","Colored Powertips","Custom Start","Hermit","Highlight Path","Minty Spire (QoL Compilation)","Permanent Neow","StSLib","SuperFastMode","The Runesmith"],"gold_per_floor":[111,138,149,99,116,116,149,165,165,22,22,37,37,54,54,153,153,142,192,204,218,237,237,256,256,256],"floor_reached":25,"language":"ENG","playtime":790,"items_purged":["Strike_B"],"score":207,"play_id":"3d77db43-69d7-4ac6-9f0a-958ae249ab83","local_time":"20210113205517","is_ascension_mode":false,"campfire_choices":[{"data":"Zap","floor":6,"key":"SMITH"},{"data":"Echo Form","floor":11,"key":"SMITH"},{"data":"Chaos","floor":15,"key":"SMITH"},{"floor":23,"key":"REST"}],"circlet_count":0,"master_deck":["Defend_B","Defend_B","Defend_B","Defend_B","Zap+1","Dualcast","Thunder Strike","Echo Form+1","Static Discharge","Chaos+1","Storm","Static Discharge","Chaos"],"relics":["Cracked Core","MealTicket","aspiration:FetidBarrel","Singing Bowl","Empty Cage"],"acts_visited":["Exordium","TheCity"],"potions_floor_usage":[7,8,21,22],"damage_taken":[{"damage":1,"enemies":"Cultist","floor":1,"turns":3},{"damage":11,"enemies":"Jaw Worm","floor":3,"turns":3},{"damage":2,"enemies":"Small Slimes","floor":5,"turns":3},{"damage":15,"enemies":"3 Sentries","floor":7,"turns":6},{"damage":26,"enemies":"Gremlin Gang","floor":8,"turns":5},{"damage":6,"enemies":"Exordium Wildlife","floor":12,"turns":3},{"damage":3,"enemies":"Red Slaver","floor":14,"turns":3},{"damage":11,"enemies":"The Guardian","floor":16,"turns":8},{"damage":23,"enemies":"2 Thieves","floor":18,"turns":4},{"damage":7,"enemies":"Chosen","floor":20,"turns":5},{"damage":20,"enemies":"Shelled Parasite and Fungi","floor":21,"turns":4},{"damage":10,"enemies":"Centurion and Healer","floor":22,"turns":8},{"damage":6,"enemies":"Cultist and Chosen","floor":24,"turns":4},{"damage":47,"enemies":"Gremlin Leader","floor":25,"turns":3}],"seed_played":"-1600566320540572348","potions_obtained":[{"floor":1,"key":"AttackPotion"},{"floor":3,"key":"Regen Potion"},{"floor":16,"key":"SpeedPotion"},{"floor":18,"key":"Block Potion"},{"floor":20,"key":"CultistPotion"}],"is_trial":false,"path_per_floor":["M","T","M","?","M","R","E","M","T","$","R","M","?","M","R","B",null,"M","?","M","M","M","R","M","E"],"character_chosen":"DEFECT","items_purchased":["Static Discharge"],"campfire_rested":1,"item_purchase_floors":[10],"current_hp_per_floor":[74,74,63,63,61,61,46,32,32,47,47,43,43,40,40,31,79,58,58,51,31,21,45,41,0,0],"gold":256,"neow_bonus":"ONE_RANDOM_RARE_CARD","is_daily":false,"chose_seed":false,"campfire_upgraded":3,"win_rate":0.0,"timestamp":1610592917,"path_taken":["M","?","M","?","M","R","E","M","T","?","R","M","?","?","R","BOSS","M","?","M","M","?","R","M","E"],"items_purchased_type":["Card"],"build_version":"2020-12-22","purchased_purges":1,"victory":false,"max_hp_per_floor":[75,75,75,75,75,75,75,75,75,75,75,77,77,77,77,79,79,81,81,81,81,81,81,83,83,83],"card_choices":[{"not_picked":["Rip and Tear","Scrape","Sunder"],"picked":"SKIP","floor":1},{"not_picked":["Compile Driver","Recycle","Beam Cell"],"picked":"SKIP","floor":3},{"not_picked":["Redo","Sweeping Beam","Scrape"],"picked":"SKIP","floor":5},{"not_picked":["Go for the Eyes","Stack"],"picked":"Echo Form","floor":7},{"not_picked":["Cold Snap","Force Field","Beam Cell"],"picked":"SKIP","floor":8},{"not_picked":["Hologram","Steam","Streamline"],"picked":"Singing Bowl","floor":12},{"not_picked":["Hologram","Undo"],"picked":"Chaos","floor":14},{"not_picked":["Seek","Amplify","Multi-Cast"],"picked":"Singing Bowl","floor":16},{"not_picked":["Streamline","Go for the Eyes","Turbo"],"picked":"Singing Bowl","floor":18},{"not_picked":["Auto Shields","Hologram"],"picked":"Storm","floor":20},{"not_picked":["Go for the Eyes","Doom and Gloom"],"picked":"Static Discharge","floor":21},{"not_picked":["Streamline","White Noise"],"picked":"Chaos","floor":22},{"not_picked":["Sweeping Beam","Genetic Algorithm","Ball Lightning"],"picked":"Singing Bowl","floor":24}],"player_experience":942878,"relics_obtained":[{"floor":2,"key":"MealTicket"},{"floor":7,"key":"aspiration:FetidBarrel"},{"floor":9,"key":"Singing Bowl"}],"event_choices":[{"cards_removed":["Strike_B"],"damage_healed":0,"gold_gain":0,"player_choice":"Card Removal","damage_taken":0,"max_hp_gain":0,"max_hp_loss":0,"event_name":"The Cleric","floor":4,"gold_loss":50},{"damage_healed":0,"gold_gain":0,"cards_transformed":["Strike_B"],"player_choice":"Transformed","damage_taken":0,"max_hp_gain":0,"max_hp_loss":0,"event_name":"Transmorgrifier","floor":13,"gold_loss":0,"cards_obtained":["Creative AI"]},{"damage_healed":0,"gold_gain":100,"player_choice":"Bet on Murderer","damage_taken":0,"max_hp_gain":0,"max_hp_loss":0,"event_name":"The Joust","floor":19,"gold_loss":50}],"is_beta":false,"boss_relics":[{"not_picked":["aspiration:PoetsPen_weak","Velvet Choker"],"picked":"Empty Cage"}],"items_purged_floors":[10],"is_endless":false,"potions_floor_spawned":[1,3,16,18,20],"killed_by":"Gremlin Leader","ascension_level":0}}