{"host":"l2dnabsh5e0fsksb","time":1610598100,"event":{"mods":["2.2 Compatiblity","BaseMod","Downfall","Minty Spire (QoL Compilation)","Quick Restart","StSLib"],"gold_per_floor":[99,99,99,549,549,576,576,501,516,516,531,548,548,32,43,141,141,141,156,169,169,169,197,197,212,232,252,252,266,266,294,325,337,337,337],"floor_reached":33,"language":"ENG","playtime":1543,"items_purged":[],"score":539,"play_id":"dacd35c7-b269-4ab0-a137-09f495700d35","local_time":"20210114145140","is_ascension_mode":true,"campfire_choices":[{"floor":1,"key":"RECALL"},{"data":"champ:Shatter","floor":8,"key":"SMITH"},{"data":"champ:Duel","floor":13,"key":"SMITH"},{"data":"champ:PreciseThrust","floor":18,"key":"SMITH"},{"floor":30,"key":"REST"}],"circlet_count":0,"master_deck":["AscendersBane","champ:Strike","champ:Strike","champ:Strike","champ:Strike","champ:Defend","champ:Defend","champ:Defend","champ:Defend","champ:Execute","champ:Taunt","champ:GladiatorsShout","champ:DefensiveStyle","Slimebound:Icky","Slimebound:Icky","champ:Shatter+1","champ:IronFortress","champ:Duel+1","champ:CrookedStrike","champ:RecklessLeap","champ:DefensiveStyle","champ:PreciseThrust+1","champ:Riposte+1","champ:CheapShot","champ:FlashCut+1","champ:BerserkerStyle","champ:Lariat+1","champ:Shatter","champ:RageSigil+1","champ:AdrenalArmor+1","champ:Circumvent+1","champ:FanOfKnives+1"],"relics":["champ:ChampionCrown","downfall:HeartsMalice","Question Card","FossilizedHelix","downfall:HeartBlessingRed","Centennial Puzzle","Guardian:PocketSentry","Toxic Egg 2","expansioncontent:StudyCardRelic","InkBottle","Toy Ornithopter","downfall:KnowingSkull","MawBank"],"acts_visited":["Exordium","TheCity"],"potions_floor_usage":[16,27,29,31,32,33,33],"damage_taken":[{"damage":0,"enemies":"Cultist","floor":2,"turns":1},{"damage":0,"enemies":"Small Slimes","floor":3,"turns":1},{"damage":0,"enemies":"Lagavulin","floor":6,"turns":1},{"damage":0,"enemies":"2 Louse","floor":9,"turns":3},{"damage":9,"enemies":"2 Fungi Beasts","floor":11,"turns":4},{"damage":14,"enemies":"Gremlin Gang","floor":12,"turns":5},{"damage":3,"enemies":"downfall:FleeingMerchant","floor":14,"turns":4},{"damage":18,"enemies":"Large Slime","floor":15,"turns":4},{"damage":65,"enemies":"downfall:Ironclad","floor":16,"turns":10},{"damage":27,"enemies":"Shell Parasite","floor":19,"turns":5},{"damage":7,"enemies":"3 Byrds","floor":20,"turns":6},{"damage":5,"enemies":"Book of Stabbing","floor":23,"turns":5},{"damage":6,"enemies":"Sentry and Sphere","floor":25,"turns":3},{"damage":8,"enemies":"3 Cultists","floor":26,"turns":4},{"damage":23,"enemies":"Cultist and Chosen","floor":27,"turns":5},{"damage":0,"enemies":"Snake Plant","floor":29,"turns":4},{"damage":63,"enemies":"Gremlin Leader","floor":31,"turns":4},{"damage":15,"enemies":"Chosen and Byrds","floor":32,"turns":6},{"damage":57,"enemies":"downfall:Watcher","floor":33,"turns":8}],"seed_played":"4022751344164279891","potions_obtained":[{"floor":5,"key":"FairyPotion"},{"floor":5,"key":"champ:TechniquePotion"},{"floor":11,"key":"Energy Potion"},{"floor":20,"key":"Dexterity Potion"},{"floor":23,"key":"DuplicationPotion"}],"is_trial":false,"path_per_floor":["R","M","M","?","?","E","T","R","M","?","M","M","R","$","M","B",null,"R","M","M","?","?","E","T","M","M","M","?","M","R","E","M","B"],"character_chosen":"THE_CHAMP","items_purchased":["Guardian:PocketSentry","Toxic Egg 2","champ:DefensiveStyle","champ:PreciseThrust"],"campfire_rested":1,"item_purchase_floors":[14,14,14,14],"current_hp_per_floor":[81,81,81,81,81,81,81,81,81,39,35,24,24,29,26,17,72,72,60,53,53,53,53,53,47,39,37,28,33,60,47,41,0,0,0],"gold":337,"neow_bonus":"THREE_ENEMY_KILL","is_daily":false,"chose_seed":false,"campfire_upgraded":3,"win_rate":0.0,"timestamp":1610598100,"path_taken":["R","M","M","?","?","E","T","R","?","?","M","M","R","$","M","BOSS","R","M","M","?","?","E","T","M","M","M","?","M","R","E","M","BOSS"],"items_purchased_type":["Relic","Relic","Card","Card"],"build_version":"2020-12-22","purchased_purges":0,"victory":false,"max_hp_per_floor":[90,90,90,90,90,90,90,90,90,90,90,90,90,90,90,90,90,90,90,90,90,90,90,90,90,90,90,90,90,90,90,90,90,90,90],"card_choices":[{"not_picked":["champ:BladeFlurry","champ:RageSigil"],"picked":"champ:GladiatorsShout","floor":2},{"not_picked":["champ:RecklessLeap","champ:RageSigil"],"picked":"champ:DefensiveStyle","floor":3},{"not_picked":["champ:StanceDance","champ:PerfectedStrike"],"picked":"champ:Shatter","floor":6},{"not_picked":["champ:GutPunch","champ:ShieldSigil","champ:PreciseThrust"],"picked":"champ:IronFortress","floor":9},{"not_picked":["champ:BladeFlurry","champ:SwordSigil","champ:ShieldSigil"],"picked":"champ:Duel","floor":11},{"not_picked":["champ:BerserkersShout","champ:ShieldWall","champ:SteelEdge"],"picked":"champ:CrookedStrike","floor":12},{"not_picked":["champ:StanceDance","champ:FocusedDefense","champ:HeartStrike"],"picked":"champ:RecklessLeap","floor":14},{"not_picked":["champ:GladiatorsShout+1","champ:Control+1","champ:FalseCounter+1"],"picked":"champ:Riposte+1","floor":15},{"not_picked":["champ:DancingMaster","champ:PerfectForm","champ:EnchantCrown+1"],"picked":"champ:CheapShot","floor":16},{"not_picked":["champ:BerserkersShout+1","champ:Aggression+1","champ:FocusedBerserking+1","champ:GladiatorsShout+1"],"picked":"SKIP","floor":19},{"not_picked":["champ:GutPunch","champ:ArenaPreparation+1","champ:IronFortress"],"picked":"champ:FlashCut+1","floor":20},{"not_picked":["champ:FocusedDefense+1","champ:Shatter+1","champ:Lariat+1"],"picked":"champ:BerserkerStyle","floor":23},{"not_picked":["champ:FanOfKnives","champ:GladiatorsShout+1","champ:Encircle"],"picked":"champ:Lariat+1","floor":25},{"not_picked":["champ:PerfectedStrike","champ:FanOfKnives","champ:FlashCut"],"picked":"champ:Shatter","floor":26},{"not_picked":["champ:GladiatorsShout+1","champ:Riposte+1","champ:ShieldSigil+1"],"picked":"champ:RageSigil+1","floor":27},{"not_picked":["champ:BerserkersShout+1","champ:StanceDance+1","champ:BladeFlurry"],"picked":"champ:AdrenalArmor+1","floor":29},{"not_picked":["champ:ArenaPreparation+1","champ:Devastate","champ:FlashCut"],"picked":"champ:Circumvent+1","floor":31},{"not_picked":["champ:DeathBlow","champ:Circumvent+1","champ:EnGarde+1"],"picked":"champ:FanOfKnives+1","floor":32}],"player_experience":1781338,"relics_obtained":[{"floor":6,"key":"Question Card"},{"floor":7,"key":"FossilizedHelix"},{"floor":23,"key":"InkBottle"},{"floor":24,"key":"Toy Ornithopter"},{"floor":31,"key":"MawBank"}],"event_choices":[{"damage_healed":0,"gold_gain":0,"player_choice":"Got Potions","damage_taken":0,"max_hp_gain":0,"max_hp_loss":0,"event_name":"Lab","floor":5,"gold_loss":0},{"damage_healed":0,"gold_gain":0,"player_choice":"Success","damage_taken":42,"relics_obtained":["Centennial Puzzle"],"max_hp_gain":0,"max_hp_loss":0,"event_name":"Scrap Ooze","floor":10,"gold_loss":0}],"is_beta":false,"boss_relics":[{"not_picked":["Tiny House","Velvet Choker"],"picked":"expansioncontent:StudyCardRelic"}],"items_purged_floors":[],"is_endless":false,"potions_floor_spawned":[6,11,12,15,20,23,26],"killed_by":"downfall:Watcher","ascension_level":12}}