{"host":"6p0attdrtjqaih7v","time":1610608299,"event":{"mods":["2.2 Compatiblity","AchievementEnabler","Bard","BaseMod","Better Skull","Better Third Choice","Colored Powertips","Hermit","Highlight Path","Jorbs\u0027s Wanderer Trilogy","Key Reminder","Minty Spire (QoL Compilation)","Permanent Neow","Quick Restart","Random Character Button","Relic Stats","Replay The Spire","Robot Space Explorer","StSLib"],"gold_per_floor":[110,110,122,141,154,154,167,224,224,224,189,189,222,232,232,304,304,314,314,314,331,331,358,358,358],"floor_reached":24,"language":"ENG","playtime":1240,"items_purged":[],"score":432,"play_id":"9c8c3735-5b95-49a2-b638-5b25429e2c68","local_time":"20210114021139","is_ascension_mode":true,"campfire_choices":[{"data":"Berserk","floor":6,"key":"SMITH"},{"data":"Flame Barrier","floor":10,"key":"SMITH"},{"data":"Clothesline","floor":15,"key":"SMITH"}],"circlet_count":0,"master_deck":["AscendersBane","Strike_R","Strike_R","Strike_R","Strike_R","Defend_R","Defend_R","Defend_R","Defend_R","Berserk+1","Clothesline+1","Twin Strike","Burning Pact","Twin Strike","Flame Barrier+1","Eruption+1","EmptyFist","Shrug It Off","Reaper","Flame Barrier+1","Burning Pact"],"relics":["Thread and Needle","Champion Belt","Replay:M_SmolderingBlood","Dead Branch","Philosopher\u0027s Stone","White Beast Statue"],"acts_visited":["Exordium","TheCity"],"potions_floor_usage":[8,13,16,23],"damage_taken":[{"damage":1,"enemies":"2 Louse","floor":1,"turns":4},{"damage":2,"enemies":"Cultist","floor":3,"turns":4},{"damage":12,"enemies":"Jaw Worm","floor":4,"turns":4},{"damage":29,"enemies":"3 Louse","floor":5,"turns":5},{"damage":7,"enemies":"Blue Slaver","floor":7,"turns":5},{"damage":22,"enemies":"Gremlin Nob","floor":8,"turns":4},{"damage":16,"enemies":"3 Sentries","floor":13,"turns":7},{"damage":2,"enemies":"Looter","floor":14,"turns":3},{"damage":9,"enemies":"The Guardian","floor":16,"turns":10},{"damage":0,"enemies":"3 Byrds","floor":18,"turns":3},{"damage":5,"enemies":"Shell Parasite","floor":21,"turns":7},{"damage":77,"enemies":"Slavers","floor":23,"turns":9},{"damage":32,"enemies":"Shelled Parasite and Fungi","floor":24,"turns":1}],"seed_played":"6834684171541134651","potions_obtained":[{"floor":5,"key":"LifebloodPotion"},{"floor":7,"key":"Languid Potion"},{"floor":8,"key":"SpeedPotion"},{"floor":16,"key":"SteroidPotion"},{"floor":18,"key":"Venom Potion"}],"is_trial":false,"path_per_floor":["M","?","M","M","M","R","M","?","T","R","?","?","E","M","R","B",null,"M","?","?","M","?","E","M"],"character_chosen":"IRONCLAD","items_purchased":[],"campfire_rested":0,"item_purchase_floors":[],"current_hp_per_floor":[73,62,66,60,37,37,36,20,20,20,38,38,22,20,20,11,59,64,64,64,59,59,6,0,0],"gold":358,"neow_bonus":"TRANSFORM_CARD","is_daily":false,"chose_seed":false,"campfire_upgraded":3,"win_rate":0.0,"timestamp":1610608299,"path_taken":["M","?","M","?","M","R","M","?","T","R","?","?","E","?","R","BOSS","M","?","?","M","?","E","M"],"items_purchased_type":[],"build_version":"2020-12-22","purchased_purges":0,"victory":false,"max_hp_per_floor":[75,75,75,75,75,75,75,75,75,75,75,75,75,75,75,75,75,75,75,75,75,75,75,75,75],"relic_stats":{"counters":[13,66],"Dead Branch":[22],"Champion Belt":[2],"obtain_stats":[{"Replay:M_SmolderingBlood":12,"Dead Branch":13,"Thread and Needle":8,"Philosopher\u0027s Stone":17,"Champion Belt":9,"Burning Blood":0,"White Beast Statue":23},{"Replay:M_SmolderingBlood":6,"Dead Branch":7,"Thread and Needle":6,"Philosopher\u0027s Stone":9,"Champion Belt":6,"Burning Blood":0,"White Beast Statue":12},{"Replay:M_SmolderingBlood":26,"Dead Branch":33,"Thread and Needle":26,"Philosopher\u0027s Stone":46,"Champion Belt":26,"Burning Blood":0,"White Beast Statue":65}]},"card_choices":[{"not_picked":["Anger","Perfected Strike"],"picked":"Clothesline","floor":1},{"not_picked":["Corruption","Dual Wield"],"picked":"Twin Strike","floor":3},{"not_picked":["Sword Boomerang","Headbutt"],"picked":"Burning Pact","floor":4},{"not_picked":["Cleave","Headbutt","Clothesline"],"picked":"SKIP","floor":5},{"not_picked":["Abandon","Life Link"],"picked":"Twin Strike","floor":7},{"not_picked":["Massacre","Entrench"],"picked":"Flame Barrier","floor":8},{"not_picked":["Massacre","Perfected Strike"],"picked":"EmptyFist","floor":13},{"not_picked":["Perfected Strike","Body Slam"],"picked":"Shrug It Off","floor":14},{"not_picked":["Impervious","Berserk"],"picked":"Reaper","floor":16},{"not_picked":["Twin Strike","Thunderclap+1"],"picked":"Flame Barrier+1","floor":18},{"not_picked":["Anger","Iron Wave+1","Evolve"],"picked":"SKIP","floor":21},{"not_picked":["Berserk","Massacre","Sentinel"],"picked":"SKIP","floor":23}],"player_experience":832918,"relics_obtained":[{"floor":8,"key":"Thread and Needle"},{"floor":9,"key":"Champion Belt"},{"floor":13,"key":"Dead Branch"},{"floor":23,"key":"White Beast Statue"}],"event_choices":[{"damage_healed":0,"gold_gain":0,"player_choice":"Damaged","damage_taken":11,"max_hp_gain":0,"max_hp_loss":0,"event_name":"Wheel of Change","floor":2,"gold_loss":0},{"damage_healed":0,"gold_gain":0,"player_choice":"Searched \u00271\u0027 times","damage_taken":0,"max_hp_gain":0,"max_hp_loss":0,"event_name":"Dead Adventurer","floor":8,"gold_loss":0},{"damage_healed":18,"gold_gain":0,"player_choice":"Healed","damage_taken":0,"max_hp_gain":0,"max_hp_loss":0,"event_name":"The Cleric","floor":11,"gold_loss":35},{"damage_healed":0,"gold_gain":0,"player_choice":"Read","damage_taken":0,"max_hp_gain":0,"max_hp_loss":0,"event_name":"The Library","floor":20,"gold_loss":0,"cards_obtained":["Burning Pact"]},{"damage_healed":0,"gold_gain":0,"player_choice":"Forge","damage_taken":0,"max_hp_gain":0,"max_hp_loss":0,"event_name":"Accursed Blacksmith","floor":22,"gold_loss":0,"cards_upgraded":["Eruption"]}],"is_beta":false,"boss_relics":[{"not_picked":["Calling Bell","Abe\u0027s Treasure"],"picked":"Philosopher\u0027s Stone"}],"items_purged_floors":[],"is_endless":false,"potions_floor_spawned":[5,7,8,16,18],"killed_by":"Shelled Parasite and Fungi","ascension_level":20}}