{"host":"xi8yg1ddhptuxb9d","time":1610589631,"event":{"mods":["AchievementEnabler","AlwaysNeverKeys","BaseMod","Block Reminder","Minty Spire (QoL Compilation)","Relic Sorter","StSLib"],"gold_per_floor":[114,131,131,144,69,101,101,129,129,129,159,234,199,212,212,212,212],"floor_reached":16,"language":"ENG","playtime":407,"items_purged":["Shame"],"score":184,"play_id":"bd3ab65c-bd82-4d37-b6b8-142684ccd34c","local_time":"20210113210031","is_ascension_mode":true,"campfire_choices":[{"floor":7.0,"key":"REST"},{"floor":10.0,"key":"REST"},{"data":"Pommel Strike","floor":15.0,"key":"SMITH"}],"circlet_count":0,"master_deck":["AscendersBane","Strike_R","Strike_R","Strike_R","Strike_R","Strike_R","Defend_R","Defend_R","Defend_R","Defend_R","Bash","Panache","Cleave","Twin Strike","Pommel Strike+1","Dropkick","Thunderclap"],"relics":["Burning Blood","Oddly Smooth Stone","White Beast Statue","Frozen Egg 2","Akabeko","Sundial"],"acts_visited":["Exordium"],"potions_floor_usage":[],"damage_taken":[{"damage":6.0,"enemies":"Cultist","floor":1.0,"turns":3.0},{"damage":13.0,"enemies":"Jaw Worm","floor":2.0,"turns":4.0},{"damage":4.0,"enemies":"Small Slimes","floor":4.0,"turns":3.0},{"damage":22.0,"enemies":"Lagavulin","floor":6.0,"turns":6.0},{"damage":32.0,"enemies":"Gremlin Nob","floor":8.0,"turns":4.0},{"damage":9.0,"enemies":"2 Fungi Beasts","floor":14.0,"turns":3.0},{"damage":30,"enemies":"Slime Boss","floor":16,"turns":7}],"seed_played":"-7145429751874567301","potions_obtained":[{"floor":1.0,"key":"DistilledChaos"},{"floor":8.0,"key":"EssenceOfSteel"},{"floor":14.0,"key":"EssenceOfSteel"}],"is_trial":false,"path_per_floor":["M","M","?","M","$","E","R","E","T","R","?","?","?","M","R","B"],"character_chosen":"IRONCLAD","items_purchased":[],"campfire_rested":2,"item_purchase_floors":[],"current_hp_per_floor":[68,61,36,38,38,22,44,18,18,40,40,29,47,44,44,14,14],"gold":212,"neow_bonus":"RANDOM_COLORLESS_2","is_daily":false,"chose_seed":false,"campfire_upgraded":1,"win_rate":0.0,"timestamp":1610589631,"path_taken":["M","M","?","M","$","E","R","E","T","R","?","?","?","M","R","BOSS"],"items_purchased_type":[],"build_version":"2020-12-22","purchased_purges":1,"victory":false,"max_hp_per_floor":[75,75,75,75,75,75,75,75,75,75,75,75,75,75,75,75,75],"card_choices":[{"not_picked":["Transmutation","Mayhem"],"picked":"Panache","floor":0.0},{"not_picked":["Heavy Blade","Warcry"],"picked":"Cleave","floor":1.0},{"not_picked":["Cleave","Exhume"],"picked":"Twin Strike","floor":2.0},{"not_picked":["Clothesline","Flex"],"picked":"Pommel Strike","floor":4.0},{"not_picked":["Body Slam","Armaments"],"picked":"Dropkick","floor":6.0},{"not_picked":["Flex","Perfected Strike","Cleave"],"picked":"SKIP","floor":8.0},{"not_picked":["Entrench","Anger"],"picked":"Thunderclap","floor":14.0}],"player_experience":639178,"relics_obtained":[{"floor":6.0,"key":"White Beast Statue"},{"floor":8.0,"key":"Frozen Egg 2"},{"floor":9.0,"key":"Akabeko"}],"event_choices":[{"damage_healed":0.0,"max_hp_gain":0.0,"max_hp_loss":0.0,"gold_gain":0.0,"event_name":"Scrap Ooze","player_choice":"Success","floor":3.0,"gold_loss":0.0,"damage_taken":25.0,"relics_obtained":["Oddly Smooth Stone"]},{"damage_healed":0.0,"max_hp_gain":0.0,"max_hp_loss":0.0,"gold_gain":30.0,"event_name":"Dead Adventurer","player_choice":"Searched \u00272\u0027 times","floor":11.0,"gold_loss":0.0,"damage_taken":0.0,"relics_obtained":["Sundial"]},{"damage_healed":0.0,"max_hp_gain":0.0,"max_hp_loss":0.0,"gold_gain":75.0,"event_name":"World of Goop","player_choice":"Gather Gold","floor":12.0,"gold_loss":0.0,"damage_taken":11.0},{"damage_healed":18.0,"max_hp_gain":0.0,"max_hp_loss":0.0,"gold_gain":0.0,"event_name":"The Cleric","player_choice":"Healed","floor":13.0,"gold_loss":35.0,"damage_taken":0.0}],"is_beta":false,"boss_relics":[],"items_purged_floors":[5],"is_endless":false,"potions_floor_spawned":[1,8,14],"killed_by":"Slime Boss","ascension_level":14}}