{"host":"mai03x2ekbjy4059","time":1610598117,"event":{"mods":["2.2 Compatiblity","BaseMod","DeckTracker","Highlight Path","Keyboard Shortcuts","Minty Spire (QoL Compilation)","Permanent Neow","Quick Restart","SuperFastMode","everything is the same but u backflip on backflip"],"gold_per_floor":[119,119,119,119,144,175,175,175,175,175,213,47,93,106,106,201,201,220,220,241,5,5,5,40,40,115,150,150,173,187,187,187],"floor_reached":31,"language":"KOR","playtime":681,"items_purged":["Strike_P"],"score":516,"play_id":"8e3d3c2c-6cd2-4d83-b173-8e27d72aa597","local_time":"20210114132157","is_ascension_mode":true,"campfire_choices":[{"floor":8.0,"key":"REST"},{"data":"Eruption","floor":10.0,"key":"SMITH"},{"data":"FlurryOfBlows","floor":15.0,"key":"SMITH"},{"floor":23.0,"key":"REST"},{"floor":25.0,"key":"REST"},{"floor":28.0,"key":"REST"}],"circlet_count":0,"master_deck":["AscendersBane","Strike_P+1","Strike_P+1","Defend_P+1","Eruption+1","Vigilance+1","FlurryOfBlows+1","MentalFortress+1","BattleHymn+1","Swivel+1"],"relics":["PureWater","Potion Belt","Golden Idol","Ornamental Fan","HornCleat","Boot","PreservedInsect","Whetstone","Astrolabe","Medical Kit","Damaru","White Beast Statue","Akabeko"],"acts_visited":["Exordium","TheCity"],"potions_floor_usage":[30,30],"damage_taken":[{"damage":0.0,"enemies":"Small Slimes","floor":1.0,"turns":3.0},{"damage":0.0,"enemies":"2 Louse","floor":5.0,"turns":4.0},{"damage":19.0,"enemies":"Gremlin Nob","floor":6.0,"turns":3.0},{"damage":2.0,"enemies":"3 Sentries","floor":11.0,"turns":7.0},{"damage":0.0,"enemies":"Jaw Worm","floor":14.0,"turns":1.0},{"damage":6.0,"enemies":"Hexaghost","floor":16.0,"turns":7.0},{"damage":3.0,"enemies":"3 Byrds","floor":18.0,"turns":6.0},{"damage":21.0,"enemies":"Shell Parasite","floor":20.0,"turns":3.0},{"damage":22.0,"enemies":"Slavers","floor":24.0,"turns":6.0},{"damage":14.0,"enemies":"Book of Stabbing","floor":27.0,"turns":4.0},{"damage":7.0,"enemies":"Cultist and Chosen","floor":29.0,"turns":4.0},{"damage":14,"enemies":"Centurion and Healer","floor":30,"turns":3},{"damage":21,"enemies":"Shelled Parasite and Fungi","floor":31,"turns":3}],"seed_played":"-5708317697641276439","potions_obtained":[{"floor":5.0,"key":"Block Potion"},{"floor":11.0,"key":"DuplicationPotion"},{"floor":14.0,"key":"DistilledChaos"},{"floor":16.0,"key":"Strength Potion"},{"floor":27.0,"key":"SteroidPotion"},{"floor":29.0,"key":"Explosive Potion"},{"floor":30,"key":"SmokeBomb"}],"is_trial":false,"path_per_floor":["M","?","?","?","M","E","?","R","T","R","E","$","T","M","R","B",null,"M","?","M","$","?","R","E","R","T","E","R","M","M","M"],"character_chosen":"WATCHER","items_purchased":["PreservedInsect","Medical Kit"],"campfire_rested":4,"item_purchase_floors":[12,21],"current_hp_per_floor":[61,56,56,56,56,37,18,36,36,36,34,34,34,34,34,28,54,51,45,24,24,24,42,20,38,38,24,42,35,21,0,0],"gold":187,"neow_bonus":"THREE_CARDS","is_daily":false,"chose_seed":false,"campfire_upgraded":2,"win_rate":0.0,"timestamp":1610598117,"path_taken":["M","?","?","?","M","E","?","R","T","R","E","?","?","?","R","BOSS","M","?","?","$","?","R","E","R","T","E","R","M","?","M"],"items_purchased_type":["Relic","Relic"],"build_version":"2020-12-22","purchased_purges":1,"victory":false,"max_hp_per_floor":[68,68,62,62,62,62,62,62,62,62,62,62,62,62,62,62,62,62,62,62,62,62,62,62,62,62,62,62,62,62,62,62],"card_choices":[{"not_picked":["BowlingBash","Indignation"],"picked":"FlurryOfBlows","floor":0.0},{"not_picked":["EmptyFist","Tantrum","BowlingBash"],"picked":"SKIP","floor":1.0},{"not_picked":["Swivel","Protect","Vengeance"],"picked":"SKIP","floor":5.0},{"not_picked":["PathToVictory","Indignation","SashWhip"],"picked":"SKIP","floor":6.0},{"not_picked":["EmptyMind","SashWhip","Study"],"picked":"SKIP","floor":11.0},{"not_picked":["CutThroughFate","Omniscience","ThirdEye"],"picked":"SKIP","floor":14.0},{"not_picked":["Evaluate","ClearTheMind+1","Halt"],"picked":"SKIP","floor":18.0},{"not_picked":["ForeignInfluence","Study","Conclude"],"picked":"SKIP","floor":20.0},{"not_picked":["JustLucky+1","WindmillStrike","ThirdEye"],"picked":"SKIP","floor":24.0},{"not_picked":["ForeignInfluence","Prostrate","Crescendo"],"picked":"SKIP","floor":27.0},{"not_picked":["Devotion","SashWhip","Meditate+1"],"picked":"SKIP","floor":29.0},{"not_picked":["FlyingSleeves","Evaluate","FollowUp"],"picked":"SKIP","floor":30}],"player_experience":984127,"relics_obtained":[{"floor":6.0,"key":"Ornamental Fan"},{"floor":9.0,"key":"HornCleat"},{"floor":11.0,"key":"Boot"},{"floor":13.0,"key":"Whetstone"},{"floor":24.0,"key":"Damaru"},{"floor":26.0,"key":"White Beast Statue"},{"floor":27.0,"key":"Akabeko"}],"event_choices":[{"damage_healed":0.0,"max_hp_gain":0.0,"max_hp_loss":0.0,"gold_gain":0.0,"event_name":"Scrap Ooze","player_choice":"Success","floor":2.0,"gold_loss":0.0,"damage_taken":5.0,"relics_obtained":["Potion Belt"]},{"damage_healed":0.0,"max_hp_gain":0.0,"max_hp_loss":6.0,"gold_gain":0.0,"event_name":"Golden Idol","player_choice":"Lose Max HP","floor":3.0,"gold_loss":0.0,"damage_taken":0.0,"relics_obtained":["Golden Idol"]},{"cards_removed":["Defend_P"],"damage_healed":0.0,"max_hp_gain":0.0,"max_hp_loss":0.0,"gold_gain":0.0,"event_name":"Living Wall","player_choice":"Forget","floor":4.0,"gold_loss":0.0,"damage_taken":0.0},{"damage_healed":0.0,"max_hp_gain":0.0,"max_hp_loss":0.0,"gold_gain":0.0,"event_name":"Shining Light","player_choice":"Entered Light","floor":7.0,"gold_loss":0.0,"damage_taken":19.0,"cards_upgraded":["Vigilance","Defend_P"]},{"damage_healed":0.0,"max_hp_gain":0.0,"max_hp_loss":0.0,"gold_gain":0.0,"event_name":"Knowing Skull","player_choice":"","floor":19.0,"potions_obtained":[],"gold_loss":0.0,"damage_taken":6.0,"cards_obtained":[]},{"damage_healed":0.0,"max_hp_gain":0.0,"max_hp_loss":0.0,"gold_gain":0.0,"event_name":"Upgrade Shrine","player_choice":"Ignored","floor":22.0,"gold_loss":0.0,"damage_taken":0.0}],"is_beta":false,"boss_relics":[{"not_picked":["SacredBark","Busted Crown"],"picked":"Astrolabe"}],"items_purged_floors":[21],"is_endless":false,"potions_floor_spawned":[5,11,14,16,27,29,30],"killed_by":"Shelled Parasite and Fungi","ascension_level":17}}