{"host":"Planeswalker","time":1610600971,"event":{"mods":["Act Like it!","Astrologer","BaseMod","Downfall","Friendly Minions","GifTheSpireLib","Halation","Hermit","Hubris","Jorbs\u0027s Wanderer Trilogy","Minty Spire (QoL Compilation)","Replay The Spire","SOS???????","Shop Mod","Somnambulant","StSLib","The Bladedancer","The Cursed","The Elementalist","The Hierophant","The Jungle","The Mystic","The Necromancer"],"gold_per_floor":[112,42,60,75,75,75,100,119,170,182,182,197,208,30,30,30,30],"floor_reached":16,"language":"ENG","playtime":963,"items_purged":[],"score":104,"play_id":"8210c90c-1553-4a0b-aacd-6fea66ffee51","local_time":"20210113220931","is_ascension_mode":false,"campfire_choices":[{"data":"hermit:Roulette","floor":6,"key":"SMITH"},{"floor":11,"key":"REST"},{"floor":15,"key":"REST"}],"circlet_count":0,"master_deck":["hermit:Strike_Hermit","hermit:Strike_Hermit","hermit:Strike_Hermit","hermit:Strike_Hermit","hermit:Defend_Hermit","hermit:Defend_Hermit","hermit:Defend_Hermit","hermit:Defend_Hermit","hermit:Snapshot","hermit:Covet","hermit:Roulette+1","hermit:Deadeye","hermit:Manifest","hermit:TrackingShot","hermit:Strike_Hermit","hermit:WideOpen","hermit:Snipe","hermit:TakeAim","hermit:Vantage","hermit:Combo","hermit:Desperado","hermit:BigShot"],"relics":["hermit:Momento","TungstenRod","Regal Pillow","ReplayFunnel"],"acts_visited":["Exordium"],"potions_floor_usage":[13,16,16],"damage_taken":[{"damage":5,"enemies":"Cultist","floor":1,"turns":4},{"damage":9,"enemies":"Jaw Worm","floor":3,"turns":4},{"damage":4,"enemies":"Small Slimes","floor":4,"turns":4},{"damage":47,"enemies":"3 Sentries","floor":7,"turns":9},{"damage":0,"enemies":"Exordium Wildlife","floor":8,"turns":2},{"damage":8,"enemies":"Looter","floor":10,"turns":3},{"damage":26,"enemies":"Lots of Slimes","floor":12,"turns":6},{"damage":19,"enemies":"Blue Slaver","floor":13,"turns":5},{"damage":52,"enemies":"Fading Forest","floor":16,"turns":7}],"seed_played":"-4823035094764669905","potions_obtained":[{"floor":3,"key":"Venom Potion"},{"floor":7,"key":"FearPotion"},{"floor":8,"key":"hexamod:EctoCoolerPotion"}],"is_trial":false,"path_per_floor":["M","$","M","M","?","R","E","M","T","M","R","M","M","$","R","B"],"character_chosen":"HERMIT","items_purchased":["hermit:Deadeye","ReplayFunnel","hermit:BigShot"],"campfire_rested":2,"item_purchase_floors":[2,14,14],"current_hp_per_floor":[77,77,68,64,64,64,17,17,17,9,48,22,3,3,42,0,0],"gold":30,"neow_bonus":"TEN_PERCENT_HP_BONUS","is_daily":false,"chose_seed":false,"campfire_upgraded":1,"win_rate":0.0,"timestamp":1610600971,"path_taken":["M","$","M","M","?","R","E","M","T","?","R","M","M","$","R","BOSS"],"items_purchased_type":["Card","Relic","Card"],"build_version":"2020-11-17","purchased_purges":0,"victory":false,"max_hp_per_floor":[82,82,82,82,82,82,82,82,82,82,82,82,82,82,82,82,82],"card_choices":[{"not_picked":["hermit:Headshot","hermit:Ricochet"],"picked":"hermit:Roulette","floor":1},{"not_picked":["hermit:Roulette","hermit:LowProfile"],"picked":"hermit:Manifest","floor":3},{"not_picked":["hermit:Manifest","hermit:Ricochet"],"picked":"hermit:TrackingShot","floor":4},{"not_picked":["hermit:Horror","hermit:Enervate"],"picked":"hermit:Snipe","floor":7},{"not_picked":["hermit:Enervate","hermit:Coalescence"],"picked":"hermit:TakeAim","floor":8},{"not_picked":["hermit:HighCaliber","hermit:Dissolve"],"picked":"hermit:Vantage","floor":10},{"not_picked":["hermit:Brawl","hermit:Vantage"],"picked":"hermit:Combo","floor":12},{"not_picked":["hermit:Snipe","hermit:Feint"],"picked":"hermit:Desperado","floor":13}],"player_experience":20127,"relics_obtained":[{"floor":7,"key":"TungstenRod"},{"floor":9,"key":"Regal Pillow"}],"event_choices":[{"damage_healed":0,"gold_gain":0,"player_choice":"2 cards matched","damage_taken":0,"max_hp_gain":0,"max_hp_loss":0,"event_name":"Match and Keep!","floor":5,"gold_loss":0,"cards_obtained":["hermit:Strike_Hermit","hermit:WideOpen"]}],"is_beta":true,"boss_relics":[],"items_purged_floors":[],"is_endless":false,"potions_floor_spawned":[3,7,8,12],"killed_by":"Fading Forest","ascension_level":0}}