{"host":"fdn1l3zxrtmz275b","time":1610640223,"event":{"mods":["BaseMod","DeckTracker","GifTheSpireLib","Marisa????????","Minty Spire (QoL Compilation)","Replay The Spire","StSLib","The Cursed"],"gold_per_floor":[111,126,137,107,37,37,64,77,77,77,3,14,14,14,14,115,215,231,231,231,244,257,257,267,278,278,278,278],"floor_reached":27,"language":"RUS","playtime":1105,"items_purged":[],"score":215,"play_id":"ff214ecd-ad41-44c9-a569-fda37621f972","local_time":"20210114190343","is_ascension_mode":false,"campfire_choices":[{"data":"Infinite Blades","floor":6,"key":"SMITH"},{"floor":13,"key":"REST"},{"floor":23,"key":"REST"}],"circlet_count":0,"master_deck":["Strike_G","Strike_G","Strike_G","Strike_G","Strike_G","Defend_G","Defend_G","Defend_G","Defend_G","Defend_G","Survivor","Neutralize","A Thousand Cuts+1","Choke","Slice","Concentrate+1","Infinite Blades+1","Slice","Hidden Blade","Accuracy","Venomology","Cloak And Dagger+1","ReplayTheSpireMod:Scrap Shanks","Hidden Blade","Underhanded Strike","Storm of Steel"],"relics":["Ring of the Snake","Mercury Hourglass","Bottled Flame","Replay:Wanted Poster"],"acts_visited":["Exordium","TheCity"],"potions_floor_usage":[3,7,16,22,24,25,27],"damage_taken":[{"damage":2,"enemies":"Cultist","floor":1,"turns":4},{"damage":1,"enemies":"2 Louse","floor":2,"turns":3},{"damage":0,"enemies":"Small Slimes","floor":3,"turns":1},{"damage":21,"enemies":"Gremlin Nob","floor":7,"turns":4},{"damage":9,"enemies":"Gremlin Gang","floor":8,"turns":3},{"damage":4,"enemies":"3 Louse","floor":12,"turns":3},{"damage":48,"enemies":"Fading Forest","floor":16,"turns":11},{"damage":16,"enemies":"3 Byrds","floor":18,"turns":3},{"damage":9,"enemies":"Shell Parasite","floor":21,"turns":5},{"damage":17,"enemies":"Chosen and Byrds","floor":22,"turns":6},{"damage":13,"enemies":"Centurion and Healer","floor":24,"turns":5},{"damage":27,"enemies":"Snecko","floor":25,"turns":4},{"damage":25,"enemies":"Shelled Parasite and Fungi","floor":27,"turns":3}],"seed_played":"-5405247394392083305","potions_obtained":[{"floor":1,"key":"CunningPotion"},{"floor":3,"key":"SkillPotion"},{"floor":4,"key":"Swift Potion"},{"floor":4,"key":"FairyPotion"},{"floor":16,"key":"Strength Potion"},{"floor":25,"key":"Poison Potion"}],"is_trial":false,"path_per_floor":["M","M","M","?","$","R","E","M","T","?","$","M","R","$","R","B",null,"M","?","?","M","M","R","M","M","T","M"],"character_chosen":"THE_SILENT","items_purchased":["Infinite Blades","Accuracy"],"campfire_rested":2,"item_purchase_floors":[5,11],"current_hp_per_floor":[68,67,67,67,67,67,46,37,37,37,37,33,54,54,70,32,70,54,41,41,32,15,37,24,20,20,0,0],"gold":278,"neow_bonus":"ONE_RANDOM_RARE_CARD","is_daily":false,"chose_seed":false,"campfire_upgraded":1,"win_rate":0.0,"timestamp":1610640223,"path_taken":["M","?","M","?","?","R","E","M","T","?","$","?","R","$","R","BOSS","M","?","?","M","M","R","M","M","T","M"],"items_purchased_type":["Card","Card"],"build_version":"2020-12-22","purchased_purges":0,"victory":false,"max_hp_per_floor":[70,70,70,70,70,70,70,70,70,70,70,70,70,70,70,70,70,70,75,75,75,75,75,75,75,75,75,75],"card_choices":[{"not_picked":["Distraction","Eviscerate"],"picked":"Choke","floor":1},{"not_picked":["Deadly Poison","Endless Agony"],"picked":"Slice","floor":2},{"not_picked":["Underhanded Strike","Concentrate","Dagger Spray"],"picked":"SKIP","floor":3},{"not_picked":["Underhanded Strike","Dagger Spray"],"picked":"Concentrate","floor":3},{"not_picked":["Draining Mist","Prepared"],"picked":"Slice","floor":7},{"not_picked":["Poisoned Stab","ReplayTheSpireMod:Exploit Weakness"],"picked":"Hidden Blade","floor":8},{"not_picked":["Dagger Throw","Deadly Poison","Sucker Punch"],"picked":"SKIP","floor":12},{"not_picked":["ReplayTheSpireMod:Necrosis","Envenom"],"picked":"Venomology","floor":16},{"not_picked":["Deflect","Quick Slash+1"],"picked":"Cloak And Dagger+1","floor":18},{"not_picked":["Backflip","ReplayTheSpireMod:The Works"],"picked":"ReplayTheSpireMod:Scrap Shanks","floor":21},{"not_picked":["Heel Hook","Masterful Stab"],"picked":"Hidden Blade","floor":22},{"not_picked":["Endless Agony","Backflip"],"picked":"Underhanded Strike","floor":24},{"not_picked":["Outmaneuver","ReplayTheSpireMod:Scrap Shanks"],"picked":"Storm of Steel","floor":25}],"player_experience":126453,"relics_obtained":[{"floor":7,"key":"Mercury Hourglass"},{"floor":9,"key":"Bottled Flame"}],"event_choices":[{"damage_healed":0,"gold_gain":0,"player_choice":"Bought 2 Potions","damage_taken":0,"max_hp_gain":0,"max_hp_loss":0,"event_name":"The Woman in Blue","floor":4,"gold_loss":0},{"damage_healed":0,"gold_gain":0,"player_choice":"Ignored","damage_taken":0,"max_hp_gain":0,"max_hp_loss":0,"event_name":"NoteForYourself","floor":10,"gold_loss":0},{"damage_healed":0,"gold_gain":0,"player_choice":"Shed Blood","damage_taken":18,"max_hp_gain":5,"max_hp_loss":0,"event_name":"Forgotten Altar","floor":19,"gold_loss":0},{"damage_healed":0,"gold_gain":0,"player_choice":"Forge","damage_taken":0,"max_hp_gain":0,"max_hp_loss":0,"event_name":"Accursed Blacksmith","floor":20,"gold_loss":0,"cards_upgraded":["Concentrate"]}],"is_beta":false,"boss_relics":[{"not_picked":["Snecko Eye","Ectoplasm"],"picked":"Replay:Wanted Poster"}],"items_purged_floors":[],"is_endless":false,"potions_floor_spawned":[1,3,16,25],"killed_by":"Shelled Parasite and Fungi","ascension_level":0}}