{"host":"fworv1gvvajf3x0f","time":1610643704,"event":{"mods":["AchievementEnabler","Aspiration","BaseMod","Better Vampires","Colored Map","Colored Powertips","Highlight Path","Infinite Spire","Minty Spire (QoL Compilation)","Poor People Problems","Replay The Spire","StSLib"],"gold_per_floor":[109,0,0,14,29,29,57,77,77,91,91,91,114,189,189,189,189],"floor_reached":16,"language":"ZHS","playtime":726,"items_purged":["Strike_G"],"score":117,"play_id":"491f8664-20ce-4b1b-98ca-06455886656c","local_time":"20210115010144","is_ascension_mode":true,"campfire_choices":[{"data":"Distraction","floor":6,"key":"SMITH"},{"data":"Setup","floor":11,"key":"SMITH"},{"floor":15,"key":"REST"}],"circlet_count":0,"master_deck":["Strike_G","Strike_G","Strike_G","Strike_G","Defend_G","Defend_G","Defend_G","Defend_G","Defend_G","Survivor","Neutralize","Terror","Footwork","Underhanded Strike","Distraction+1","Corpse Explosion","Setup+1","infinitespire:Neurotoxin"],"relics":["Ring of the Snake","NeowsBlessing","Pear","Golden Idol"],"acts_visited":["Exordium"],"potions_floor_usage":[13],"damage_taken":[{"damage":0,"enemies":"Small Slimes","floor":1,"turns":1},{"damage":0,"enemies":"Cultist","floor":4,"turns":1},{"damage":0,"enemies":"Jaw Worm","floor":5,"turns":1},{"damage":25,"enemies":"Lagavulin","floor":7,"turns":6},{"damage":0,"enemies":"Large Slime","floor":8,"turns":5},{"damage":11,"enemies":"Looter","floor":10,"turns":4},{"damage":19,"enemies":"Gremlin Gang","floor":13,"turns":2},{"damage":24,"enemies":"Slime Boss","floor":16,"turns":7}],"seed_played":"-4083537012456148369","potions_obtained":[{"floor":5,"key":"Explosive Potion"},{"floor":7,"key":"Toxic Potion"},{"floor":10,"key":"Dexterity Potion"}],"is_trial":false,"path_per_floor":["M","$","?","M","M","R","E","M","T","M","R","?","M","?","R","B"],"character_chosen":"THE_SILENT","items_purchased":["Footwork"],"campfire_rested":1,"item_purchase_floors":[2],"current_hp_per_floor":[70,70,63,63,63,63,48,48,48,37,37,37,18,7,29,5,5],"gold":189,"neow_bonus":"THREE_ENEMY_KILL","is_daily":false,"chose_seed":false,"campfire_upgraded":2,"win_rate":0.0,"timestamp":1610643704,"path_taken":["M","$","?","?","M","R","E","M","T","M","R","?","M","?","R","BOSS"],"items_purchased_type":["Card"],"build_version":"2020-12-22","purchased_purges":1,"victory":false,"max_hp_per_floor":[70,70,70,70,70,70,80,80,80,80,80,74,74,74,74,74,74],"card_choices":[{"not_picked":["Choke","Sucker Punch"],"picked":"Terror","floor":1},{"not_picked":["Outmaneuver","Slice"],"picked":"Underhanded Strike","floor":4},{"not_picked":["Poisoned Stab","Bane"],"picked":"Distraction","floor":5},{"not_picked":["Sneak Up","Quick Slash"],"picked":"Corpse Explosion","floor":7},{"not_picked":["Deadly Poison","Sucker Punch"],"picked":"Setup","floor":8},{"not_picked":["Heel Hook","Dagger Throw","Slice"],"picked":"SKIP","floor":10},{"not_picked":["Sneak Up","Underhanded Strike"],"picked":"infinitespire:Neurotoxin","floor":13}],"player_experience":209735,"relics_obtained":[{"floor":7,"key":"Pear"}],"event_choices":[{"damage_healed":0,"gold_gain":0,"player_choice":"Damaged","damage_taken":7,"max_hp_gain":0,"max_hp_loss":0,"event_name":"Wheel of Change","floor":3,"gold_loss":0},{"damage_healed":0,"gold_gain":0,"player_choice":"Lose Max HP","damage_taken":0,"relics_obtained":["Golden Idol"],"max_hp_gain":0,"max_hp_loss":6,"event_name":"Golden Idol","floor":12,"gold_loss":0},{"damage_healed":0,"gold_gain":75,"player_choice":"Gather Gold","damage_taken":11,"max_hp_gain":0,"max_hp_loss":0,"event_name":"World of Goop","floor":14,"gold_loss":0}],"is_beta":false,"boss_relics":[],"items_purged_floors":[2],"is_endless":false,"potions_floor_spawned":[5,7,10],"killed_by":"Slime Boss","ascension_level":3}}