{"host":"126yiuos2nq86se7","time":1610595364,"event":{"mods":["AchievementEnabler","Act Like it!","BaseMod","Colored Map","Colored Powertips","Downfall","Friendly Minions","Halation","Highlight Path","Jorbs\u0027s Wanderer Trilogy","Marisa????????","Minty Spire (QoL Compilation)","Replay The Spire","StSLib","SuperFastMode","The Animator","The Hierophant","The Servant 0.9.4"],"gold_per_floor":[112,112,127,146,37,37,52,52,124,135,146,166,180,190,241,341,341,353,14,14,14,14],"floor_reached":21,"language":"ENG","playtime":727,"items_purged":["Strike_G","Strike_G"],"score":201,"play_id":"77fdc289-b2f9-44ad-989a-8525d3b75c75","local_time":"20210114143604","is_ascension_mode":true,"campfire_choices":[{"data":"ReplayTheSpireMod:Scrap Shanks","floor":6,"key":"SMITH"},{"data":"Survivor","floor":8,"key":"SMITH"}],"circlet_count":0,"master_deck":["Strike_G","Defend_G","Defend_G","Defend_G","Defend_G","Defend_G","Survivor+1","Neutralize","Blade Dance","PiercingWail","Blade Dance","ReplayTheSpireMod:Scrap Shanks+1","Dagger Spray","Blade Dance","PiercingWail","PiercingWail","Eviscerate+1","expansioncontent:QuickStudy","Deflect"],"relics":["Ring of the Snake","Divine Protection","Sozu"],"acts_visited":["Exordium","TheCity"],"potions_floor_usage":[16,16,16],"damage_taken":[{"damage":0,"enemies":"2 Louse","floor":1,"turns":2},{"damage":0,"enemies":"Cultist","floor":3,"turns":4},{"damage":0,"enemies":"Jaw Worm","floor":4,"turns":5},{"damage":0,"enemies":"Exordium Wildlife","floor":7,"turns":4},{"damage":3,"enemies":"Exordium Thugs","floor":10,"turns":5},{"damage":0,"enemies":"Blue Slaver","floor":11,"turns":3},{"damage":0,"enemies":"Looter","floor":12,"turns":4},{"damage":0,"enemies":"Exordium Wildlife","floor":13,"turns":4},{"damage":0,"enemies":"Blue Slaver","floor":14,"turns":3},{"damage":36,"enemies":"The Guardian","floor":16,"turns":12},{"damage":36,"enemies":"Spheric Guardian","floor":18,"turns":6},{"damage":37,"enemies":"Chosen","floor":21,"turns":6}],"seed_played":"1454311212225047099","potions_obtained":[{"floor":3,"key":"Adrenaline Potion"},{"floor":4,"key":"Milkshake"},{"floor":10,"key":"Strength Potion"},{"floor":11,"key":"LifebloodPotion"},{"floor":16,"key":"Fire Potion"}],"is_trial":false,"path_per_floor":["M","?","M","M","$","R","M","R","T","M","M","M","M","M","R_BF","B",null,"M","$","$","M"],"character_chosen":"THE_SILENT","items_purchased":["ReplayTheSpireMod:Scrap Shanks","expansioncontent:QuickStudy","Deflect"],"campfire_rested":0,"item_purchase_floors":[5,19,19],"current_hp_per_floor":[70,70,70,70,70,70,70,70,70,67,67,67,67,67,67,31,70,34,34,34,0,0],"gold":14,"neow_bonus":"REMOVE_CARD","is_daily":false,"chose_seed":false,"campfire_upgraded":2,"win_rate":0.0,"timestamp":1610595364,"path_taken":["M","?","?","M","$","R","M","R","T","M","?","M","M","M","R_BF","BOSS","M","?","$","M"],"items_purchased_type":["Card","Card","Card"],"build_version":"2020-12-22","purchased_purges":2,"victory":false,"max_hp_per_floor":[70,70,70,70,70,70,70,70,70,70,70,70,70,70,70,70,70,70,70,70,70,70],"card_choices":[{"not_picked":["Sucker Punch","Quick Slash"],"picked":"Blade Dance","floor":1},{"not_picked":["Prepared","Flying Knee"],"picked":"PiercingWail","floor":3},{"not_picked":["Sucker Punch","Dash"],"picked":"Blade Dance","floor":4},{"not_picked":["Poisoned Stab","Venomology"],"picked":"Dagger Spray","floor":7},{"not_picked":["Sucker Punch","Concentrate"],"picked":"Blade Dance","floor":10},{"not_picked":["Poisoned Stab","Cloak And Dagger","Acrobatics"],"picked":"SKIP","floor":11},{"not_picked":["Masterful Stab","Dodge and Roll"],"picked":"PiercingWail","floor":12},{"not_picked":["Slice","Sucker Punch"],"picked":"PiercingWail","floor":13},{"not_picked":["Corpse Explosion","Deadly Poison","Backstab"],"picked":"SKIP","floor":14},{"not_picked":["Fluid Movement","ReplayTheSpireMod:Speed Training"],"picked":"Eviscerate+1","floor":18}],"player_experience":1793070,"relics_obtained":[{"floor":9,"key":"Divine Protection"}],"event_choices":[{"cards_removed":["Strike_G"],"damage_healed":0,"gold_gain":0,"player_choice":"Card Removal","damage_taken":0,"max_hp_gain":0,"max_hp_loss":0,"event_name":"Wheel of Change","floor":2,"gold_loss":0}],"is_beta":false,"boss_relics":[{"not_picked":["halation:CatFaceCupcake","Honey Jar"],"picked":"Sozu"}],"items_purged_floors":[5,19],"is_endless":false,"potions_floor_spawned":[3,4,10,11,16,18],"killed_by":"Chosen","ascension_level":3}}