{"host":"6swbl1yqdi8v28pk","time":1610589228,"event":{"mods":["AchievementEnabler","BaseMod","Colored Map","Minty Spire (QoL Compilation)","Quick Restart"],"gold_per_floor":[116,131,145,145,172,172,207,207,234,246,270,312,324,104,104,208,208,223,223,243,263,280,280,83,83,83,94,106,106,106,122,122,225,225,239,239,199,212,60,93,93,107,107,122,133,147,147,160,160,160,160,160,90,116,116,116],"floor_reached":55,"language":"SPA","playtime":2517,"items_purged":["Strike_G"],"score":836,"play_id":"08f798e4-e2c9-48cf-82d5-51dc49e858a6","local_time":"20210113195348","is_ascension_mode":false,"campfire_choices":[{"data":"Neutralize","floor":6,"key":"SMITH"},{"floor":8,"key":"REST"},{"floor":15,"key":"REST"},{"floor":23,"key":"REST"},{"floor":30,"key":"RECALL"},{"floor":32,"key":"REST"},{"floor":41,"key":"REST"},{"floor":49,"key":"REST"},{"data":"Apotheosis","floor":52,"key":"SMITH"}],"circlet_count":0,"master_deck":["Strike_G","Strike_G","Defend_G","Defend_G+1","Defend_G","Survivor+1","Neutralize+1","Riddle With Holes+1","PiercingWail","Sucker Punch","Concentrate","Corpse Explosion","Riddle With Holes","Dagger Spray","Noxious Fumes","Bullet Time","Blur","Footwork","Dagger Spray+1","Apotheosis+1","Catalyst","Leg Sweep+1","Flechettes","Burst","Backstab+1","Noxious Fumes+1","Caltrops+1","Writhe","Deadly Poison+1","Caltrops","Catalyst+1"],"relics":["Runic Pyramid","FossilizedHelix","MawBank","Turnip","Bronze Scales","Sozu","Bottled Flame","Empty Cage","Lantern","Strawberry","Mango","Orichalcum"],"acts_visited":["Exordium","TheCity","TheBeyond","TheEnding"],"potions_floor_usage":[7,12,12,16,16,16],"damage_taken":[{"damage":0,"enemies":"Cultist","floor":1,"turns":4},{"damage":0,"enemies":"2 Louse","floor":2,"turns":2},{"damage":0,"enemies":"Jaw Worm","floor":3,"turns":5},{"damage":13,"enemies":"Gremlin Nob","floor":7,"turns":4},{"damage":2,"enemies":"Looter","floor":11,"turns":4},{"damage":10,"enemies":"3 Sentries","floor":12,"turns":6},{"damage":0,"enemies":"Hexaghost","floor":16,"turns":8},{"damage":0,"enemies":"Chosen","floor":18,"turns":6},{"damage":3,"enemies":"2 Thieves","floor":20,"turns":3},{"damage":17,"enemies":"Cultist and Chosen","floor":21,"turns":8},{"damage":5,"enemies":"Snake Plant","floor":22,"turns":4},{"damage":0,"enemies":"Centurion and Healer","floor":27,"turns":5},{"damage":0,"enemies":"Sentry and Sphere","floor":28,"turns":3},{"damage":0,"enemies":"Cultist and Chosen","floor":31,"turns":3},{"damage":0,"enemies":"Automaton","floor":33,"turns":9},{"damage":0,"enemies":"3 Shapes","floor":35,"turns":5},{"damage":20,"enemies":"Orb Walker","floor":38,"turns":5},{"damage":0,"enemies":"Giant Head","floor":40,"turns":8},{"damage":29,"enemies":"Spire Growth","floor":42,"turns":7},{"damage":0,"enemies":"Maw","floor":44,"turns":6},{"damage":21,"enemies":"4 Shapes","floor":45,"turns":5},{"damage":19,"enemies":"Jaw Worm Horde","floor":46,"turns":4},{"damage":7,"enemies":"Spire Growth","floor":48,"turns":5},{"damage":69,"enemies":"Donu and Deca","floor":50,"turns":7},{"damage":79,"enemies":"Shield and Spear","floor":54,"turns":5},{"damage":28,"enemies":"The Heart","floor":55,"turns":3}],"seed_played":"4332801742374867137","potions_obtained":[{"floor":2,"key":"FearPotion"},{"floor":3,"key":"EntropicBrew"},{"floor":11,"key":"LiquidMemories"},{"floor":12,"key":"BlessingOfTheForge"}],"is_trial":false,"path_per_floor":["M","M","M","?","T","R","E","R","T","?","M","E","?","$","R","B",null,"M","?","M","M","M","R","$","$","T","M","M","?","R","M","R","B",null,"M","?","?","M","$","E","R","M","T","M","M","M","?","M","R","B",null,"R","$","E","B"],"character_chosen":"THE_SILENT","items_purchased":["Bronze Scales","Apotheosis","Lantern","Caltrops"],"campfire_rested":6,"item_purchase_floors":[14,24,39,53],"current_hp_per_floor":[70,70,70,70,70,70,57,70,70,70,68,58,44,44,65,65,70,70,57,54,37,32,54,54,54,54,54,54,54,54,54,75,75,75,75,75,75,55,55,62,82,53,67,67,46,27,51,44,72,3,96,96,96,17,0,0],"gold":116,"neow_bonus":"BOSS_RELIC","is_daily":false,"chose_seed":false,"campfire_upgraded":2,"win_rate":0.0,"timestamp":1610589228,"path_taken":["M","?","M","?","?","R","E","R","T","?","?","E","?","$","R","BOSS","M","?","M","M","M","R","?","$","T","M","M","?","R","M","R","BOSS","M","?","?","M","$","E","R","M","T","M","M","?","?","M","R","BOSS","R","$","E","BOSS"],"items_purchased_type":["Relic","Card","Relic","Card"],"build_version":"2020-12-22","purchased_purges":1,"victory":false,"max_hp_per_floor":[70,70,70,70,70,70,70,70,70,70,70,70,70,70,70,70,70,70,75,75,75,75,75,75,75,75,75,75,75,75,75,75,75,75,75,75,75,75,75,82,82,82,96,96,96,96,96,96,96,96,96,96,96,96,96,96],"card_choices":[{"not_picked":["Blade Dance","Bane"],"picked":"Riddle With Holes","floor":1},{"not_picked":["Outmaneuver","Choke"],"picked":"PiercingWail","floor":2},{"not_picked":["Acrobatics","Setup"],"picked":"Sucker Punch","floor":3},{"not_picked":["Tools of the Trade","Dagger Throw"],"picked":"Concentrate","floor":7},{"not_picked":["Concentrate","Escape Plan"],"picked":"Dagger Spray","floor":11},{"not_picked":["Underhanded Strike","Crippling Poison"],"picked":"Noxious Fumes","floor":12},{"not_picked":["A Thousand Cuts","Wraith Form v2"],"picked":"Bullet Time","floor":16},{"not_picked":["Backflip+1","Catalyst"],"picked":"Blur","floor":18},{"not_picked":["Dodge and Roll","Quick Slash"],"picked":"Footwork","floor":20},{"not_picked":["Dagger Throw","Underhanded Strike"],"picked":"Dagger Spray+1","floor":21},{"not_picked":["Blade Dance","Backflip","Outmaneuver"],"picked":"SKIP","floor":22},{"not_picked":["Quick Slash+1","Sucker Punch","Dagger Spray"],"picked":"SKIP","floor":27},{"not_picked":["Doppelganger","Deadly Poison"],"picked":"Catalyst","floor":28},{"not_picked":["Outmaneuver","Footwork+1"],"picked":"Flying Knee+1","floor":31},{"not_picked":["Grand Finale","Night Terror"],"picked":"Burst","floor":33},{"not_picked":["Flying Knee","Deflect","Slice+1"],"picked":"SKIP","floor":35},{"not_picked":["Sucker Punch+1","Finisher+1","Backflip"],"picked":"SKIP","floor":38},{"not_picked":["Dash","A Thousand Cuts"],"picked":"Backstab+1","floor":40},{"not_picked":["Tactician","Quick Slash"],"picked":"Noxious Fumes+1","floor":42},{"not_picked":["PiercingWail+1","Cloak And Dagger","Underhanded Strike"],"picked":"SKIP","floor":44},{"not_picked":["Underhanded Strike","Cloak And Dagger"],"picked":"Caltrops+1","floor":45},{"not_picked":["Sucker Punch+1","Doppelganger","Heel Hook"],"picked":"SKIP","floor":46},{"not_picked":["Outmaneuver","Backflip"],"picked":"Deadly Poison+1","floor":48},{"not_picked":["Prepared+1","Reflex+1"],"picked":"Catalyst+1","floor":54}],"player_experience":151433,"relics_obtained":[{"floor":7,"key":"FossilizedHelix"},{"floor":9,"key":"MawBank"},{"floor":12,"key":"Turnip"},{"floor":26,"key":"Bottled Flame"},{"floor":40,"key":"Strawberry"},{"floor":43,"key":"Mango"},{"floor":54,"key":"Orichalcum"}],"event_choices":[{"damage_healed":0,"gold_gain":0,"player_choice":"Ignored","damage_taken":0,"max_hp_gain":0,"max_hp_loss":0,"event_name":"Liars Game","floor":4,"gold_loss":0},{"damage_healed":0,"gold_gain":0,"player_choice":"2 cards matched","damage_taken":0,"max_hp_gain":0,"max_hp_loss":0,"event_name":"Match and Keep!","floor":10,"gold_loss":0,"cards_obtained":["Corpse Explosion","Riddle With Holes"]},{"damage_healed":0,"gold_gain":0,"player_choice":"Entered Light","damage_taken":14,"max_hp_gain":0,"max_hp_loss":0,"event_name":"Shining Light","floor":13,"gold_loss":0,"cards_upgraded":["Survivor","Defend_G"]},{"damage_healed":0,"gold_gain":0,"player_choice":"Shed Blood","damage_taken":18,"max_hp_gain":5,"max_hp_loss":0,"event_name":"Forgotten Altar","floor":19,"gold_loss":0},{"damage_healed":0,"gold_gain":0,"cards_transformed":["Strike_G","Defend_G"],"player_choice":"Became Test Subject","damage_taken":0,"max_hp_gain":0,"max_hp_loss":0,"event_name":"Drug Dealer","floor":29,"gold_loss":0,"cards_obtained":["Leg Sweep","Flechettes"]},{"cards_removed":["Flying Knee"],"damage_healed":0,"gold_gain":0,"player_choice":"Removed Attack","damage_taken":0,"max_hp_gain":0,"max_hp_loss":0,"event_name":"Falling","floor":36,"gold_loss":0},{"damage_healed":0,"gold_gain":0,"player_choice":"Upgraded Two","damage_taken":0,"max_hp_gain":0,"max_hp_loss":0,"event_name":"Designer","floor":37,"gold_loss":40,"cards_upgraded":["Riddle With Holes","Leg Sweep"]},{"damage_healed":24,"gold_gain":0,"player_choice":"Writhe","damage_taken":0,"max_hp_gain":0,"max_hp_loss":0,"event_name":"Winding Halls","floor":47,"gold_loss":0,"cards_obtained":["Writhe"]}],"is_beta":false,"boss_relics":[{"not_picked":["Coffee Dripper","Fusion Hammer"],"picked":"Sozu"},{"not_picked":["Calling Bell","Tiny House"],"picked":"Empty Cage"}],"items_purged_floors":[14],"is_endless":false,"potions_floor_spawned":[2,3,11,12,21,31,33,38,42,44,45,46,48,54],"killed_by":"The Heart","ascension_level":0}}