{"host":"22s5scuj7mu87reg","time":1610637546,"event":{"mods":["BaseMod","Colored Powertips","Dota2Spire","Downfall","Duelist Mod","GungeonMod","Halation","Hubris","Infinite Spire","Koishi","KomeijiMod","Minty Spire (QoL Compilation)","Replay The Spire","StSLib","SuperFastMode","The Jungle","The Mystic","The Necromancer","Wandering Minibosses"],"gold_per_floor":[145,161,161,173,173,231,231,241,241,404,404,404,419,196,278,408,408,428,469,417,417,436,496,491,491,491,491,491,391,306,306,306],"floor_reached":31,"language":"POL","playtime":1215,"items_purged":["theDuelist:CastleWalls","theDuelist:LesserDragon"],"score":344,"play_id":"42469559-e4ac-4a3c-90b7-abc531c31690","local_time":"20210114161906","is_ascension_mode":true,"campfire_choices":[{"data":"theDuelist:MirageDragon","floor":7,"key":"SMITH"},{"data":"theDuelist:StardustDragon","floor":11,"key":"SMITH"},{"data":"theDuelist:FiveHeaded","floor":25,"key":"SMITH"},{"data":"theDuelist:BlasterDragonInfernos","floor":28,"key":"SMITH"}],"circlet_count":0,"master_deck":["theDuelist:BabyDragon","theDuelist:CaveDragon","theDuelist:CaveDragon","theDuelist:LesserDragon","theDuelist:YamataDragon","theDuelist:EvilMind","theDuelist:EvilMind","theDuelist:MirageDragon+1","theDuelist:GenesisDragon","theDuelist:StardustDragon+1","theDuelist:FiveHeaded+1","theDuelist:DarkHorus","theDuelist:BlasterDragonInfernos+1","theDuelist:Lancephorhynchus"],"relics":["theDuelist:MillenniumPuzzle","theDuelist:CardPoolRelic","theDuelist:CardPoolBasicRelic","Dota2Spire:HandOfMidas","InkBottle","DemoMod:ChaffGrenade","theDuelist:MillenniumCoin","halation:Sosunser","Coffee Dripper","theDuelist:ShopToken","hubris:Icosahedron","theDuelist:KaibaToken","Pen Nib","halation:PinkSoulGem","Golden Egg"],"acts_visited":["Exordium","TheCity"],"potions_floor_usage":[31],"damage_taken":[{"damage":0,"enemies":"Cultist","floor":1,"turns":2},{"damage":0,"enemies":"Small Slimes","floor":2,"turns":3},{"damage":0,"enemies":"Jaw Worm","floor":4,"turns":3},{"damage":12,"enemies":"Lagavulin","floor":6,"turns":4},{"damage":1,"enemies":"Gremlin Gang","floor":8,"turns":3},{"damage":0,"enemies":"Gremlin Nob","floor":10,"turns":2},{"damage":0,"enemies":"Blue Slaver","floor":13,"turns":2},{"damage":26,"enemies":"Hexaghost","floor":16,"turns":6},{"damage":6,"enemies":"Shell Parasite","floor":18,"turns":3},{"damage":6,"enemies":"3 Byrds","floor":19,"turns":4},{"damage":26,"enemies":"Snake Plant","floor":22,"turns":3},{"damage":0,"enemies":"Gremlin Leader","floor":23,"turns":4},{"damage":32,"enemies":"3 Cultists","floor":24,"turns":6},{"damage":10,"enemies":"Shelled Parasite and Fungi","floor":31,"turns":2}],"seed_played":"999109305829581349","potions_obtained":[{"floor":1,"key":"AttackPotion"},{"floor":6,"key":"Guardian:BlockOnCardUsePotion"},{"floor":13,"key":"Swift Potion"},{"floor":23,"key":"BlessingOfTheForge"}],"is_trial":false,"path_per_floor":["M","M","?","M","?","E","R","M","T","E","R","?","M","$","R","B",null,"M","M","$","?","M","E","M","R","T","?","R","$","?","M"],"character_chosen":"THE_DUELIST","items_purchased":["halation:Sosunser","theDuelist:ShopToken"],"campfire_rested":0,"item_purchase_floors":[14,20],"current_hp_per_floor":[80,80,80,80,80,68,68,67,67,67,67,67,67,67,67,41,80,74,68,68,68,42,42,10,10,10,10,10,10,10,0,0],"gold":306,"neow_bonus":"RANDOM_EVENT","is_daily":false,"chose_seed":false,"campfire_upgraded":4,"win_rate":0.0,"timestamp":1610637546,"path_taken":["M","?","?","M","?","E","R","?","T","E","R","?","M","?","R","BOSS","M","?","$","?","M","E","M","R","T","?","R","$","?","M"],"items_purchased_type":["Relic","Relic"],"build_version":"2020-12-13","purchased_purges":2,"victory":false,"max_hp_per_floor":[80,80,80,80,80,80,80,80,80,80,80,80,80,80,80,80,80,80,80,80,80,80,80,80,80,80,80,80,80,80,80,80],"card_choices":[{"not_picked":["theDuelist:ScrapIronScarecrow","theDuelist:BarrelDragon"],"picked":"theDuelist:EvilMind","floor":1},{"not_picked":["theDuelist:LordD","theDuelist:CyberDragonNachster"],"picked":"theDuelist:EvilMind","floor":2},{"not_picked":["theDuelist:LavaDragon","theDuelist:EvolutionBurst","theDuelist:RedEyesToon"],"picked":"SKIP","floor":4},{"not_picked":["theDuelist:ToonKingdom","theDuelist:Beatraptor"],"picked":"theDuelist:MirageDragon","floor":6},{"not_picked":["theDuelist:BackgroundDragon","theDuelist:Duoterion"],"picked":"theDuelist:GenesisDragon","floor":8},{"not_picked":["theDuelist:TrihornedDragon","theDuelist:BusterBlader"],"picked":"theDuelist:StardustDragon","floor":10},{"not_picked":["theDuelist:Hydrogeddon","theDuelist:StarlightRoad"],"picked":"theDuelist:DarkHorus","floor":13},{"not_picked":["theDuelist:BlueDuston","theDuelist:OceanDragonLord"],"picked":"theDuelist:BlasterDragonInfernos","floor":16},{"not_picked":["theDuelist:AquaDolphin","theDuelist:LavaDragon","theDuelist:ArmedDragon5"],"picked":"SKIP","floor":18},{"not_picked":["theDuelist:InfernityDoomDragon","theDuelist:Anthrosaurus","theDuelist:MadSwordBeast+1"],"picked":"SKIP","floor":19},{"not_picked":["theDuelist:MadSwordBeast+1","theDuelist:LavaDragon"],"picked":"theDuelist:Lancephorhynchus","floor":22},{"not_picked":["theDuelist:MythicWaterDragon","theDuelist:LavaDragon","theDuelist:TailSwipe"],"picked":"SKIP","floor":23},{"not_picked":["theDuelist:CurseDragon","theDuelist:FluteSummoning","theDuelist:CyberDragonCore+1"],"picked":"SKIP","floor":24}],"player_experience":127163,"relics_obtained":[{"floor":6,"key":"InkBottle"},{"floor":9,"key":"DemoMod:ChaffGrenade"},{"floor":10,"key":"theDuelist:MillenniumCoin"},{"floor":23,"key":"theDuelist:KaibaToken"},{"floor":26,"key":"Pen Nib"}],"event_choices":[{"cards_removed":["theDuelist:Sparks"],"damage_healed":0,"gold_gain":0,"player_choice":"Forget","damage_taken":0,"max_hp_gain":0,"max_hp_loss":0,"event_name":"Living Wall","floor":0,"gold_loss":0},{"damage_healed":0,"gold_gain":0,"player_choice":"Gave Potion","damage_taken":0,"relics_obtained":["Dota2Spire:HandOfMidas"],"max_hp_gain":0,"max_hp_loss":0,"event_name":"WeMeetAgain","floor":5,"gold_loss":0},{"damage_healed":0,"gold_gain":0,"cards_transformed":["theDuelist:CastleWalls"],"player_choice":"Transformed","damage_taken":0,"max_hp_gain":0,"max_hp_loss":0,"event_name":"Transmorgrifier","floor":12,"gold_loss":0,"cards_obtained":["theDuelist:FiveHeaded"]},{"damage_healed":0,"gold_gain":0,"player_choice":"Obtained Relic","damage_taken":0,"relics_obtained":["Golden Egg"],"max_hp_gain":0,"max_hp_loss":0,"event_name":"Addict","floor":30,"gold_loss":85}],"is_beta":false,"boss_relics":[{"not_picked":["hubris:GrandSneckoEye","ReplayTheSpireMod:SealedPack"],"picked":"Coffee Dripper"}],"items_purged_floors":[14,29],"is_endless":false,"potions_floor_spawned":[1,6,13,23,24],"killed_by":"Shelled Parasite and Fungi","ascension_level":2}}