{"host":"e1pm3b7xpcm97e5w","time":1610597488,"event":{"mods":["BaseMod","Better Skull","Googly Eyes","Minty Spire (QoL Compilation)","Relic Stats","Shop Mod","Spicy Shops","StSLib"],"gold_per_floor":[118,142,68,68,84,109,109,136,136,165,181,181,195,206,206,280,280,293,303,303,303],"floor_reached":20,"language":"ENG","playtime":742,"items_purged":[],"score":405,"play_id":"05dfb9de-6b6c-4d2c-8587-c9534d325d7c","local_time":"20210113231128","is_ascension_mode":true,"campfire_choices":[{"data":"Armaments","floor":7,"key":"SMITH"},{"floor":12,"key":"REST"},{"data":"Parasite","floor":15,"key":"PURGE"}],"circlet_count":0,"master_deck":["AscendersBane","Strike_R","Strike_R","Strike_R","Strike_R","Strike_R","Defend_R","Defend_R","Defend_R","Defend_R","Bash","Demon Form+1","Pommel Strike","Inflame","Heavy Blade","Armaments+1","Offering","Double Tap","Flame Barrier","Sword Boomerang","Corruption","True Grit"],"relics":["Burning Blood","Strawberry","Gremlin Horn","Kunai","Peace Pipe","Paper Frog","Runic Pyramid"],"acts_visited":["Exordium","TheCity"],"potions_floor_usage":[6,19],"damage_taken":[{"damage":12,"enemies":"Cultist","floor":1,"turns":4},{"damage":2,"enemies":"2 Louse","floor":5,"turns":2},{"damage":11,"enemies":"Gremlin Nob","floor":6,"turns":3},{"damage":22,"enemies":"3 Sentries","floor":8,"turns":6},{"damage":28,"enemies":"Lagavulin","floor":10,"turns":7},{"damage":7,"enemies":"Small Slimes","floor":11,"turns":3},{"damage":8,"enemies":"2 Fungi Beasts","floor":13,"turns":3},{"damage":9,"enemies":"3 Louse","floor":14,"turns":4},{"damage":24,"enemies":"Slime Boss","floor":16,"turns":5},{"damage":6,"enemies":"3 Byrds","floor":18,"turns":5},{"damage":54,"enemies":"Shell Parasite","floor":19,"turns":6},{"damage":14,"enemies":"Sentry and Sphere","floor":20,"turns":4}],"seed_played":"-3786712425773102221","potions_obtained":[{"floor":1,"key":"AttackPotion"},{"floor":6,"key":"FearPotion"},{"floor":10,"key":"SpeedPotion"}],"is_trial":false,"path_per_floor":["M","T","$","?","M","E","R","E","T","E","M","R","M","M","R","B",null,"M","M","M"],"character_chosen":"IRONCLAD","items_purchased":["Inflame"],"campfire_rested":1,"item_purchase_floors":[3],"current_hp_per_floor":[62,69,69,69,73,68,68,52,52,30,29,53,51,48,48,30,67,67,19,5,5],"gold":303,"neow_bonus":"THREE_RARE_CARDS","is_daily":false,"chose_seed":false,"campfire_upgraded":1,"win_rate":0.0,"timestamp":1610597488,"path_taken":["M","?","$","?","M","E","R","E","T","E","M","R","M","M","R","BOSS","M","?","M"],"items_purchased_type":["Card"],"build_version":"2020-12-22","purchased_purges":0,"victory":false,"max_hp_per_floor":[75,82,82,82,82,82,82,82,82,82,82,82,82,82,79,79,79,79,79,79,79],"relic_stats":{"Peace Pipe":1,"Gremlin Horn":[11,11],"counters":[12,52],"Kunai":[9],"obtain_stats":[{"Peace Pipe":9,"Gremlin Horn":6,"Strawberry":2,"Kunai":8,"Burning Blood":0,"Paper Frog":10,"Runic Pyramid":17},{"Peace Pipe":4,"Gremlin Horn":3,"Strawberry":1,"Kunai":4,"Burning Blood":0,"Paper Frog":5,"Runic Pyramid":9},{"Peace Pipe":15,"Gremlin Horn":9,"Strawberry":4,"Kunai":15,"Burning Blood":0,"Paper Frog":22,"Runic Pyramid":37}],"Burning Blood":66},"card_choices":[{"not_picked":["Brutality","Limit Break"],"picked":"Demon Form","floor":0},{"not_picked":["Twin Strike","Warcry"],"picked":"Pommel Strike","floor":1},{"not_picked":["Wild Strike","Blood for Blood"],"picked":"Heavy Blade","floor":5},{"not_picked":["Rampage","Twin Strike"],"picked":"Armaments","floor":6},{"not_picked":["Evolve","Shrug It Off"],"picked":"Offering","floor":8},{"not_picked":["Havoc","Dual Wield"],"picked":"Double Tap","floor":10},{"not_picked":["Thunderclap","Searing Blow"],"picked":"Flame Barrier","floor":11},{"not_picked":["Armaments","Searing Blow","Anger"],"picked":"SKIP","floor":13},{"not_picked":["Rage","Iron Wave"],"picked":"Sword Boomerang","floor":14},{"not_picked":["Immolate","Exhume"],"picked":"Corruption","floor":16},{"not_picked":["Infernal Blade","Ghostly Armor"],"picked":"True Grit","floor":18},{"not_picked":["Dual Wield","Heavy Blade","Pommel Strike"],"picked":"SKIP","floor":19}],"player_experience":531925,"relics_obtained":[{"floor":2,"key":"Strawberry"},{"floor":6,"key":"Gremlin Horn"},{"floor":8,"key":"Kunai"},{"floor":9,"key":"Peace Pipe"},{"floor":10,"key":"Paper Frog"}],"event_choices":[{"damage_healed":0,"gold_gain":0,"player_choice":"Upgraded","damage_taken":0,"max_hp_gain":0,"max_hp_loss":0,"event_name":"Upgrade Shrine","floor":4,"gold_loss":0,"cards_upgraded":["Demon Form"]}],"is_beta":false,"boss_relics":[{"not_picked":["Black Star","Black Blood"],"picked":"Runic Pyramid"}],"items_purged_floors":[],"is_endless":false,"potions_floor_spawned":[1,6,10,13,14,18],"killed_by":"Sentry and Sphere","ascension_level":17}}