{"host":"nz11ypxva4e39b7q","time":1610633317,"event":{"mods":["BaseMod","Better Altar","Better Skull","Better Third Choice","Better Vampires","Colored Map","Minty Spire (QoL Compilation)","Spicy Shops","StSLib"],"gold_per_floor":[15,15,25,44,44,44,76,76,150,168,168,186,186,207,207,298,298,322,322,322,345,345,345,389,389,389,96,132,132,32,57,57,148,148,173,186,207,207,232,265,265,298,298,324,14,14,14,14],"floor_reached":47,"language":"ENG","playtime":2645,"items_purged":["Bite","Defend_G"],"score":1067,"play_id":"513b7648-aa80-47da-bf15-6b702513de96","local_time":"20210114150837","is_ascension_mode":true,"campfire_choices":[{"data":"All Out Attack","floor":6.0,"key":"SMITH"},{"data":"Deadly Poison","floor":8.0,"key":"SMITH"},{"data":"Sucker Punch","floor":11.0,"key":"SMITH"},{"data":"Neutralize","floor":15.0,"key":"SMITH"},{"data":"Bite","floor":23.0,"key":"SMITH"},{"data":"Bite","floor":25.0,"key":"SMITH"},{"data":"Cloak And Dagger","floor":29.0,"key":"SMITH"},{"data":"A Thousand Cuts","floor":32.0,"key":"SMITH"},{"data":"Malaise","floor":41.0,"key":"SMITH"},{"data":"Seek","floor":46,"key":"SMITH"}],"circlet_count":0,"master_deck":["AscendersBane","Defend_G","Defend_G","Survivor","Neutralize+1","Sucker Punch+1","All Out Attack+1","Deadly Poison+1","Adrenaline","A Thousand Cuts+1","Backstab","Bite+1","Bite+1","Bite","Bite","Cloak And Dagger+1","Heel Hook","Malaise+1","Turbo","Deflect+1","Beam Cell+1","Seek+1","Footwork+1"],"relics":["Ring of the Snake","Centennial Puzzle","Letter Opener","Golden Idol","Coffee Dripper","Blood Vial","Calipers","PrismaticShard","Regal Pillow","Runic Pyramid","Frozen Egg 2","Orichalcum","Bag of Preparation","Dream Catcher","Oddly Smooth Stone"],"acts_visited":["TheCity","TheBeyond"],"potions_floor_usage":[42,42,47,47],"damage_taken":[{"damage":0.0,"enemies":"Jaw Worm","floor":1.0,"turns":5.0},{"damage":0.0,"enemies":"Cultist","floor":3.0,"turns":4.0},{"damage":0.0,"enemies":"2 Louse","floor":4.0,"turns":3.0},{"damage":20.0,"enemies":"Gremlin Nob","floor":7.0,"turns":4.0},{"damage":9.0,"enemies":"Blue Slaver","floor":10.0,"turns":3.0},{"damage":0.0,"enemies":"Looter","floor":12.0,"turns":3.0},{"damage":0.0,"enemies":"3 Louse","floor":14.0,"turns":2.0},{"damage":12.0,"enemies":"The Guardian","floor":16.0,"turns":13.0},{"damage":31.0,"enemies":"Shell Parasite","floor":18.0,"turns":4.0},{"damage":6.0,"enemies":"Spheric Guardian","floor":21.0,"turns":3.0},{"damage":14.0,"enemies":"Gremlin Leader","floor":24.0,"turns":5.0},{"damage":6.0,"enemies":"Slavers","floor":28.0,"turns":4.0},{"damage":5.0,"enemies":"Chosen and Byrds","floor":31.0,"turns":4.0},{"damage":51.0,"enemies":"Collector","floor":33.0,"turns":9.0},{"damage":2.0,"enemies":"3 Darklings","floor":35.0,"turns":3.0},{"damage":10.0,"enemies":"Orb Walker","floor":36.0,"turns":4.0},{"damage":22.0,"enemies":"Writhing Mass","floor":37.0,"turns":9.0},{"damage":15.0,"enemies":"4 Shapes","floor":39.0,"turns":5.0},{"damage":47.0,"enemies":"Reptomancer","floor":40.0,"turns":8.0},{"damage":37,"enemies":"Nemesis","floor":42,"turns":9},{"damage":55,"enemies":"Giant Head","floor":47,"turns":7}],"seed_played":"5123495785627584781","potions_obtained":[{"floor":3.0,"key":"Explosive Potion"},{"floor":4.0,"key":"Fruit Juice"},{"floor":10.0,"key":"Fruit Juice"},{"floor":18.0,"key":"ColorlessPotion"},{"floor":33.0,"key":"AttackPotion"},{"floor":39.0,"key":"CunningPotion"},{"floor":40.0,"key":"GamblersBrew"},{"floor":42,"key":"SpeedPotion"}],"is_trial":false,"path_per_floor":["M","?","M","M","$","R","E","R","T","M","R","M","?","M","R","B",null,"M","?","?","M","?","R","E","R","T","$","E","R","$","M","R","B",null,"M","M","M","?","M","E","R","E","T","T","$","R","E"],"character_chosen":"THE_SILENT","items_purchased":["PrismaticShard","Fire Potion","Oddly Smooth Stone","Energy Potion","Footwork+1"],"campfire_rested":0,"item_purchase_floors":[27,27,45,45,45],"current_hp_per_floor":[59,66,66,66,66,66,46,46,46,37,37,37,37,37,37,25,51,25,25,25,33,19,19,25,25,25,25,31,31,31,43,43,11,37,45,45,45,45,33,13,13,6,6,6,6,6,0,0],"gold":14,"neow_bonus":"REMOVE_TWO","is_daily":false,"chose_seed":false,"campfire_upgraded":10,"win_rate":0.0,"timestamp":1610633317,"path_taken":["M","?","M","M","$","R","E","R","T","?","R","M","?","M","R","BOSS","M","?","?","M","?","R","E","R","T","?","E","R","$","M","R","BOSS","M","M","M","?","M","E","R","E","T","?","$","R","E"],"items_purchased_type":["Relic","Potion","Relic","Potion","Card"],"build_version":"2020-12-22","purchased_purges":2,"victory":false,"max_hp_per_floor":[66,66,66,66,66,66,66,66,66,66,66,66,60,60,60,60,60,65,65,45,45,45,45,45,45,45,45,45,45,45,45,45,45,45,45,45,45,45,45,45,45,50,50,50,50,50,50,50],"card_choices":[{"not_picked":["Dodge and Roll","Blur"],"picked":"Sucker Punch","floor":1.0},{"not_picked":["Bane","Underhanded Strike","Concentrate"],"picked":"SKIP","floor":3.0},{"not_picked":["Bane","Flying Knee"],"picked":"All Out Attack","floor":4.0},{"not_picked":["Well Laid Plans","Endless Agony"],"picked":"Deadly Poison","floor":7.0},{"not_picked":["Dodge and Roll","Riddle With Holes","Blade Dance"],"picked":"SKIP","floor":10.0},{"not_picked":["Predator","Leg Sweep","Acrobatics"],"picked":"SKIP","floor":12.0},{"not_picked":["Underhanded Strike","Well Laid Plans"],"picked":"Adrenaline","floor":14.0},{"not_picked":["Wraith Form v2","Unload"],"picked":"A Thousand Cuts","floor":16.0},{"not_picked":["Acrobatics","Finisher"],"picked":"Backstab","floor":18.0},{"not_picked":["Blade Dance","Choke","Masterful Stab+1"],"picked":"SKIP","floor":21.0},{"not_picked":["Concentrate","Leg Sweep","Reflex"],"picked":"SKIP","floor":24.0},{"not_picked":["Sweeping Beam","PanicButton"],"picked":"Cloak And Dagger","floor":28.0},{"not_picked":["Seeing Red","Twin Strike"],"picked":"Heel Hook","floor":31.0},{"not_picked":["Berserk","Brilliance"],"picked":"Malaise","floor":33.0},{"not_picked":["Cloak And Dagger","Conserve Battery"],"picked":"Turbo","floor":35.0},{"not_picked":["ClearTheMind","Lockon","Self Repair"],"picked":"SKIP","floor":36.0},{"not_picked":["Flex","Wild Strike+1"],"picked":"Deflect+1","floor":37.0},{"not_picked":["Blizzard","Sweeping Beam"],"picked":"Beam Cell+1","floor":39.0},{"not_picked":["PathToVictory","Aggregate"],"picked":"Seek","floor":40.0},{"not_picked":["Beam Cell","Warcry","Quick Slash"],"picked":"SKIP","floor":42}],"player_experience":975835,"relics_obtained":[{"floor":7.0,"key":"Centennial Puzzle"},{"floor":9.0,"key":"Letter Opener"},{"floor":24.0,"key":"Calipers"},{"floor":28.0,"key":"Regal Pillow"},{"floor":40.0,"key":"Frozen Egg 2"},{"floor":42,"key":"Orichalcum"},{"floor":43,"key":"Bag of Preparation"},{"floor":44,"key":"Dream Catcher"}],"event_choices":[{"damage_healed":7.0,"max_hp_gain":0.0,"max_hp_loss":0.0,"gold_gain":0.0,"event_name":"Wheel of Change","player_choice":"Full Heal","floor":2.0,"gold_loss":0.0,"damage_taken":0.0},{"damage_healed":0.0,"max_hp_gain":0.0,"max_hp_loss":6.0,"gold_gain":0.0,"event_name":"Golden Idol","player_choice":"Lose Max HP","floor":13.0,"gold_loss":0.0,"damage_taken":0.0,"relics_obtained":["Golden Idol"]},{"damage_healed":0.0,"max_hp_gain":0.0,"max_hp_loss":0.0,"gold_gain":0.0,"event_name":"Cursed Tome","player_choice":"Ignored","floor":19.0,"gold_loss":0.0,"damage_taken":0.0},{"damage_healed":0.0,"max_hp_gain":0.0,"max_hp_loss":20.0,"gold_gain":0.0,"event_name":"Vampires","player_choice":"Became a vampire","floor":20.0,"gold_loss":0.0,"damage_taken":0.0,"cards_obtained":["Bite","Bite","Bite","Bite","Bite"]},{"damage_healed":0.0,"max_hp_gain":33.0,"max_hp_loss":19.0,"gold_gain":0.0,"event_name":"betterAltar:BetterAltar","player_choice":" Vial ","floor":22.0,"potions_obtained":[],"relics_lost":[],"gold_loss":0.0,"damage_taken":14.0,"relics_obtained":["Blood Vial"]},{"damage_healed":0.0,"max_hp_gain":0.0,"max_hp_loss":0.0,"gold_gain":0.0,"event_name":"Tomb of Lord Red Mask","player_choice":"Ignored","floor":38.0,"gold_loss":0.0,"damage_taken":0.0}],"is_beta":false,"boss_relics":[{"not_picked":["Sozu","WristBlade"],"picked":"Coffee Dripper"},{"not_picked":["Velvet Choker","SlaversCollar"],"picked":"Runic Pyramid"}],"items_purged_floors":[27,30],"is_endless":false,"potions_floor_spawned":[3,4,10,18,33,39,40,42],"killed_by":"Giant Head","ascension_level":20}}