{"host":"mdbnki27vzqujy5q","time":1610607659,"event":{"mods":["BaseMod","Better Note","Better Skull","Colored Map","Colored Powertips","DeckTracker","Highlight Path","Minty Spire (QoL Compilation)","Quick Restart","Rare Cards Sparkle","StSLib"],"gold_per_floor":[114,130,130,70,85,113,124,159,205,232,0,0,33,62,74,188,200,223,247,103,3,22,22,54,66,115,115,150,150,150,175,175,274,274,284,86,141,141,155,155,155,184,184,184,194,211,240,257,257,257,257,257,59,91,91,91],"floor_reached":55,"language":"ENG","playtime":2519,"items_purged":["Strike_R","Defend_R","Strike_R","Pain"],"score":933,"play_id":"55b80ec4-92f3-4460-91bb-22df7be214b5","local_time":"20210113230059","is_ascension_mode":true,"campfire_choices":[{"data":"Pommel Strike","floor":15.0,"key":"SMITH"},{"data":"Shrug It Off","floor":23.0,"key":"SMITH"},{"data":"Bash","floor":27.0,"key":"SMITH"},{"data":"Sword Boomerang","floor":29.0,"key":"SMITH"},{"floor":32.0,"key":"REST"},{"data":"Cloak And Dagger","floor":40,"key":"SMITH"},{"floor":44,"key":"REST"},{"floor":49,"key":"RECALL"},{"data":"Searing Blow+1","floor":52,"key":"SMITH"}],"circlet_count":0,"master_deck":["Strike_R","Strike_R","Strike_R","Defend_R","Defend_R","Bash+1","Sword Boomerang+1","Pommel Strike+1","Demon Form+1","Pummel+1","Shrug It Off+1","Dropkick+1","Clash+1","Whirlwind+1","Feed+1","Cleave+1","Headbutt+1","Clash+1","Heavy Blade+1","Cleave+1","Cloak And Dagger+1","Searing Blow+2","Reaper+1","Pummel+1","Madness","Madness","Heavy Blade+1","Infernal Blade","Whirlwind+1","Cleave+1"],"relics":["Burning Blood","Bird Faced Urn","Molten Egg 2","Toy Ornithopter","Regal Pillow","Strawberry","Omamori","MawBank","Cursed Key","Chemical X","PreservedInsect","Smiling Mask","InkBottle","Busted Crown","Bronze Scales","Charon\u0027s Ashes","WarpedTongs","Blood Vial","Frozen Egg 2","Art of War","Shuriken"],"acts_visited":["Exordium","TheCity","TheBeyond","TheEnding"],"potions_floor_usage":[37,45,46,50,50,55,55,55],"damage_taken":[{"damage":14.0,"enemies":"Jaw Worm","floor":1.0,"turns":3.0},{"damage":14.0,"enemies":"Small Slimes","floor":2.0,"turns":4.0},{"damage":1.0,"enemies":"Cultist","floor":5.0,"turns":3.0},{"damage":14.0,"enemies":"Gremlin Nob","floor":6.0,"turns":4.0},{"damage":11.0,"enemies":"Exordium Thugs","floor":7.0,"turns":4.0},{"damage":18.0,"enemies":"Lagavulin","floor":8.0,"turns":5.0},{"damage":10.0,"enemies":"Gremlin Nob","floor":13.0,"turns":3.0},{"damage":8.0,"enemies":"Exordium Wildlife","floor":14.0,"turns":2.0},{"damage":0.0,"enemies":"Slime Boss","floor":16.0,"turns":4.0},{"damage":7.0,"enemies":"3 Byrds","floor":18.0,"turns":3.0},{"damage":15.0,"enemies":"Shell Parasite","floor":19.0,"turns":4.0},{"damage":18.0,"enemies":"Snecko","floor":22.0,"turns":3.0},{"damage":18.0,"enemies":"Gremlin Leader","floor":24.0,"turns":3.0},{"damage":12.0,"enemies":"Cultist and Chosen","floor":25.0,"turns":3.0},{"damage":30.0,"enemies":"Book of Stabbing","floor":28.0,"turns":3.0},{"damage":34.0,"enemies":"Slavers","floor":31.0,"turns":3.0},{"damage":87.0,"enemies":"Champ","floor":33.0,"turns":7.0},{"damage":24.0,"enemies":"3 Darklings","floor":35.0,"turns":3.0},{"damage":27,"enemies":"2 Orb Walkers","floor":37,"turns":2},{"damage":31,"enemies":"3 Shapes","floor":39,"turns":2},{"damage":45,"enemies":"Reptomancer","floor":42,"turns":4},{"damage":11,"enemies":"Sphere and 2 Shapes","floor":45,"turns":3},{"damage":21,"enemies":"Transient","floor":46,"turns":5},{"damage":13,"enemies":"Giant Head","floor":47,"turns":4},{"damage":25,"enemies":"Spire Growth","floor":48,"turns":3},{"damage":52,"enemies":"Time Eater","floor":50,"turns":5},{"damage":42,"enemies":"Shield and Spear","floor":54,"turns":3},{"damage":147,"enemies":"The Heart","floor":55,"turns":5}],"seed_played":"-517061524631195385","potions_obtained":[{"floor":5.0,"key":"AttackPotion"},{"floor":7.0,"key":"Explosive Potion"},{"floor":8.0,"key":"SkillPotion"},{"floor":14.0,"key":"ColorlessPotion"},{"floor":16.0,"key":"GamblersBrew"},{"floor":18.0,"key":"BloodPotion"},{"floor":22.0,"key":"Fire Potion"},{"floor":28.0,"key":"BlessingOfTheForge"},{"floor":33.0,"key":"Fire Potion"},{"floor":35.0,"key":"PowerPotion"},{"floor":45,"key":"Swift Potion"},{"floor":47,"key":"LiquidMemories"},{"floor":54,"key":"Dexterity Potion"}],"is_trial":false,"path_per_floor":["M","M","?","?","M","E","M","E","T","T","$","?","E","M","R","B",null,"M","M","$","$","M","R","E","M","T","R","E","R","?","E","R","B",null,"M","$","?","?","M","R","?","E","T","R","M","M","E","M","R","B",null,"R","$","E","B"],"character_chosen":"IRONCLAD","items_purchased":["Omamori","Chemical X","Bronze Scales","Energy Potion","Swift Potion","BlessingOfTheForge"],"campfire_rested":2,"item_purchase_floors":[11,20,36,53,53,53],"current_hp_per_floor":[80,72,65,65,70,64,59,49,49,56,56,56,57,57,57,77,95,98,95,95,95,85,85,73,78,78,78,60,60,60,34,82,8,111,111,111,94,80,70,70,70,41,41,90,92,84,81,66,66,34,115,115,115,89,0,0],"gold":91,"neow_bonus":"TEN_PERCENT_HP_BONUS","is_daily":false,"chose_seed":false,"campfire_upgraded":6,"win_rate":0.0,"timestamp":1610607659,"path_taken":["M","M","?","?","M","E","?","E","T","?","?","?","E","M","R","BOSS","M","M","?","$","M","R","E","M","T","R","E","R","?","E","R","BOSS","M","$","?","?","M","R","?","E","T","R","?","M","E","M","R","BOSS","R","$","E","BOSS"],"items_purchased_type":["Relic","Relic","Relic","Potion","Potion","Potion"],"build_version":"2020-12-22","purchased_purges":4,"victory":false,"max_hp_per_floor":[88,88,88,88,88,88,88,88,88,95,95,95,95,95,95,95,95,99,103,103,103,103,103,103,107,107,107,111,111,111,111,111,111,111,111,111,115,115,115,115,115,115,115,115,115,115,115,115,115,115,115,115,115,115,115,115],"card_choices":[{"not_picked":["Clothesline","True Grit"],"picked":"Sword Boomerang","floor":1.0},{"not_picked":["Searing Blow","Sword Boomerang"],"picked":"Pommel Strike","floor":2.0},{"not_picked":["Headbutt","Iron Wave"],"picked":"Demon Form","floor":5.0},{"not_picked":["Offering","Clothesline+1"],"picked":"Pummel+1","floor":6.0},{"not_picked":["Reckless Charge+1","Pummel+1"],"picked":"Shrug It Off","floor":7.0},{"not_picked":["True Grit","Wild Strike+1"],"picked":"Dropkick+1","floor":8.0},{"not_picked":["Barricade","Infernal Blade"],"picked":"Clash+1","floor":13.0},{"not_picked":["Havoc","Warcry"],"picked":"Whirlwind+1","floor":14.0},{"not_picked":["Impervious","Brutality"],"picked":"Feed+1","floor":16.0},{"not_picked":["True Grit+1","Whirlwind+1"],"picked":"Cleave+1","floor":18.0},{"not_picked":["Anger+1","Body Slam+1"],"picked":"Headbutt+1","floor":19.0},{"not_picked":["Shrug It Off+1","Perfected Strike+1"],"picked":"Clash+1","floor":22.0},{"not_picked":["Inflame","Exhume"],"picked":"Heavy Blade+1","floor":24.0},{"not_picked":["Wild Strike+1","Hemokinesis+1"],"picked":"Cleave+1","floor":25.0},{"not_picked":["Havoc","Warcry","Battle Trance"],"picked":"SKIP","floor":28.0},{"not_picked":["Reckless Charge+1","Havoc"],"picked":"Searing Blow+1","floor":31.0},{"not_picked":["Corruption","Fiend Fire+1"],"picked":"Reaper+1","floor":33.0},{"not_picked":["Perfected Strike+1"],"picked":"SKIP","floor":35.0},{"not_picked":[],"picked":"Pummel+1","floor":37},{"not_picked":[],"picked":"Heavy Blade+1","floor":39},{"not_picked":[],"picked":"Infernal Blade","floor":42},{"not_picked":["Entrench+1"],"picked":"SKIP","floor":45},{"not_picked":["Shockwave"],"picked":"SKIP","floor":46},{"not_picked":[],"picked":"Whirlwind+1","floor":47},{"not_picked":["True Grit+1"],"picked":"SKIP","floor":48},{"not_picked":[],"picked":"Cleave+1","floor":54}],"player_experience":79467,"relics_obtained":[{"floor":6.0,"key":"Molten Egg 2"},{"floor":8.0,"key":"Toy Ornithopter"},{"floor":9.0,"key":"Regal Pillow"},{"floor":10.0,"key":"Strawberry"},{"floor":13.0,"key":"MawBank"},{"floor":24.0,"key":"PreservedInsect"},{"floor":28.0,"key":"Smiling Mask"},{"floor":31.0,"key":"InkBottle"},{"floor":37,"key":"Charon\u0027s Ashes"},{"floor":42,"key":"Blood Vial"},{"floor":43,"key":"Frozen Egg 2"},{"floor":47,"key":"Art of War"},{"floor":54,"key":"Shuriken"}],"event_choices":[{"cards_removed":["Defend_R"],"damage_healed":0.0,"max_hp_gain":0.0,"max_hp_loss":0.0,"gold_gain":0.0,"event_name":"Golden Wing","player_choice":"Card Removal","floor":3.0,"gold_loss":0.0,"damage_taken":7.0},{"damage_healed":0.0,"max_hp_gain":0.0,"max_hp_loss":0.0,"gold_gain":0.0,"event_name":"WeMeetAgain","player_choice":"Paid Gold","floor":4.0,"gold_loss":60.0,"damage_taken":0.0,"relics_obtained":["Bird Faced Urn"]},{"damage_healed":0.0,"max_hp_gain":0.0,"max_hp_loss":0.0,"gold_gain":0.0,"event_name":"Upgrade Shrine","player_choice":"Upgraded","floor":12.0,"gold_loss":0.0,"damage_taken":0.0,"cards_upgraded":["Demon Form"]},{"cards_removed":["Feed"],"damage_healed":0.0,"max_hp_gain":0.0,"max_hp_loss":0.0,"gold_gain":0.0,"event_name":"betterNote:BetterNote","player_choice":"Take \u0026 Give","floor":30.0,"gold_loss":0.0,"damage_taken":0.0,"cards_obtained":["Cloak And Dagger"]},{"damage_healed":0,"gold_gain":0,"player_choice":"Fight","damage_taken":0,"max_hp_gain":0,"max_hp_loss":0,"event_name":"Mysterious Sphere","floor":37,"gold_loss":0},{"damage_healed":0,"gold_gain":0,"player_choice":"Embrace Madness","damage_taken":14,"max_hp_gain":0,"max_hp_loss":0,"event_name":"Winding Halls","floor":38,"gold_loss":0,"cards_obtained":["Madness","Madness"]},{"damage_healed":0,"gold_gain":0,"player_choice":"Rummage","damage_taken":0,"relics_obtained":["WarpedTongs"],"max_hp_gain":0,"max_hp_loss":0,"event_name":"Accursed Blacksmith","floor":41,"gold_loss":0,"cards_obtained":["Pain"]}],"is_beta":false,"boss_relics":[{"not_picked":["Mark of Pain","Runic Pyramid"],"picked":"Cursed Key"},{"not_picked":["Sozu","Coffee Dripper"],"picked":"Busted Crown"}],"items_purged_floors":[11,21,36,53],"is_endless":false,"potions_floor_spawned":[5,7,8,14,16,18,22,28,33,35,45,47,54],"killed_by":"The Heart","ascension_level":2}}