{"host":"zk71suw73lg2r165","time":1610654517,"event":{"mods":["BaseMod","Colored Map","Minty Spire (QoL Compilation)","Permanent Neow","Relic Stats","StSLib"],"gold_per_floor":[113,132,132,143,153,153,164,164,164],"floor_reached":8,"language":"ENG","playtime":312,"items_purged":[],"score":100,"play_id":"526c51df-5597-4c92-9e7c-1863f9197672","local_time":"20210114150157","is_ascension_mode":true,"campfire_choices":[{"data":"Bash","floor":6,"key":"SMITH"}],"circlet_count":0,"master_deck":["AscendersBane","Strike_R","Strike_R","Strike_R","Strike_R","Defend_R","Defend_R","Defend_R","Defend_R","Bash+1","Heavy Blade","Pommel Strike","Flame Barrier","Anger","Metallicize"],"relics":["Burning Blood","Champion Belt"],"acts_visited":["Exordium"],"potions_floor_usage":[8],"damage_taken":[{"damage":4,"enemies":"Jaw Worm","floor":1,"turns":5},{"damage":1,"enemies":"Cultist","floor":2,"turns":3},{"damage":12,"enemies":"Small Slimes","floor":4,"turns":4},{"damage":7,"enemies":"2 Fungi Beasts","floor":5,"turns":4},{"damage":28,"enemies":"Exordium Thugs","floor":7,"turns":7},{"damage":0,"enemies":"3 Sentries","floor":8,"turns":2}],"seed_played":"7682336862832078145","potions_obtained":[{"floor":1,"key":"AttackPotion"}],"is_trial":false,"path_per_floor":["M","M","?","M","M","R","M","E"],"character_chosen":"IRONCLAD","items_purchased":[],"campfire_rested":0,"item_purchase_floors":[],"current_hp_per_floor":[52,57,57,51,50,50,28,28,28],"gold":164,"neow_bonus":"ONE_RARE_RELIC","is_daily":false,"chose_seed":false,"campfire_upgraded":1,"win_rate":0.0,"timestamp":1610654517,"path_taken":["M","M","?","M","M","R","M","E"],"items_purchased_type":[],"build_version":"2020-12-22","purchased_purges":0,"victory":false,"max_hp_per_floor":[75,75,75,75,75,75,75,75,75],"relic_stats":{"counters":[6,25],"Champion Belt":[6],"obtain_stats":[{"Champion Belt":0,"Burning Blood":0},{"Champion Belt":0,"Burning Blood":0},{"Champion Belt":0,"Burning Blood":0}],"Burning Blood":30},"card_choices":[{"not_picked":["Bloodletting","Warcry"],"picked":"Heavy Blade","floor":1},{"not_picked":["Anger","Battle Trance"],"picked":"Pommel Strike","floor":2},{"not_picked":["Pommel Strike","Clothesline"],"picked":"Flame Barrier","floor":4},{"not_picked":["Thunderclap","Heavy Blade"],"picked":"Anger","floor":5},{"not_picked":["Havoc","Warcry"],"picked":"Metallicize","floor":7}],"player_experience":1340697,"relics_obtained":[],"event_choices":[{"cards_removed":["Strike_R"],"damage_healed":0,"gold_gain":0,"player_choice":"Purged","damage_taken":0,"max_hp_gain":0,"max_hp_loss":0,"event_name":"Purifier","floor":3,"gold_loss":0}],"is_beta":false,"boss_relics":[],"items_purged_floors":[],"is_endless":false,"potions_floor_spawned":[1],"killed_by":"3 Sentries","ascension_level":20}}