{"host":"j4g6ia6asvpyu2b0","time":1610661037,"event":{"mods":["BaseMod","Colored Map","Minty Spire (QoL Compilation)","Permanent Neow","Quick Restart","Relic Stats","StSLib","Unceasing Turn Reminder"],"gold_per_floor":[114,114,129,149,161,161,161,196,222,74,74,99,111,138,138,242,242,258,273,273,372,372,372,400,413,413,145,145,145,177,188,188,288,288,288,288],"floor_reached":35,"language":"ENG","playtime":944,"items_purged":["Reprogram"],"score":679,"play_id":"58a1c2ea-2c78-4d63-ac2d-ecb92c7dc106","local_time":"20210114145037","is_ascension_mode":true,"campfire_choices":[{"data":"Sweeping Beam","floor":6,"key":"SMITH"},{"data":"Buffer","floor":11,"key":"SMITH"},{"data":"Barrage","floor":15,"key":"SMITH"},{"data":"Electrodynamics","floor":23,"key":"SMITH"},{"floor":28,"key":"REST"},{"floor":32,"key":"REST"}],"circlet_count":0,"master_deck":["AscendersBane","Zap+1","Dualcast+1","Ball Lightning","Conserve Battery","Sweeping Beam+1","Ball Lightning","Buffer+1","Sweeping Beam","Barrage+1","Chill","Electrodynamics+1","Gash","Heatsinks","All For One","BootSequence","Amplify","Darkness","Defragment+1","Barrage","Machine Learning","Go for the Eyes+1","Loop","Coolheaded","Barrage","Buffer"],"relics":["Cracked Core","War Paint","Blood Vial","Bag of Marbles","Runic Capacitor","White Beast Statue","Art of War","Pandora\u0027s Box","Nilry\u0027s Codex","Pocketwatch","Smiling Mask","Happy Flower","DataDisk","Busted Crown"],"acts_visited":["Exordium","TheCity","TheBeyond"],"potions_floor_usage":[14,24,31],"damage_taken":[{"damage":6,"enemies":"Jaw Worm","floor":1,"turns":4},{"damage":0,"enemies":"Small Slimes","floor":3,"turns":2},{"damage":0,"enemies":"Cultist","floor":4,"turns":3},{"damage":5,"enemies":"Exordium Thugs","floor":5,"turns":4},{"damage":10,"enemies":"Gremlin Nob","floor":8,"turns":3},{"damage":0,"enemies":"Lagavulin","floor":12,"turns":6},{"damage":0,"enemies":"3 Louse","floor":13,"turns":1},{"damage":8,"enemies":"3 Sentries","floor":14,"turns":3},{"damage":28,"enemies":"The Guardian","floor":16,"turns":9},{"damage":2,"enemies":"Chosen","floor":18,"turns":3},{"damage":11,"enemies":"Shell Parasite","floor":19,"turns":5},{"damage":24,"enemies":"Slavers","floor":24,"turns":2},{"damage":0,"enemies":"Centurion and Healer","floor":25,"turns":5},{"damage":35,"enemies":"Book of Stabbing","floor":30,"turns":5},{"damage":0,"enemies":"Snecko","floor":31,"turns":3},{"damage":13,"enemies":"Champ","floor":33,"turns":8},{"damage":0,"enemies":"3 Darklings","floor":35,"turns":2}],"seed_played":"-1635248456512766310","potions_obtained":[{"floor":4,"key":"GamblersBrew"},{"floor":8,"key":"PowerPotion"},{"floor":14,"key":"Strength Potion"},{"floor":16,"key":"PowerPotion"},{"floor":18,"key":"SkillPotion"},{"floor":24,"key":"Fire Potion"},{"floor":31,"key":"SpeedPotion"}],"is_trial":false,"path_per_floor":["M","?","M","M","M","R","?","E","T","$","R","E","M","E","R","B",null,"M","M","?","?","?","R","E","M","T","$","R","?","E","M","R","B",null,"M"],"character_chosen":"DEFECT","items_purchased":["Runic Capacitor","Happy Flower","Loop"],"campfire_rested":2,"item_purchase_floors":[10,27,27],"current_hp_per_floor":[62,59,59,59,54,54,59,49,49,49,49,51,53,47,47,21,65,65,56,56,56,40,40,18,20,20,20,44,44,11,13,37,26,67,69,69],"gold":288,"neow_bonus":"UPGRADE_CARD","is_daily":false,"chose_seed":false,"campfire_upgraded":4,"win_rate":0.0,"timestamp":1610661037,"path_taken":["M","?","M","M","M","R","?","E","T","?","R","E","M","E","R","BOSS","M","?","?","?","?","R","E","M","T","$","R","?","E","M","R","BOSS","M"],"items_purchased_type":["Relic","Relic","Card"],"build_version":"2020-12-22","purchased_purges":1,"victory":false,"max_hp_per_floor":[75,75,75,75,75,75,80,80,80,80,80,80,80,80,80,80,80,80,80,80,80,80,80,80,80,80,80,80,80,80,80,80,80,80,80,80],"relic_stats":{"Blood Vial":24,"Busted Crown":0,"Happy Flower":[6],"counters":[17,68],"Pandora\u0027s Box":["Gash","Heatsinks","All For One","BootSequence","Reprogram","Amplify","Darkness","Stack"],"Art of War":[4],"War Paint":["Dualcast","Defend_B"],"Smiling Mask":25,"obtain_stats":[{"Happy Flower":27,"Nilry\u0027s Codex":22,"Runic Capacitor":10,"War Paint":2,"Smiling Mask":26,"White Beast Statue":12,"Blood Vial":8,"DataDisk":30,"Busted Crown":34,"Pandora\u0027s Box":17,"Bag of Marbles":9,"Art of War":14,"Cracked Core":0,"Pocketwatch":24},{"Happy Flower":13,"Nilry\u0027s Codex":11,"Runic Capacitor":5,"War Paint":1,"Smiling Mask":13,"White Beast Statue":6,"Blood Vial":5,"DataDisk":14,"Busted Crown":16,"Pandora\u0027s Box":9,"Bag of Marbles":5,"Art of War":8,"Cracked Core":0,"Pocketwatch":12},{"Happy Flower":50,"Nilry\u0027s Codex":43,"Runic Capacitor":16,"War Paint":4,"Smiling Mask":50,"White Beast Statue":22,"Blood Vial":16,"DataDisk":55,"Busted Crown":66,"Pandora\u0027s Box":35,"Bag of Marbles":16,"Art of War":26,"Cracked Core":0,"Pocketwatch":45}],"Pocketwatch":[18]},"card_choices":[{"not_picked":["Cold Snap","Scrape"],"picked":"Ball Lightning","floor":1},{"not_picked":["Coolheaded","Leap"],"picked":"Conserve Battery","floor":3},{"not_picked":["Beam Cell","Stack"],"picked":"Sweeping Beam","floor":4},{"not_picked":["Go for the Eyes","Steam"],"picked":"Ball Lightning","floor":5},{"not_picked":["Sweeping Beam","Static Discharge"],"picked":"Buffer","floor":8},{"not_picked":["Beam Cell","Hologram"],"picked":"Sweeping Beam","floor":12},{"not_picked":["BootSequence","Aggregate"],"picked":"Barrage","floor":13},{"not_picked":["FTL","Steam Power"],"picked":"Chill","floor":14},{"not_picked":["Thunder Strike","Buffer"],"picked":"Electrodynamics","floor":16},{"not_picked":["Steam","Streamline"],"picked":"Defragment+1","floor":18},{"not_picked":["Double Energy+1","Leap"],"picked":"Barrage","floor":19},{"not_picked":["Skim+1","Beam Cell+1"],"picked":"Machine Learning","floor":24},{"not_picked":["Beam Cell","Double Energy"],"picked":"Go for the Eyes+1","floor":25},{"not_picked":["Scrape+1","Leap"],"picked":"Coolheaded","floor":30},{"not_picked":["Rebound+1","Streamline"],"picked":"Barrage","floor":31},{"not_picked":["All For One","Thunder Strike"],"picked":"Buffer","floor":33}],"player_experience":844667,"relics_obtained":[{"floor":8,"key":"Blood Vial"},{"floor":9,"key":"Bag of Marbles"},{"floor":12,"key":"White Beast Statue"},{"floor":14,"key":"Art of War"},{"floor":22,"key":"Nilry\u0027s Codex"},{"floor":24,"key":"Pocketwatch"},{"floor":26,"key":"Smiling Mask"},{"floor":30,"key":"DataDisk"}],"event_choices":[{"damage_healed":0,"gold_gain":0,"player_choice":"Success","damage_taken":3,"relics_obtained":["War Paint"],"max_hp_gain":0,"max_hp_loss":0,"event_name":"Scrap Ooze","floor":2,"gold_loss":0},{"damage_healed":0,"gold_gain":0,"player_choice":"Donut","damage_taken":0,"max_hp_gain":5,"max_hp_loss":0,"event_name":"Big Fish","floor":7,"gold_loss":0},{"damage_healed":0,"gold_gain":0,"player_choice":"Ignored","damage_taken":0,"max_hp_gain":0,"max_hp_loss":0,"event_name":"Vampires","floor":20,"gold_loss":0},{"damage_healed":0,"gold_gain":99,"player_choice":"Stole From Cult","damage_taken":0,"max_hp_gain":0,"max_hp_loss":0,"event_name":"Nest","floor":21,"gold_loss":0},{"damage_healed":0,"gold_gain":0,"player_choice":"Obtained Book","damage_taken":16,"max_hp_gain":0,"max_hp_loss":0,"event_name":"Cursed Tome","floor":22,"gold_loss":0},{"cards_removed":["Stack"],"damage_healed":0,"gold_gain":0,"player_choice":"Elegance","damage_taken":0,"max_hp_gain":0,"max_hp_loss":0,"event_name":"Back to Basics","floor":29,"gold_loss":0}],"is_beta":false,"boss_relics":[{"not_picked":["Tiny House","SlaversCollar"],"picked":"Pandora\u0027s Box"},{"not_picked":["Nuclear Battery","Runic Pyramid"],"picked":"Busted Crown"}],"items_purged_floors":[27],"is_endless":false,"potions_floor_spawned":[4,8,13,14,16,18,19,24,25,30,31,33],"killed_by":"3 Darklings","ascension_level":11}}