{"host":"j8owc6rmw39yguw6","time":1610649207,"event":{"mods":["AchievementEnabler","BaseMod","BetterRewards","Colored Map","Colored Powertips","Curses Come First","Highlight Path","Minty Spire (QoL Compilation)","Rare Cards Sparkle","Relic Stats","Shop Mod","StSLib","The Bug Knight"],"gold_per_floor":[209,84,96,106,6,6,38,38,38,64,64,24,43,54,54,158,158,173,183,76,76,36,67,67,98,98,116,116,149,167,13,13,113,113,123,137,157,169,169,201,44,69,114,128,161,161,176,23,23,23],"floor_reached":51,"language":"ENG","playtime":3726,"items_purged":["Strike_B","Strike_B"],"score":923,"play_id":"e21ed6f7-172d-4547-9ee3-50b876ec7d92","local_time":"20210114113327","is_ascension_mode":true,"campfire_choices":[{"data":"Darkness","floor":6,"key":"SMITH"},{"data":"Darkness","floor":11,"key":"SMITH"},{"data":"Defragment","floor":15,"key":"SMITH"},{"data":"Defragment","floor":24,"key":"SMITH"},{"data":"Seek","floor":28,"key":"SMITH"},{"data":"Fusion","floor":32,"key":"SMITH"},{"data":"Biased Cognition","floor":46,"key":"SMITH"},{"data":"Go for the Eyes","floor":49,"key":"SMITH"}],"circlet_count":0,"master_deck":["Strike_B","Strike_B","Defend_B","Defend_B","Defend_B","Zap","Dualcast+1","Darkness+1","Redo+1","Chill","Ball Lightning","Darkness+1","Skim","Go for the Eyes","Defragment+1","Seek+1","Capacitor+1","Cold Snap","Defragment+1","Stack","Shame","Doom and Gloom","Cold Snap+1","Go for the Eyes+1","Biased Cognition+1","Conserve Battery","Loop+1","Fusion+1","Lockon+1","Conserve Battery+1","Redo+1","Swift Strike","BootSequence+1","Defragment+1","Tempest+1","Seek","Beam Cell+1"],"relics":["Cracked Core","Mercury Hourglass","Sundial","Pantograph","Coffee Dripper","Orichalcum","Shuriken","FossilizedHelix","PreservedInsect","Frozen Egg 2","Inserter","Regal Pillow","DollysMirror","HollowMod:StagPassRelic","Bronze Scales","Pen Nib","War Paint"],"acts_visited":["Exordium","TheCity","TheBeyond"],"potions_floor_usage":[7,16,19,19,23,25,33,40,45,50],"damage_taken":[{"damage":1,"enemies":"Cultist","floor":1,"turns":4},{"damage":6,"enemies":"Jaw Worm","floor":3,"turns":3},{"damage":0,"enemies":"Small Slimes","floor":4,"turns":3},{"damage":3,"enemies":"3 Sentries","floor":7,"turns":8},{"damage":2,"enemies":"HollowMod:MossKnight","floor":10,"turns":7},{"damage":9,"enemies":"Exordium Thugs","floor":13,"turns":3},{"damage":0,"enemies":"Gremlin Gang","floor":14,"turns":3},{"damage":0,"enemies":"Slime Boss","floor":16,"turns":3},{"damage":2,"enemies":"Chosen","floor":18,"turns":3},{"damage":0,"enemies":"2 Thieves","floor":19,"turns":3},{"damage":32,"enemies":"Slavers","floor":23,"turns":5},{"damage":5,"enemies":"Book of Stabbing","floor":25,"turns":5},{"damage":0,"enemies":"Centurion and Healer","floor":27,"turns":7},{"damage":13,"enemies":"Slavers","floor":29,"turns":3},{"damage":0,"enemies":"Shelled Parasite and Fungi","floor":30,"turns":5},{"damage":28,"enemies":"Champ","floor":33,"turns":9},{"damage":6,"enemies":"Orb Walker","floor":35,"turns":5},{"damage":0,"enemies":"3 Shapes","floor":36,"turns":4},{"damage":8,"enemies":"Jaw Worm Horde","floor":37,"turns":5},{"damage":0,"enemies":"Maw","floor":38,"turns":7},{"damage":10,"enemies":"HollowMod:StalkingDevout","floor":40,"turns":6},{"damage":0,"enemies":"Reptomancer","floor":42,"turns":4},{"damage":13,"enemies":"Transient","floor":44,"turns":5},{"damage":12,"enemies":"Nemesis","floor":45,"turns":7},{"damage":0,"enemies":"Jaw Worm Horde","floor":47,"turns":4},{"damage":53,"enemies":"Awakened One","floor":50,"turns":10}],"seed_played":"-4019922912640194256","potions_obtained":[{"floor":7,"key":"FearPotion"},{"floor":10,"key":"SkillPotion"},{"floor":14,"key":"Fire Potion"},{"floor":18,"key":"PowerPotion"},{"floor":23,"key":"Weak Potion"},{"floor":27,"key":"SteroidPotion"},{"floor":30,"key":"PowerPotion"},{"floor":36,"key":"Regen Potion"},{"floor":42,"key":"Block Potion"},{"floor":45,"key":"EssenceOfSteel"}],"is_trial":false,"path_per_floor":["M","$","M","M","$","R","E","?","T","E","R","$","M","M","R","B",null,"M","M","$","?","$","E","R","E","T","M","R","E","M","$","R","B",null,"M","M","M","M","?","E","$","E","T","M","E","R","M","$","R","B",null],"character_chosen":"DEFECT","items_purchased":["Fire Potion","Skim","Defragment","Stack","Doom and Gloom","Loop+1","Fusion","DollysMirror","War Paint"],"campfire_rested":0,"item_purchase_floors":[2,12,20,20,22,31,31,41,48],"current_hp_per_floor":[74,74,68,68,68,68,65,65,65,63,63,63,54,54,54,75,75,73,73,73,73,73,41,41,36,36,36,36,23,23,23,23,20,75,69,69,61,61,61,66,66,66,66,53,41,41,41,41,41,13],"gold":23,"neow_bonus":"HUNDRED_GOLD","is_daily":false,"chose_seed":false,"campfire_upgraded":8,"win_rate":0.0,"timestamp":1610649207,"path_taken":["M","?","M","M","$","R","E","?","T","E","R","$","?","M","R","BOSS","M","M","$","?","?","E","R","E","T","M","R","E","?","$","R","BOSS","M","?","M","M","?","E","$","E","T","M","E","R","M","$","R","BOSS"],"items_purchased_type":["Potion","Card","Card","Card","Card","Card","Card","Relic","Relic"],"build_version":"2020-12-22","purchased_purges":2,"victory":true,"max_hp_per_floor":[75,75,75,75,75,75,75,75,75,75,75,75,75,75,75,75,75,75,75,75,75,75,75,75,75,75,75,75,75,75,75,75,75,75,75,75,75,75,75,75,75,75,75,75,75,75,75,75,75,75],"relic_stats":{"Regal Pillow":0,"Inserter":[27],"counters":[26,129],"PreservedInsect":205,"Pen Nib":[2],"Orichalcum":[102],"War Paint":["Dualcast","Redo"],"Mercury Hourglass":[425],"Sundial":[8],"Shuriken":[12],"Pantograph":71,"Bronze Scales":[94],"obtain_stats":[{"Regal Pillow":40,"Inserter":34,"PreservedInsect":26,"Pen Nib":45,"Orichalcum":21,"Frozen Egg 2":29,"War Paint":48,"HollowMod:StagPassRelic":42,"Mercury Hourglass":7,"Sundial":9,"Shuriken":23,"DollysMirror":41,"Pantograph":10,"Bronze Scales":43,"Coffee Dripper":17,"Cracked Core":0,"FossilizedHelix":25},{"Regal Pillow":21,"Inserter":16,"PreservedInsect":12,"Pen Nib":24,"Orichalcum":10,"Frozen Egg 2":14,"War Paint":25,"HollowMod:StagPassRelic":22,"Mercury Hourglass":4,"Sundial":4,"Shuriken":11,"DollysMirror":21,"Pantograph":5,"Bronze Scales":22,"Coffee Dripper":8,"Cracked Core":0,"FossilizedHelix":12},{"Regal Pillow":100,"Inserter":73,"PreservedInsect":49,"Pen Nib":115,"Orichalcum":39,"Frozen Egg 2":59,"War Paint":119,"HollowMod:StagPassRelic":104,"Mercury Hourglass":18,"Sundial":18,"Shuriken":44,"DollysMirror":100,"Pantograph":25,"Bronze Scales":104,"Coffee Dripper":34,"Cracked Core":0,"FossilizedHelix":49}]},"card_choices":[{"not_picked":["Streamline","Doom and Gloom"],"picked":"Darkness","floor":1},{"not_picked":["Barrage","Doom and Gloom"],"picked":"Redo","floor":3},{"not_picked":["Rebound","Hello World"],"picked":"Chill","floor":4},{"not_picked":["Auto Shields","Barrage"],"picked":"Ball Lightning","floor":7},{"not_picked":["Hello World","Undo"],"picked":"Darkness","floor":10},{"not_picked":["Barrage","Coolheaded"],"picked":"Go for the Eyes","floor":13},{"not_picked":["Loop","Melter"],"picked":"Defragment","floor":14},{"not_picked":["Thunder Strike","Reboot"],"picked":"Seek","floor":16},{"not_picked":["Hologram","Loop"],"picked":"Capacitor+1","floor":18},{"not_picked":["Stack","Streamline"],"picked":"Cold Snap","floor":19},{"not_picked":["Sweeping Beam","Doom and Gloom"],"picked":"Cold Snap+1","floor":23},{"not_picked":["Leap","Cold Snap"],"picked":"Go for the Eyes","floor":25},{"not_picked":["Leap","Coolheaded"],"picked":"Biased Cognition","floor":27},{"not_picked":["Redo","Thunder Strike"],"picked":"Conserve Battery","floor":29},{"not_picked":["Hologram","Leap","Rebound"],"picked":"SKIP","floor":30},{"not_picked":["Sweeping Beam","Steam Power+1"],"picked":"Lockon+1","floor":35},{"not_picked":["Sweeping Beam+1","Steam","Skim+1"],"picked":"SKIP","floor":36},{"not_picked":["Rebound","Barrage+1"],"picked":"Conserve Battery+1","floor":37},{"not_picked":["Leap","Coolheaded"],"picked":"Redo+1","floor":38},{"not_picked":["Jack Of All Trades","Mind Blast"],"picked":"Swift Strike","floor":39},{"not_picked":["Static Discharge+1","Chaos"],"picked":"BootSequence+1","floor":40},{"not_picked":["Beam Cell","Streamline"],"picked":"Tempest+1","floor":42},{"not_picked":["Aggregate+1","Darkness","All For One"],"picked":"SKIP","floor":44},{"not_picked":["Leap+1","Barrage"],"picked":"Seek","floor":45},{"not_picked":["Blizzard","Conserve Battery+1"],"picked":"Beam Cell+1","floor":47}],"player_experience":27680,"relics_obtained":[{"floor":7,"key":"Mercury Hourglass"},{"floor":9,"key":"Sundial"},{"floor":10,"key":"Pantograph"},{"floor":23,"key":"Shuriken"},{"floor":25,"key":"FossilizedHelix"},{"floor":26,"key":"PreservedInsect"},{"floor":29,"key":"Frozen Egg 2"},{"floor":40,"key":"Regal Pillow"},{"floor":42,"key":"HollowMod:StagPassRelic"},{"floor":43,"key":"Bronze Scales"},{"floor":45,"key":"Pen Nib"}],"event_choices":[{"cards_removed":["Defend_B"],"damage_healed":0,"gold_gain":0,"player_choice":"Offered Basic","damage_taken":0,"max_hp_gain":0,"max_hp_loss":0,"event_name":"Bonfire Elementals","floor":8,"gold_loss":0},{"damage_healed":0,"gold_gain":0,"player_choice":"Stole Relic","damage_taken":0,"relics_obtained":["Orichalcum"],"max_hp_gain":0,"max_hp_loss":0,"event_name":"Addict","floor":21,"gold_loss":0,"cards_obtained":["Shame"]},{"damage_healed":0,"gold_gain":0,"player_choice":"Memory 1","damage_taken":0,"max_hp_gain":0,"max_hp_loss":0,"event_name":"SensoryStone","floor":39,"gold_loss":0}],"is_beta":false,"boss_relics":[{"not_picked":["Fusion Hammer","Busted Crown"],"picked":"Coffee Dripper"},{"not_picked":["Black Star","SlaversCollar"],"picked":"Inserter"}],"items_purged_floors":[2,5],"is_endless":false,"potions_floor_spawned":[7,10,14,18,23,27,30,36,42,45],"ascension_level":1}}