{"host":"o7j6aatxjwpw1421","time":1610624907,"event":{"mods":["2.2 Compatiblity","AchievementEnabler","BaseMod","Colored Map","DeckTracker","Highlight Path","Keyboard Shortcuts","Minty Spire (QoL Compilation)","Permanent Neow","Quick Restart","StSLib","SuperFastMode","everything is the same but u backflip on backflip"],"gold_per_floor":[112,37,54,65,84,111,111,129,199,199,209,209,209,223,223,223,223],"floor_reached":16,"language":"KOR","playtime":410,"items_purged":["Normality"],"score":203,"play_id":"790a7e99-d513-4d45-8e5d-4e5537792535","local_time":"20210114204827","is_ascension_mode":true,"campfire_choices":[{"data":"Whirlwind","floor":7.0,"key":"SMITH"},{"data":"Shockwave","floor":10.0,"key":"SMITH"},{"data":"Barricade","floor":15.0,"key":"SMITH"}],"circlet_count":0,"master_deck":["AscendersBane","Strike_R","Strike_R","Strike_R","Strike_R","Strike_R","Defend_R","Defend_R","Defend_R","Defend_R","Bash","Shockwave+1","Uppercut","Flame Barrier","Whirlwind+1","Pommel Strike","Barricade+1","Pummel"],"relics":["Burning Blood","Magic Flower","Centennial Puzzle","Eternal Feather","Gambling Chip","Shuriken"],"acts_visited":["Exordium"],"potions_floor_usage":[16],"damage_taken":[{"damage":19.0,"enemies":"Cultist","floor":1.0,"turns":6.0},{"damage":12.0,"enemies":"Small Slimes","floor":3.0,"turns":4.0},{"damage":4.0,"enemies":"Jaw Worm","floor":4.0,"turns":3.0},{"damage":14.0,"enemies":"Exordium Wildlife","floor":5.0,"turns":4.0},{"damage":38.0,"enemies":"Lagavulin","floor":6.0,"turns":8.0},{"damage":0.0,"enemies":"3 Louse","floor":8.0,"turns":2.0},{"damage":4.0,"enemies":"Looter","floor":11.0,"turns":4.0},{"damage":0.0,"enemies":"2 Fungi Beasts","floor":14.0,"turns":2.0},{"damage":44,"enemies":"The Guardian","floor":16,"turns":12}],"seed_played":"-4750542799094575351","potions_obtained":[{"floor":1.0,"key":"EssenceOfSteel"},{"floor":4.0,"key":"Block Potion"},{"floor":11.0,"key":"LiquidBronze"}],"is_trial":false,"path_per_floor":["M","$","M","M","M","E","R","M","T","R","M","?","T","M","R","B"],"character_chosen":"IRONCLAD","items_purchased":[],"campfire_rested":0,"item_purchase_floors":[],"current_hp_per_floor":[58,58,55,60,55,26,26,35,35,44,49,38,38,47,56,12,12],"gold":223,"neow_bonus":"ONE_RARE_RELIC","is_daily":false,"chose_seed":false,"campfire_upgraded":3,"win_rate":0.0,"timestamp":1610624907,"path_taken":["M","$","M","M","?","E","R","M","T","R","M","?","?","M","R","BOSS"],"items_purchased_type":[],"build_version":"2020-12-22","purchased_purges":1,"victory":false,"max_hp_per_floor":[75,75,75,75,75,75,75,75,75,75,75,75,75,75,75,75,75],"card_choices":[{"not_picked":["Warcry","Body Slam"],"picked":"Shockwave","floor":1.0},{"not_picked":["Headbutt","Clothesline"],"picked":"Uppercut","floor":3.0},{"not_picked":["Metallicize","Perfected Strike"],"picked":"Flame Barrier","floor":4.0},{"not_picked":["Heavy Blade","Wild Strike"],"picked":"Whirlwind","floor":5.0},{"not_picked":["Clothesline","Body Slam"],"picked":"Pommel Strike","floor":6.0},{"not_picked":["Clothesline","Perfected Strike","Warcry"],"picked":"SKIP","floor":8.0},{"not_picked":["Dual Wield","Havoc"],"picked":"Barricade","floor":11.0},{"not_picked":["Twin Strike","Burning Pact"],"picked":"Pummel","floor":14.0}],"player_experience":505869,"relics_obtained":[{"floor":6.0,"key":"Centennial Puzzle"},{"floor":9.0,"key":"Eternal Feather"},{"floor":13.0,"key":"Shuriken"}],"event_choices":[{"damage_healed":0.0,"max_hp_gain":0.0,"max_hp_loss":0.0,"gold_gain":0.0,"event_name":"Scrap Ooze","player_choice":"Success","floor":12.0,"gold_loss":0.0,"damage_taken":11.0,"relics_obtained":["Gambling Chip"]}],"is_beta":false,"boss_relics":[],"items_purged_floors":[2],"is_endless":false,"potions_floor_spawned":[1,4,5,11],"killed_by":"The Guardian","ascension_level":19}}