{"host":"qrt7o4dq2qslzw13","time":1610606712,"event":{"mods":["AchievementEnabler","BaseMod","Colored Map","Colored Powertips","Minty Spire (QoL Compilation)","Quick Restart","StSLib","SuperFastMode"],"gold_per_floor":[16,291,304,317,327,353,353,369,444,463,463,482,171,181,181,181,181],"floor_reached":16,"language":"ENG","playtime":604,"items_purged":[],"score":106,"play_id":"60078f75-d95d-46dc-98ac-089c68e73a4f","local_time":"20210114014512","is_ascension_mode":false,"campfire_choices":[{"floor":7.0,"key":"REST"},{"floor":15.0,"key":"REST"}],"circlet_count":0,"master_deck":["Strike_P","Strike_P","Strike_P","Strike_P","Defend_P","Defend_P","Defend_P","Defend_P","Eruption+1","Vigilance","Secret Technique","EmptyBody","Regret","Consecrate","Prostrate","Halt","Establishment","Swivel","Pray","Prostrate","Prostrate","EmptyFist","Perseverance","ForeignInfluence"],"relics":["PureWater","Dream Catcher","TeardropLocket","Bottled Lightning"],"acts_visited":["Exordium"],"potions_floor_usage":[16],"damage_taken":[{"damage":0.0,"enemies":"Small Slimes","floor":1.0,"turns":2.0},{"damage":4.0,"enemies":"Cultist","floor":3.0,"turns":3.0},{"damage":0.0,"enemies":"2 Louse","floor":4.0,"turns":2.0},{"damage":4.0,"enemies":"Looter","floor":5.0,"turns":4.0},{"damage":55.0,"enemies":"Lagavulin","floor":6.0,"turns":10.0},{"damage":20.0,"enemies":"Red Slaver","floor":8.0,"turns":4.0},{"damage":4.0,"enemies":"3 Louse","floor":10.0,"turns":3.0},{"damage":2.0,"enemies":"Blue Slaver","floor":12.0,"turns":6.0},{"damage":1.0,"enemies":"Looter","floor":14.0,"turns":5.0},{"damage":26,"enemies":"Slime Boss","floor":16,"turns":3}],"seed_played":"2629211893454839014","potions_obtained":[{"floor":3.0,"key":"BottledMiracle"},{"floor":5.0,"key":"EntropicBrew"},{"floor":14.0,"key":"BottledMiracle"}],"is_trial":false,"path_per_floor":["M","?","M","M","M","E","R","M","T","M","?","M","$","M","R","B"],"character_chosen":"WATCHER","items_purchased":["Bottled Lightning","EmptyFist"],"campfire_rested":2,"item_purchase_floors":[13,13],"current_hp_per_floor":[72,72,68,68,64,9,30,10,10,6,6,4,4,3,24,0,0],"gold":181,"neow_bonus":"RANDOM_COLORLESS_2","is_daily":false,"chose_seed":false,"campfire_upgraded":0,"win_rate":0.0,"timestamp":1610606712,"path_taken":["M","?","?","M","M","E","R","M","T","M","?","M","?","M","R","BOSS"],"items_purchased_type":["Relic","Card"],"build_version":"2020-12-22","purchased_purges":0,"victory":false,"max_hp_per_floor":[72,72,72,72,72,72,72,72,72,72,72,72,72,72,72,72,72],"card_choices":[{"not_picked":["Transmutation","Chrysalis"],"picked":"Secret Technique","floor":0.0},{"not_picked":["Consecrate","EmptyFist"],"picked":"EmptyBody","floor":1.0},{"not_picked":["CutThroughFate","SandsOfTime"],"picked":"Consecrate","floor":3.0},{"not_picked":["Pray","EmptyBody"],"picked":"Prostrate","floor":4.0},{"not_picked":["FlurryOfBlows","EmptyBody"],"picked":"Halt","floor":5.0},{"not_picked":["JustLucky","Blasphemy"],"picked":"Establishment","floor":6.0},{"not_picked":["Consecrate","WaveOfTheHand"],"picked":"Swivel","floor":7.0},{"not_picked":["Adaptation","Sanctity"],"picked":"Pray","floor":8.0},{"not_picked":["Evaluate","EmptyBody"],"picked":"Prostrate","floor":10.0},{"not_picked":["Study","Pray"],"picked":"Prostrate","floor":12.0},{"not_picked":["FlurryOfBlows","JustLucky"],"picked":"Perseverance","floor":14.0},{"not_picked":["Evaluate","Study"],"picked":"ForeignInfluence","floor":15.0}],"player_experience":565804,"relics_obtained":[{"floor":6.0,"key":"Dream Catcher"},{"floor":9.0,"key":"TeardropLocket"}],"event_choices":[{"damage_healed":0.0,"max_hp_gain":0.0,"max_hp_loss":0.0,"gold_gain":275.0,"event_name":"Golden Shrine","player_choice":"Desecrate","floor":2.0,"gold_loss":0.0,"damage_taken":0.0,"cards_obtained":["Regret"]},{"damage_healed":0.0,"max_hp_gain":0.0,"max_hp_loss":0.0,"gold_gain":0.0,"event_name":"Accursed Blacksmith","player_choice":"Forge","floor":11.0,"gold_loss":0.0,"damage_taken":0.0,"cards_upgraded":["Eruption"]}],"is_beta":false,"boss_relics":[],"items_purged_floors":[],"is_endless":false,"potions_floor_spawned":[3,5,14],"killed_by":"Slime Boss","ascension_level":0}}