{"host":"60l258qxpyrtzhoo","time":1610647785,"event":{"mods":["AchievementEnabler","Act Like it!","BaseMod","BetterRewards","Colored Map","Colored Powertips","Custom Start","Decade(???)","Downfall","Duelist Mod","Gensokyo","Googly Eyes","Grow up Mod","GungeonMod","Hermit","Hubris","Infinite Spire","Jorbs\u0027s Wanderer Trilogy","Koishi","Marisa????????","Minty Spire (QoL Compilation)","Quick Restart","Reimu??????","Remilia??????","Replay The Spire","Shop Mod","StSLib","The Bug Knight","The Construct","The Cursed","The Disciple","The Hierophant","The Necromancer","The Servant 0.9.4","UnlockEverythingMod","vexMod"],"gold_per_floor":[118,128,128,140,140,140,175,175,199,217,249,249,260,158,158,259,259,273,286,246,261,272,304,304,339,386,398,429,459,485,515,527,644,656,682,711,733,756,780,817,829,875,887,933,957,969,981,993,1005,1017],"floor_reached":51,"language":"ENG","playtime":2965,"items_purged":["Pot Of Greed"],"score":1627,"play_id":"98a7c9bb-1978-4a79-bfd8-762981d040bf","local_time":"20210114190945","is_ascension_mode":true,"campfire_choices":[{"floor":6.0,"key":"REST"},{"floor":8.0,"key":"REST"},{"data":"Hidden Blade","floor":15.0,"key":"SMITH"},{"floor":24.0,"key":"REST"},{"floor":27.0,"key":"REST"},{"floor":32.0,"key":"REST"},{"data":"infinitespire:Fortify","floor":49,"key":"SMITH"}],"circlet_count":0,"master_deck":["Expertise+1","Choke+1","A Thousand Cuts+1","After Image+1","After Image+1","Envenom+1","Accuracy+1","Slice+1","Backstab+1","Blade Dance+1","Infinite Blades+1","Cloak And Dagger+1","Pot Of Greed+1","Cloak And Dagger+1","Hidden Blade+1","Predator+1","infinitespire:Fortify+1"],"relics":["Ring of the Snake","Ornamental Fan","Snake Skull","WristBlade","TungstenRod","Snake Skull","Anchor","Nunchaku","vexMod:BarristanHead","Grinning Jar","Whetstone","hubris:CrackedHourglass","ZunR:ReiMu","hubris:SphereOfDissonance","infinitespire:CheckeredPen","MawBank","Coffee Dripper","vexMod:Dragonfruit","Toy Ornithopter","Art of War","ReplayFunnel","Iron Hammer"],"acts_visited":["Exordium","TheCity","TheBeyond"],"potions_floor_usage":[],"damage_taken":[{"damage":0.0,"enemies":"Cultist","floor":1.0,"turns":1.0},{"damage":0.0,"enemies":"Jaw Worm","floor":2.0,"turns":1.0},{"damage":0.0,"enemies":"2 Louse","floor":4.0,"turns":2.0},{"damage":0.0,"enemies":"3 Sentries","floor":7.0,"turns":3.0},{"damage":0.0,"enemies":"Looter","floor":10.0,"turns":2.0},{"damage":0.0,"enemies":"Lagavulin","floor":11.0,"turns":2.0},{"damage":0.0,"enemies":"Blue Slaver","floor":13.0,"turns":1.0},{"damage":0.0,"enemies":"Slime Boss","floor":16.0,"turns":4.0},{"damage":2.0,"enemies":"2 Thieves","floor":18.0,"turns":2.0},{"damage":0.0,"enemies":"Shell Parasite","floor":19.0,"turns":2.0},{"damage":0.0,"enemies":"Snecko","floor":21.0,"turns":2.0},{"damage":0.0,"enemies":"3 Cultists","floor":22.0,"turns":2.0},{"damage":0.0,"enemies":"HollowMod:Nosk","floor":23.0,"turns":2.0},{"damage":0.0,"enemies":"Book of Stabbing","floor":25.0,"turns":2.0},{"damage":0.0,"enemies":"Chosen and Byrds","floor":28.0,"turns":2.0},{"damage":0.0,"enemies":"Centurion and Healer","floor":29.0,"turns":2.0},{"damage":0.0,"enemies":"Snake Plant","floor":30.0,"turns":2.0},{"damage":0.0,"enemies":"Sentry and Sphere","floor":31.0,"turns":2.0},{"damage":11.0,"enemies":"hubris:MusketHawk","floor":33.0,"turns":3.0},{"damage":1.0,"enemies":"3 Shapes","floor":35.0,"turns":2.0},{"damage":0.0,"enemies":"3 Darklings","floor":36.0,"turns":2.0},{"damage":0.0,"enemies":"Jaw Worm Horde","floor":37.0,"turns":2.0},{"damage":0.0,"enemies":"Maw","floor":38.0,"turns":3.0},{"damage":0.0,"enemies":"Sphere and 2 Shapes","floor":39.0,"turns":2.0},{"damage":0.0,"enemies":"Reptomancer","floor":40.0,"turns":2.0},{"damage":0.0,"enemies":"Nemesis","floor":42.0,"turns":2.0},{"damage":0.0,"enemies":"Giant Head","floor":44.0,"turns":2.0},{"damage":23,"enemies":"Transient","floor":45,"turns":5},{"damage":12,"enemies":"Awakened One","floor":50,"turns":5}],"seed_played":"9056537913007445213","potions_obtained":[{"floor":1.0,"key":"SteroidPotion"},{"floor":2.0,"key":"FearPotion"},{"floor":11.0,"key":"Strength Potion"}],"is_trial":true,"path_per_floor":["M","M","$","M","$","R","E","R","T","M","E","?","M","$","R","B",null,"M","M","?","M","M","E","R","E","T","R","M","M","M","M","R","B",null,"M","M","M","M","M","E","R","E","T","E","M","R","AVR","?","R","B",null],"character_chosen":"THE_SILENT","items_purchased":["Hidden Blade"],"campfire_rested":5,"item_purchase_floors":[14],"current_hp_per_floor":[83,93,103,113,123,140,150,160,170,180,190,163,173,183,193,203,241,249,259,269,279,289,299,320,330,340,350,360,370,380,390,400,399,417,426,436,446,456,466,481,491,501,511,521,508,518,528,565,575,573],"gold":1029,"neow_bonus":"","is_daily":false,"chose_seed":false,"campfire_upgraded":2,"win_rate":0.0,"timestamp":1610647785,"path_taken":["M","M","$","M","?","R","E","R","T","M","E","?","M","?","R","BOSS","M","M","?","M","M","E","R","E","T","R","M","M","M","M","R","BOSS","M","M","M","M","M","E","R","E","T","E","M","R","AVR","?","R","BOSS"],"items_purchased_type":["Card"],"build_version":"2020-12-22","purchased_purges":1,"victory":true,"max_hp_per_floor":[90,100,110,120,130,140,150,160,170,180,190,200,210,220,230,240,250,260,270,280,290,300,310,320,330,340,350,360,370,380,390,400,410,420,430,440,450,460,470,485,495,505,515,525,535,545,555,565,575,585],"card_choices":[{"not_picked":["Dodge and Roll","Backflip","Quick Slash"],"picked":"SKIP","floor":1.0},{"not_picked":["Outmaneuver","Dodge and Roll","Deflect"],"picked":"SKIP","floor":2.0},{"not_picked":["Deadly Poison","PiercingWail","Reflex"],"picked":"SKIP","floor":4.0},{"not_picked":["Sucker Punch","hubris:Counter","Expertise"],"picked":"SKIP","floor":7.0},{"not_picked":["Predator","Crippling Poison","Cloak And Dagger"],"picked":"SKIP","floor":10.0},{"not_picked":["Poison Darts","Underhanded Strike"],"picked":"Cloak And Dagger","floor":11.0},{"not_picked":["Escape Plan","Endless Agony","Replay:Poison Smokescreen"],"picked":"SKIP","floor":13.0},{"not_picked":["hubris:Counter","Outmaneuver","Underhanded Strike+1"],"picked":"SKIP","floor":18.0},{"not_picked":["Underhanded Strike","Flechettes+1","Hidden Blade"],"picked":"SKIP","floor":19.0},{"not_picked":["Dash","Hidden Blade","Quick Slash"],"picked":"SKIP","floor":21.0},{"not_picked":["Prepared","hubris:Sniper","Setup"],"picked":"SKIP","floor":22.0},{"not_picked":["Tools of the Trade","Deflect","Reflex"],"picked":"SKIP","floor":23.0},{"not_picked":["Tools of the Trade","Deflect","Reflex"],"picked":"SKIP","floor":23.0},{"not_picked":["Deadly Poison","Prepared","Hidden Blade+1"],"picked":"SKIP","floor":25.0},{"not_picked":["Bouncing Flask","PiercingWail","Predator"],"picked":"SKIP","floor":28.0},{"not_picked":["Flying Knee","Draining Mist","Underhanded Strike"],"picked":"SKIP","floor":29.0},{"not_picked":["Skewer+1","Quick Slash","Tactician"],"picked":"SKIP","floor":30.0},{"not_picked":["Deflect","Dodge and Roll","Footwork"],"picked":"SKIP","floor":31.0},{"not_picked":["Backflip+1","Toxin Wave","Prepared+1"],"picked":"SKIP","floor":35.0},{"not_picked":["All Out Attack+1","Sucker Punch","Acrobatics"],"picked":"SKIP","floor":36.0},{"not_picked":["PiercingWail","Sucker Punch","Footwork"],"picked":"SKIP","floor":37.0},{"not_picked":["Quick Slash","Prepared+1","Backflip"],"picked":"SKIP","floor":38.0},{"not_picked":["Acrobatics","Cloak And Dagger","Prepared"],"picked":"SKIP","floor":39.0},{"not_picked":["ReplayTheSpireMod:Exploit Weakness+1","hubris:SlightOfHand","Predator"],"picked":"SKIP","floor":40.0},{"not_picked":["Glass Knife","Caltrops","Leg Sweep"],"picked":"SKIP","floor":42.0},{"not_picked":["Underhanded Strike+1","ReplayTheSpireMod:Scrap Shanks","Dagger Throw+1"],"picked":"SKIP","floor":44.0},{"not_picked":["Deadly Poison+1","hubris:Counter"],"picked":"Predator+1","floor":45}],"player_experience":18487,"relics_obtained":[{"floor":7.0,"key":"vexMod:BarristanHead"},{"floor":9.0,"key":"Grinning Jar"},{"floor":11.0,"key":"Whetstone"},{"floor":23.0,"key":"hubris:SphereOfDissonance"},{"floor":25.0,"key":"infinitespire:CheckeredPen"},{"floor":26.0,"key":"MawBank"},{"floor":40.0,"key":"vexMod:Dragonfruit"},{"floor":42.0,"key":"Toy Ornithopter"},{"floor":43.0,"key":"Art of War"},{"floor":44.0,"key":"ReplayFunnel"}],"event_choices":[{"damage_healed":0.0,"max_hp_gain":0.0,"max_hp_loss":0.0,"gold_gain":0.0,"event_name":"Shining Light","player_choice":"Entered Light","floor":12.0,"gold_loss":0.0,"damage_taken":38.0,"cards_upgraded":["Cloak And Dagger","Pot Of Greed"]},{"damage_healed":0.0,"max_hp_gain":0.0,"max_hp_loss":0.0,"gold_gain":0.0,"event_name":"ZunEvent","player_choice":"Keep O-miki","floor":20.0,"gold_loss":40.0,"damage_taken":0.0,"relics_obtained":["ZunR:ReiMu"]}],"is_beta":false,"boss_relics":[{"not_picked":["Snecko Eye","hubris:BlackHole"],"picked":"hubris:CrackedHourglass"},{"not_picked":["Replay:Grab Bag","vexMod:TanglingVine"],"picked":"Coffee Dripper"}],"items_purged_floors":[14],"is_endless":false,"potions_floor_spawned":[1,2,11,13,16,18,22,23,30,33,37,38,42],"ascension_level":10}}