{"host":"qvl114e0jmbc6yhm","time":1610587678,"event":{"mods":["Act Like it!","BaseMod","Hermit","Highlight Path","Hubris","Jedi Mod","Marisa????????","Marked Mod","Minty Spire (QoL Compilation)","Permanent Neow","Random Character Button","Relic Sorter","Relic Stats","Replay The Spire","Shop Mod","Spicy Shops","StSLib","The Jungle","The Runesmith"],"gold_per_floor":[119,119,119,119,119,119,151,151,231,65,76,93,93,113,113,185,235,246,257,277,40,50,83,83,108,156,191,191,191,208,208,208,281,281,296,50,62,82,131,159,159,194,194,194,194,222,222,74,139,139,139,139,14,40,40],"floor_reached":56,"language":"ENG","playtime":1755,"items_purged":["Strike_R","Strike_R","Strike_R"],"score":2279,"play_id":"38e2ac7a-93d9-4ae3-80b0-fcf36dfc7e82","local_time":"20210113202758","is_ascension_mode":true,"campfire_choices":[{"data":"Eruption","floor":6,"key":"SMITH"},{"data":"Spot Weakness","floor":8,"key":"SMITH"},{"data":"Apotheosis","floor":13,"key":"SMITH"},{"data":"Burning Pact","floor":15,"key":"SMITH"},{"data":"Battle Trance","floor":24,"key":"SMITH"},{"data":"ReplayTheSpireMod:Limb From Limb","floor":28,"key":"SMITH"},{"floor":32,"key":"RECALL"},{"data":"Limit Break","floor":41,"key":"SMITH"},{"data":"hubris:SharpeningStone","floor":45,"key":"SMITH"},{"floor":52,"key":"REST"}],"circlet_count":0,"master_deck":["AscendersBane","Strike_R","Defend_R+1","Defend_R","Defend_R+1","Defend_R+1","Spot Weakness+1","Eruption+1","Thunderclap","Apotheosis+1","Burning Pact+1","Reaper","Shrug It Off","Limit Break","Battle Trance+1","Headbutt","ReplayTheSpireMod:Limb From Limb","Limit Break+1","Flex+1","Brutality","Immolate","ReplayTheSpireMod:Limb From Limb+1","Battle Trance","Reaper","Clothesline","hubris:SharpeningStone+1","Fiend Fire","Flame Barrier","Twin Strike+1","Inflame+1","Corruption"],"relics":["Honey Jar","hubris:Icosahedron","Happy Flower","jedi:shrinkray","Onion Ring","Tiny House","Bronze Scales","jedi:archwizardhat","Akabeko","Simple Rune","hubris:Towel","SlaversCollar","Bag of Marbles","CatCart","jedi:purplefairy","Replay:Bottled Steam","hubris:ChampionShield","Sling","jedi:ironblood"],"acts_visited":["Exordium","theJungle:Jungle","TheBeyond","TheEnding"],"potions_floor_usage":[54,55,55],"damage_taken":[{"damage":2,"enemies":"Jaw Worm","floor":1,"turns":3},{"damage":30,"enemies":"Gremlin Nob","floor":7,"turns":4},{"damage":0,"enemies":"2 Louse","floor":11,"turns":1},{"damage":0,"enemies":"Small Slimes","floor":12,"turns":1},{"damage":0,"enemies":"3 Louse","floor":14,"turns":1},{"damage":0,"enemies":"Slime Boss","floor":16,"turns":2},{"damage":11,"enemies":"theJungle:Flameango_and_Byrd","floor":18,"turns":3},{"damage":0,"enemies":"theJungle:GiantWrat","floor":19,"turns":2},{"damage":0,"enemies":"theJungle:2_Snecko_Cultists","floor":20,"turns":2},{"damage":20,"enemies":"theJungle:Snecko_Cultist_And_Trap","floor":22,"turns":2},{"damage":0,"enemies":"theJungle:MamaSnecko","floor":23,"turns":2},{"damage":1,"enemies":"theJungle:2_Phrogs","floor":25,"turns":2},{"damage":0,"enemies":"theJungle:Cassacara","floor":27,"turns":1},{"damage":13,"enemies":"theJungle:2_Flameangoes","floor":30,"turns":2},{"damage":49,"enemies":"theJungle:FunGuy","floor":33,"turns":4},{"damage":11,"enemies":"3 Darklings","floor":35,"turns":3},{"damage":0,"enemies":"Orb Walker","floor":37,"turns":1},{"damage":53,"enemies":"Maw","floor":38,"turns":3},{"damage":6,"enemies":"Orin","floor":39,"turns":5},{"damage":2,"enemies":"Nemesis","floor":40,"turns":3},{"damage":11,"enemies":"Giant Head","floor":42,"turns":2},{"damage":0,"enemies":"R_Hoarder","floor":46,"turns":2},{"damage":13,"enemies":"Time Eater","floor":50,"turns":3},{"damage":35,"enemies":"Shield and Spear","floor":54,"turns":3},{"damage":71,"enemies":"The Heart","floor":55,"turns":6}],"seed_played":"-2690782623828851035","potions_obtained":[{"floor":7,"key":"Doom Potion"},{"floor":12,"key":"Strength Potion"},{"floor":14,"key":"Weak Potion"},{"floor":17,"key":"GamblersBrew"},{"floor":18,"key":"PowerPotion"},{"floor":25,"key":"SneckoOil"},{"floor":27,"key":"ColorlessPotion"},{"floor":38,"key":"Explosive Potion"},{"floor":40,"key":"FearPotion"},{"floor":46,"key":"Toxic Potion"}],"is_trial":false,"path_per_floor":["M","?","?","?","?","R","E","R","T","$","M","M","R","M","R","B",null,"M","M","M","$","M","E","R","E","T","E","R","?","M","?","R","B",null,"M","$","M","M","?","E","R","E","T","?","R","E","?","$","R","B",null,"R","$","E","B",null],"character_chosen":"IRONCLAD","items_purchased":["Apotheosis","Limit Break","Bag of Marbles","Sling"],"campfire_rested":1,"item_purchase_floors":[10,21,36,48],"current_hp_per_floor":[66,66,63,63,56,56,45,45,45,45,45,45,45,45,45,45,73,80,80,80,80,80,80,80,79,79,79,79,79,66,66,66,63,76,80,80,80,80,79,77,78,80,80,76,76,76,76,76,76,63,73,76,76,76,62],"gold":40,"neow_bonus":"BOSS_RELIC","is_daily":false,"chose_seed":false,"campfire_upgraded":8,"win_rate":0.0,"timestamp":1610587678,"path_taken":["M","?","?","?","?","R","E","R","T","$","M","M","R","M","R","BOSS","M","M","M","$","M","E","R","E","T","E","R","?","M","?","R","BOSS","M","?","?","M","?","E","R","E","T","?","R","E","?","$","R","BOSS","R","$","E","BOSS"],"items_purchased_type":["Card","Card","Relic","Relic"],"build_version":"2020-12-22","purchased_purges":3,"victory":true,"max_hp_per_floor":[75,75,75,75,75,75,75,75,75,75,75,75,75,75,75,75,80,80,80,80,80,80,80,80,80,80,80,80,80,80,80,80,80,80,80,80,80,80,80,80,80,80,80,76,76,76,76,76,76,76,76,76,76,76,76],"relic_stats":{"Happy Flower":[20],"counters":[25,63],"Bronze Scales":[99],"obtain_stats":[{"Tiny House":17,"Happy Flower":3,"jedi:purplefairy":40,"jedi:archwizardhat":25,"hubris:Towel":29,"jedi:ironblood":54,"Sling":48,"Burning Blood":0,"Akabeko":26,"jedi:shrinkray":7,"SlaversCollar":34,"hubris:Icosahedron":2,"Bronze Scales":23,"Honey Jar":0,"Onion Ring":9,"Simple Rune":27,"Bag of Marbles":36,"CatCart":39,"hubris:ChampionShield":46,"Replay:Bottled Steam":42},{"Tiny House":6,"Happy Flower":1,"jedi:purplefairy":20,"jedi:archwizardhat":12,"hubris:Towel":13,"jedi:ironblood":24,"Sling":22,"Burning Blood":0,"Akabeko":12,"jedi:shrinkray":2,"SlaversCollar":15,"hubris:Icosahedron":1,"Bronze Scales":11,"Honey Jar":0,"Onion Ring":2,"Simple Rune":13,"Bag of Marbles":16,"CatCart":19,"hubris:ChampionShield":22,"Replay:Bottled Steam":21},{"Tiny House":12,"Happy Flower":3,"jedi:purplefairy":47,"jedi:archwizardhat":25,"hubris:Towel":26,"jedi:ironblood":57,"Sling":51,"Burning Blood":0,"Akabeko":25,"jedi:shrinkray":7,"SlaversCollar":32,"hubris:Icosahedron":3,"Bronze Scales":23,"Honey Jar":0,"Onion Ring":7,"Simple Rune":26,"Bag of Marbles":35,"CatCart":44,"hubris:ChampionShield":51,"Replay:Bottled Steam":49}]},"card_choices":[{"not_picked":["hubris:ReadiedAction","Headbutt","Armaments"],"picked":"Spot Weakness","floor":1},{"not_picked":["Heavy Blade","Sword Boomerang","Reckless Charge"],"picked":"Thunderclap","floor":7},{"not_picked":["Perfected Strike","jedi:fear","hubris:ReadiedAction"],"picked":"Burning Pact","floor":11},{"not_picked":["Second Wind","Warcry","Headbutt"],"picked":"Reaper","floor":12},{"not_picked":["Dark Embrace","jedi:hate","Massacre"],"picked":"Shrug It Off","floor":14},{"not_picked":["Juggernaut","Fiend Fire","Exhume"],"picked":"Limit Break","floor":16},{"not_picked":["Abandon","Intimidate","Body Slam"],"picked":"Battle Trance","floor":17},{"not_picked":["Burning Pact","Hemokinesis","ReplayTheSpireMod:LeadingStrike"],"picked":"Headbutt","floor":18},{"not_picked":["ReplayTheSpireMod:Strike From Hell","Sword Boomerang+1","True Grit+1"],"picked":"ReplayTheSpireMod:Limb From Limb","floor":19},{"not_picked":["Wild Strike","Heavy Blade","ReplayTheSpireMod:Strike From Hell"],"picked":"Iron Wave+1","floor":20},{"not_picked":["Perfected Strike+1","Heavy Blade","Feel No Pain"],"picked":"Flex","floor":22},{"not_picked":["ReplayReversal+1","Pommel Strike","Blood for Blood"],"picked":"Brutality","floor":23},{"not_picked":["Inflame","Headbutt","Sword Boomerang"],"picked":"Immolate","floor":25},{"not_picked":["Body Slam+1","Perfected Strike","Twin Strike"],"picked":"ReplayTheSpireMod:Limb From Limb","floor":27},{"not_picked":["Headbutt","Armaments","Clothesline"],"picked":"Battle Trance","floor":30},{"not_picked":["jedi:harder","Impervious","jedi:unlimitedpower"],"picked":"Reaper","floor":33},{"not_picked":["Perfected Strike","Combust","Second Wind"],"picked":"Clothesline","floor":35},{"not_picked":["Heavy Blade+1","Cleave+1","Infernal Blade"],"picked":"hubris:SharpeningStone","floor":37},{"not_picked":["Headbutt","Spot Weakness","Run Through+1"],"picked":"Fiend Fire","floor":38},{"not_picked":["Evolve","Perfected Strike","Pummel+1"],"picked":"Flame Barrier","floor":39},{"not_picked":["Blood for Blood+1","Eclipse","hubris:ReadiedAction"],"picked":"Twin Strike+1","floor":40},{"not_picked":["Headbutt","Rampage+1","Metallicize"],"picked":"Inflame+1","floor":42},{"not_picked":["Clash","Clothesline+1","jedi:fear+1","Perfected Strike+1"],"picked":"SKIP","floor":46},{"not_picked":["Thunderclap+1","Headbutt","jedi:fear+1"],"picked":"Corruption","floor":54}],"player_experience":2446027,"relics_obtained":[{"floor":7,"key":"jedi:shrinkray"},{"floor":9,"key":"Onion Ring"},{"floor":23,"key":"Bronze Scales"},{"floor":25,"key":"jedi:archwizardhat"},{"floor":26,"key":"Akabeko"},{"floor":27,"key":"Simple Rune"},{"floor":39,"key":"CatCart"},{"floor":40,"key":"jedi:purplefairy"},{"floor":42,"key":"Replay:Bottled Steam"},{"floor":46,"key":"hubris:ChampionShield"},{"floor":54,"key":"jedi:ironblood"}],"event_choices":[{"damage_healed":0,"gold_gain":0,"player_choice":"Success","damage_taken":3,"relics_obtained":["Happy Flower"],"max_hp_gain":0,"max_hp_loss":0,"event_name":"Scrap Ooze","floor":3,"gold_loss":0},{"cards_removed":["Strike_R"],"damage_healed":0,"gold_gain":0,"player_choice":"Card Removal","damage_taken":7,"max_hp_gain":0,"max_hp_loss":0,"event_name":"Golden Wing","floor":5,"gold_loss":0},{"damage_healed":0,"gold_gain":0,"player_choice":"Forge","damage_taken":0,"max_hp_gain":0,"max_hp_loss":0,"event_name":"Accursed Blacksmith","floor":31,"gold_loss":0,"cards_upgraded":["Flex"]},{"damage_healed":0,"gold_gain":0,"player_choice":"Fight","damage_taken":0,"max_hp_gain":0,"max_hp_loss":0,"event_name":"OrinTheCat","floor":39,"gold_loss":0},{"damage_healed":0,"gold_gain":0,"player_choice":"Max HP","damage_taken":0,"max_hp_gain":0,"max_hp_loss":4,"event_name":"Winding Halls","floor":44,"gold_loss":0},{"cards_removed":["Iron Wave"],"damage_healed":0,"gold_gain":0,"player_choice":"Removed Attack","damage_taken":0,"max_hp_gain":0,"max_hp_loss":0,"event_name":"Falling","floor":47,"gold_loss":0}],"is_beta":false,"boss_relics":[{"not_picked":["hubris:TerracottaHorce","Pandora\u0027s Box"],"picked":"Tiny House"},{"not_picked":["ReplayTheSpireMod:DimensionalGlitch","Abe\u0027s Treasure"],"picked":"SlaversCollar"}],"items_purged_floors":[21,36,53],"is_endless":false,"potions_floor_spawned":[7,12,14,18,25,27,38,40,46],"ascension_level":14}}