{"host":"kabf61oc9jgfwufg","time":1610638027,"event":{"mods":["AchievementEnabler","Act Like it!","Aspiration","BaseMod","Conspire","GifTheSpireLib","Halation","HexUI Lib","Hubris","Infinite Spire","Melee Mod","Minty Spire (QoL Compilation)","Quick Restart","Rare Cards Sparkle","Replay The Spire","Shop Mod","StSLib","Waifu the Spire"],"gold_per_floor":[119,134,134,153,153,181,181,216,216,216,233,265,275,56,56,155,155,167,167,167,216,228,228,255,255,255,282,0,0,0],"floor_reached":29,"language":"ENG","playtime":809,"items_purged":["Strike_P"],"score":398,"play_id":"dee019ec-9f70-4319-a299-51ff7576b8ae","local_time":"20210114152707","is_ascension_mode":true,"campfire_choices":[{"data":"Alpha","floor":7.0,"key":"SMITH"},{"data":"Pot Of Greed","floor":10.0,"key":"SMITH"},{"floor":15.0,"key":"REST"},{"floor":23.0,"key":"REST"},{"floor":25.0,"key":"REST"}],"circlet_count":0,"master_deck":["Strike_P","Strike_P","Strike_P","Defend_P","Defend_P","Eruption","Vigilance","Halt","FlurryOfBlows","FlurryOfBlows","Pot Of Greed","Alpha+1","Pot Of Greed+1","Indignation","Alpha","MasterReality","infinitespire:FutureSight","Adaptation+1","ThirdEye","Replay:Hum+1"],"relics":["HolyWater","hubris:Towel","Grinning Jar","Juzu Bracelet","FossilizedHelix","Oddly Smooth Stone","Replay:Baseball","hubris:Icosahedron","hubris:SlimyHat","Replay:Multitool","GoldenEye"],"acts_visited":["Exordium","TheCity"],"potions_floor_usage":[],"damage_taken":[{"damage":11.0,"enemies":"Jaw Worm","floor":1.0,"turns":4.0},{"damage":0.0,"enemies":"Small Slimes","floor":2.0,"turns":2.0},{"damage":0.0,"enemies":"2 Louse","floor":4.0,"turns":1.0},{"damage":43.0,"enemies":"Gremlin Nob","floor":6.0,"turns":4.0},{"damage":1.0,"enemies":"3 Sentries","floor":8.0,"turns":2.0},{"damage":6.0,"enemies":"2 Fungi Beasts","floor":11.0,"turns":2.0},{"damage":0.0,"enemies":"Lagavulin","floor":12.0,"turns":4.0},{"damage":0.0,"enemies":"Exordium Wildlife","floor":13.0,"turns":4.0},{"damage":0.0,"enemies":"Slime Boss","floor":16.0,"turns":4.0},{"damage":20.0,"enemies":"Shell Parasite","floor":18.0,"turns":5.0},{"damage":27.0,"enemies":"Spheric Guardian","floor":22.0,"turns":5.0},{"damage":15.0,"enemies":"Replay:Snechameleon","floor":24.0,"turns":6.0},{"damage":39,"enemies":"Book of Stabbing","floor":27,"turns":5},{"damage":23,"enemies":"conspire:Head Lice","floor":29,"turns":2}],"seed_played":"6429654644283926964","potions_obtained":[{"floor":1.0,"key":"PowerPotion"},{"floor":6.0,"key":"ColorlessPotion"},{"floor":8.0,"key":"Fire Potion"},{"floor":13.0,"key":"Strength Potion"},{"floor":21.0,"key":"LiquidBronze"},{"floor":21.0,"key":"FairyPotion"}],"is_trial":false,"path_per_floor":["M","M","?","M","?","E","R","E","T","R","M","E","M","$","R","B",null,"M","?","?","?","M","R","E","R","T","E","?","E"],"character_chosen":"WATCHER","items_purchased":["Replay:Baseball"],"campfire_rested":3,"item_purchase_floors":[14],"current_hp_per_floor":[61,61,61,61,61,18,18,17,17,17,11,11,11,11,32,32,72,52,35,35,35,8,29,14,35,35,21,21,0,0],"gold":0,"neow_bonus":"RANDOM_EVENT","is_daily":false,"chose_seed":false,"campfire_upgraded":2,"win_rate":0.0,"timestamp":1610638027,"path_taken":["M","M","?","M","?","E","R","E","T","R","M","E","M","$","R","BOSS","M","?","?","?","M","R","E","R","T","E","?","E"],"items_purchased_type":["Relic"],"build_version":"2020-12-22","purchased_purges":1,"victory":false,"max_hp_per_floor":[72,72,72,72,72,72,72,72,72,72,72,72,72,72,72,72,72,72,72,72,72,72,72,72,72,72,72,72,72,72],"card_choices":[{"not_picked":["BowlingBash","Replay:ManipulateFuture"],"picked":"Halt","floor":1.0},{"not_picked":["Weave","BattleHymn"],"picked":"FlurryOfBlows","floor":2.0},{"not_picked":["Study","Collect"],"picked":"FlurryOfBlows","floor":4.0},{"not_picked":["Conclude","Protect"],"picked":"Alpha","floor":6.0},{"not_picked":["Weave","Judgement","DeceiveReality"],"picked":"SKIP","floor":8.0},{"not_picked":["ThirdEye","FlyingSleeves","WaveOfTheHand"],"picked":"SKIP","floor":11.0},{"not_picked":["Evaluate","ClearTheMind"],"picked":"Indignation","floor":12.0},{"not_picked":["WreathOfFlame","Protect"],"picked":"Alpha","floor":13.0},{"not_picked":["Omniscience","Replay:LoomingThreat"],"picked":"MasterReality","floor":16.0},{"not_picked":["Replay:DivineShield","ThirdEye","EmptyFist"],"picked":"SKIP","floor":18.0},{"not_picked":["infinitespire:UltimateForm","ReplayTheSpireMod:Chaos Vortex"],"picked":"infinitespire:FutureSight","floor":19.0},{"not_picked":["Adaptation+1","Wallop","FollowUp"],"picked":"SKIP","floor":22.0},{"not_picked":["Wallop","FollowUp"],"picked":"Adaptation+1","floor":22.0},{"not_picked":["EmptyFist+1","BowlingBash+1"],"picked":"ThirdEye","floor":24.0},{"not_picked":["CarveReality","Wallop"],"picked":"Replay:Hum+1","floor":27}],"player_experience":100252,"relics_obtained":[{"floor":6.0,"key":"Grinning Jar"},{"floor":8.0,"key":"Juzu Bracelet"},{"floor":9.0,"key":"FossilizedHelix"},{"floor":12.0,"key":"Oddly Smooth Stone"},{"floor":24.0,"key":"hubris:SlimyHat"},{"floor":26.0,"key":"Replay:Multitool"},{"floor":27,"key":"GoldenEye"}],"event_choices":[{"damage_healed":0,"gold_gain":0,"player_choice":"Paid Fearfully","damage_taken":0,"max_hp_gain":0,"max_hp_loss":0,"event_name":"Masked Bandits","floor":28,"gold_loss":282}],"is_beta":false,"boss_relics":[{"not_picked":["halation:Risk","conspire:RoyalGoblet"],"picked":"HolyWater"}],"items_purged_floors":[14],"is_endless":false,"potions_floor_spawned":[1,6,8,13,24],"killed_by":"conspire:Head Lice","ascension_level":1}}