{"host":"8u7tvcybuv0u72fd","time":1610602511,"event":{"mods":["BaseMod","BetterRewards","Colored Map","Colored Powertips","Minty Spire (QoL Compilation)","Quick Restart","Shop Mod"],"gold_per_floor":[127,127,127,146,130,160,188,200,212,224,236,269,303,335,347,469,481,506,537,45,45,97,160,160,160,460,460,469,506,523,552,552,659,659,677,677,727,745,445,473,473,502,583,607,607,619,241,250,250,250,250,250,11,46,46],"floor_reached":56,"language":"ENG","playtime":3305,"items_purged":["Strike_R","Strike_R"],"score":1620,"play_id":"5ddc750b-9c39-44b9-9426-0ae931b60b8f","local_time":"20210114003510","is_ascension_mode":false,"campfire_choices":[{"data":"Body Slam","floor":11.0,"key":"SMITH"},{"data":"Shrug It Off","floor":15.0,"key":"SMITH"},{"data":"Barricade","floor":24.0,"key":"SMITH"},{"data":"Rage","floor":27.0,"key":"SMITH"},{"data":"Disarm","floor":32.0,"key":"SMITH"},{"data":"Iron Wave","floor":41.0,"key":"SMITH"},{"floor":45.0,"key":"RECALL"},{"data":"Dramatic Entrance","floor":49.0,"key":"SMITH"},{"data":"Madness","floor":52.0,"key":"SMITH"}],"circlet_count":0,"master_deck":["Strike_R","Strike_R","Defend_R","Defend_R","Defend_R","Defend_R+1","Bash+1","Iron Wave+1","Dramatic Entrance+1","Disarm+1","Body Slam+1","Shrug It Off+1","Dropkick+1","Barricade+1","Rage+1","HandOfGreed+1","Offering","Cleave+1","RitualDagger+1","Feed+1","Headbutt+1","Madness","Madness+1","Entrench+1","Battle Trance","Uppercut+1","RitualDagger+1","Heavy Blade+1"],"relics":["Burning Blood","Omamori","CaptainsWheel","TheAbacus","Bird Faced Urn","CeramicFish","Smiling Mask","Molten Egg 2","Empty Cage","Membership Card","Happy Flower","Shuriken","MerchantsRug","Necronomicon","Centennial Puzzle","Dream Catcher","Old Coin","Bag of Marbles","Oddly Smooth Stone","White Beast Statue","Pocketwatch","ClockworkSouvenir","PreservedInsect","Vajra","War Paint","MealTicket","Potion Belt","Self Forming Clay","OrangePellets","Pantograph","Magic Flower","Anchor"],"acts_visited":["Exordium","TheCity","TheBeyond","TheEnding"],"potions_floor_usage":[55,55,55,55,55],"damage_taken":[{"damage":0.0,"enemies":"Cultist","floor":1.0,"turns":2.0},{"damage":0.0,"enemies":"Jaw Worm","floor":4.0,"turns":4.0},{"damage":30.0,"enemies":"3 Sentries","floor":6.0,"turns":12.0},{"damage":0.0,"enemies":"Small Slimes","floor":7.0,"turns":2.0},{"damage":1.0,"enemies":"Red Slaver","floor":12.0,"turns":4.0},{"damage":7.0,"enemies":"Blue Slaver","floor":13.0,"turns":2.0},{"damage":0.0,"enemies":"3 Louse","floor":14.0,"turns":3.0},{"damage":22.0,"enemies":"Slime Boss","floor":16.0,"turns":10.0},{"damage":10.0,"enemies":"Chosen","floor":18.0,"turns":5.0},{"damage":2.0,"enemies":"Spheric Guardian","floor":19.0,"turns":8.0},{"damage":21.0,"enemies":"Snake Plant","floor":22.0,"turns":6.0},{"damage":14.0,"enemies":"Gremlin Leader","floor":23.0,"turns":5.0},{"damage":6.0,"enemies":"Chosen and Byrds","floor":29.0,"turns":2.0},{"damage":6.0,"enemies":"Snecko","floor":30.0,"turns":5.0},{"damage":8.0,"enemies":"Book of Stabbing","floor":31.0,"turns":7.0},{"damage":6.0,"enemies":"Champ","floor":33.0,"turns":9.0},{"damage":3.0,"enemies":"3 Shapes","floor":35.0,"turns":2.0},{"damage":0.0,"enemies":"Orb Walker","floor":37.0,"turns":1.0},{"damage":15.0,"enemies":"Reptomancer","floor":40.0,"turns":2.0},{"damage":6.0,"enemies":"Giant Head","floor":42.0,"turns":5.0},{"damage":6.0,"enemies":"Transient","floor":44.0,"turns":5.0},{"damage":6.0,"enemies":"3 Darklings","floor":46.0,"turns":4.0},{"damage":25.0,"enemies":"Time Eater","floor":50.0,"turns":6.0},{"damage":14,"enemies":"Shield and Spear","floor":54,"turns":7},{"damage":29,"enemies":"The Heart","floor":55,"turns":7}],"seed_played":"-5117083455261553412","potions_obtained":[{"floor":7.0,"key":"Fire Potion"},{"floor":12.0,"key":"SneckoOil"},{"floor":13.0,"key":"Swift Potion"},{"floor":19.0,"key":"Swift Potion"},{"floor":23.0,"key":"Swift Potion"},{"floor":31.0,"key":"Swift Potion"},{"floor":35.0,"key":"Weak Potion"},{"floor":37.0,"key":"Dexterity Potion"},{"floor":42.0,"key":"ColorlessPotion"},{"floor":54,"key":"Strength Potion"}],"is_trial":false,"path_per_floor":["M","?","?","M","$","E","M","$","T","$","R","M","M","M","R","B",null,"M","M","$","?","M","E","R","$","T","R","?","M","M","E","R","B",null,"M","?","M","?","$","E","R","E","T","M","R","M","$","?","R","B",null,"R","$","E","B",null],"character_chosen":"IRONCLAD","items_purchased":["Omamori","CaptainsWheel","TheAbacus","Matryoshka","CeramicFish","Iron Wave","Dramatic Entrance","Body Slam","Membership Card","Happy Flower","Shuriken","MerchantsRug","EntropicBrew","HandOfGreed+1","ClockworkSouvenir","PreservedInsect","Vajra","Entrench","Potion Belt","Self Forming Clay","Uppercut+1","OrangePellets","Regen Potion","DistilledChaos","Pantograph","Magic Flower","CultistPotion"],"campfire_rested":0,"item_purchase_floors":[0,0,0,0,0,0,0,5,20,20,20,20,20,20,39,39,39,39,47,47,47,47,47,47,53,53,53],"current_hp_per_floor":[38,38,64,70,70,46,52,52,52,52,52,57,56,62,62,46,80,76,80,80,64,51,61,61,61,61,61,55,55,57,73,73,75,80,84,84,84,73,73,66,66,84,84,84,84,84,84,84,84,67,84,84,84,82,84],"gold":46,"neow_bonus":"","is_daily":false,"chose_seed":false,"campfire_upgraded":8,"win_rate":0.0,"timestamp":1610602510,"path_taken":["M","?","?","M","?","E","M","?","T","$","R","M","M","M","R","BOSS","M","M","$","?","M","E","R","$","T","R","?","M","M","E","R","BOSS","M","?","?","?","$","E","R","E","T","M","R","M","$","?","R","BOSS","R","$","E","BOSS"],"items_purchased_type":["Relic","Relic","Relic","Relic","Relic","Card","Card","Card","Relic","Relic","Relic","Relic","Potion","Card","Relic","Relic","Relic","Card","Relic","Relic","Card","Relic","Potion","Potion","Relic","Relic","Potion"],"build_version":"2020-12-22","purchased_purges":2,"victory":true,"max_hp_per_floor":[80,80,80,80,80,80,80,80,80,80,80,80,80,80,80,80,80,80,80,80,80,80,80,80,80,80,80,80,80,80,80,80,80,80,84,84,84,84,84,84,84,84,84,84,84,84,84,84,84,84,84,84,84,84,84],"card_choices":[{"not_picked":["Disarm","Warcry","Twin Strike"],"picked":"SKIP","floor":1.0},{"not_picked":["Warcry","Twin Strike"],"picked":"Disarm","floor":1.0},{"not_picked":["Dual Wield","Rupture"],"picked":"Clash","floor":4.0},{"not_picked":["Cleave","Carnage","Combust"],"picked":"SKIP","floor":6.0},{"not_picked":["Ghostly Armor","Metallicize","Havoc"],"picked":"SKIP","floor":7.0},{"not_picked":["Second Wind","Havoc"],"picked":"Shrug It Off","floor":12.0},{"not_picked":["Ghostly Armor","Reckless Charge+1"],"picked":"Dropkick+1","floor":13.0},{"not_picked":["Shockwave","Clash+1","Anger+1"],"picked":"SKIP","floor":14.0},{"not_picked":["Reaper+1","Immolate+1"],"picked":"Barricade","floor":16.0},{"not_picked":["Body Slam+1","Dual Wield+1","Warcry"],"picked":"SKIP","floor":18.0},{"not_picked":["Blood for Blood+1","Armaments+1"],"picked":"Rage","floor":19.0},{"not_picked":["Armaments+1","Warcry","Offering"],"picked":"SKIP","floor":22.0},{"not_picked":["Armaments+1","Warcry"],"picked":"Offering","floor":22.0},{"not_picked":["Second Wind","Thunderclap+1"],"picked":"Cleave+1","floor":23.0},{"not_picked":["Feel No Pain","Iron Wave+1","Dark Embrace+1"],"picked":"SKIP","floor":29.0},{"not_picked":["Perfected Strike+1","Sever Soul+1","Pommel Strike+1"],"picked":"SKIP","floor":30.0},{"not_picked":["Inflame+1","Burning Pact","Iron Wave+1"],"picked":"SKIP","floor":31.0},{"not_picked":["Immolate+1","Barricade"],"picked":"Feed+1","floor":33.0},{"not_picked":["Warcry+1","Cleave+1","Metallicize+1"],"picked":"SKIP","floor":35.0},{"not_picked":["Perfected Strike+1","Body Slam+1"],"picked":"Headbutt+1","floor":37.0},{"not_picked":["Armaments+1","Rupture","Rampage+1"],"picked":"SKIP","floor":40.0},{"not_picked":["Seeing Red","Spot Weakness","Feel No Pain"],"picked":"SKIP","floor":42.0},{"not_picked":["Seeing Red","Spot Weakness","Feel No Pain"],"picked":"SKIP","floor":42.0},{"not_picked":["Thunderclap+1","Heavy Blade+1"],"picked":"Battle Trance","floor":44.0},{"not_picked":["Body Slam+1","Headbutt+1","Clothesline+1"],"picked":"SKIP","floor":46.0},{"not_picked":["Body Slam+1","Headbutt+1","Clothesline+1"],"picked":"SKIP","floor":46.0},{"not_picked":["Clothesline+1","Twin Strike+1"],"picked":"Heavy Blade+1","floor":54}],"player_experience":1314649,"relics_obtained":[{"floor":6.0,"key":"MawBank"},{"floor":9.0,"key":"Smiling Mask"},{"floor":9.0,"key":"Molten Egg 2"},{"floor":21.0,"key":"Necronomicon"},{"floor":23.0,"key":"Centennial Puzzle"},{"floor":26.0,"key":"Dream Catcher"},{"floor":26.0,"key":"Old Coin"},{"floor":31.0,"key":"Bag of Marbles"},{"floor":34.0,"key":"Oddly Smooth Stone"},{"floor":34.0,"key":"White Beast Statue"},{"floor":34.0,"key":"Pocketwatch"},{"floor":40.0,"key":"War Paint"},{"floor":42.0,"key":"MealTicket"},{"floor":54,"key":"Anchor"}],"event_choices":[{"damage_healed":0.0,"max_hp_gain":0.0,"max_hp_loss":0.0,"gold_gain":0.0,"event_name":"Living Wall","player_choice":"Grow","floor":2.0,"gold_loss":0.0,"damage_taken":0.0,"cards_upgraded":["Bash"]},{"damage_healed":26.0,"max_hp_gain":0.0,"max_hp_loss":0.0,"gold_gain":0.0,"event_name":"Big Fish","player_choice":"Banana","floor":3.0,"gold_loss":0.0,"damage_taken":0.0},{"damage_healed":0.0,"max_hp_gain":0.0,"max_hp_loss":0.0,"gold_gain":0.0,"event_name":"Cursed Tome","player_choice":"Obtained Book","floor":21.0,"gold_loss":0.0,"damage_taken":16.0},{"damage_healed":0.0,"max_hp_gain":0.0,"max_hp_loss":0.0,"gold_gain":0.0,"event_name":"Nest","player_choice":"Joined the Cult","floor":28.0,"gold_loss":0.0,"damage_taken":6.0,"cards_obtained":["RitualDagger"]},{"damage_healed":0.0,"max_hp_gain":0.0,"max_hp_loss":0.0,"gold_gain":0.0,"event_name":"Match and Keep!","player_choice":"0 cards matched","floor":36.0,"gold_loss":0.0,"damage_taken":0.0,"cards_obtained":[]},{"damage_healed":0.0,"max_hp_gain":0.0,"max_hp_loss":0.0,"gold_gain":0.0,"event_name":"Winding Halls","player_choice":"Embrace Madness","floor":38.0,"gold_loss":0.0,"damage_taken":11.0,"cards_obtained":["Madness","Madness"]},{"damage_healed":0.0,"max_hp_gain":0.0,"max_hp_loss":0.0,"gold_gain":0.0,"event_name":"Duplicator","player_choice":"Copied","floor":48.0,"gold_loss":0.0,"damage_taken":0.0,"cards_obtained":["RitualDagger"]}],"is_beta":false,"boss_relics":[{"not_picked":["Astrolabe","Runic Dome"],"picked":"Empty Cage"},{"not_picked":["Coffee Dripper","Sozu"],"picked":"Calling Bell"}],"items_purged_floors":[0,39],"is_endless":false,"potions_floor_spawned":[7,12,13,19,22,23,31,35,37,40,42,44,46,54],"ascension_level":0}}