{"host":"81vb4cbob60wa1na","time":1610621655,"event":{"mods":["BaseMod","Downfall","GifTheSpireLib","Hermit","Highlight Path","Minty Spire (QoL Compilation)","StSLib","The Cursed","The Disciple"],"gold_per_floor":[99,115,133,64,82,101,101,101,101,101,117,117,132,143,155,258,258,258,278,86,105,116,127,172,197,197,206,156,165,184,210,229,229,229],"floor_reached":33,"language":"ENG","playtime":1206,"items_purged":[],"score":322,"play_id":"861c98ac-3141-48e2-8032-ff029e49f18e","local_time":"20210114055415","is_ascension_mode":false,"campfire_choices":[{"data":"hermit:Covet","floor":1,"key":"SMITH"},{"data":"hermit:Determination","floor":8,"key":"SMITH"},{"floor":10,"key":"REST"},{"data":"hermit:Gestalt","floor":12,"key":"SMITH"},{"data":"hermit:Reprieve","floor":18,"key":"SMITH"},{"floor":27,"key":"REST"},{"floor":29,"key":"REST"}],"circlet_count":0,"master_deck":["hermit:Strike_Hermit","hermit:Strike_Hermit","hermit:Strike_Hermit","hermit:Strike_Hermit","hermit:Defend_Hermit","hermit:Defend_Hermit","hermit:Defend_Hermit","hermit:Defend_Hermit","hermit:Snapshot","hermit:Covet+1","hermit:Glare","hermit:Deadeye","hermit:Desperado","hermit:Quickdraw","hermit:Determination+1","hermit:Misfire","hermit:WideOpen","hermit:Gestalt+1","hermit:Desperado","hermit:WideOpen","hermit:LowProfile","hermit:Reprieve+1","hermit:Determination","hermit:WideOpen","hermit:GoldenBullet","hermit:BlackWind","hermit:TrackingShot","hermit:Glare","hermit:Desperado","hermit:Quickdraw","hermit:TakeAim","hermit:Vantage+1","hermit:Quickdraw","hermit:Desperado","hermit:RoundhouseKick","hermit:Glare+1","hermit:Glare+1"],"relics":["hermit:ClaspedLocket","Dream Catcher","Darkstone Periapt","The Courier","Orrery","CeramicFish","MutagenicStrength"],"acts_visited":["Exordium","TheCity"],"potions_floor_usage":[6,15,16,16,16,21,22,23,31],"damage_taken":[{"damage":0,"enemies":"Cultist","floor":2,"turns":2},{"damage":5,"enemies":"Small Slimes","floor":3,"turns":3},{"damage":0,"enemies":"downfall:FleeingMerchant","floor":4,"turns":4},{"damage":3,"enemies":"2 Louse","floor":5,"turns":2},{"damage":0,"enemies":"Exordium Wildlife","floor":6,"turns":3},{"damage":11,"enemies":"Gremlin Gang","floor":11,"turns":4},{"damage":18,"enemies":"3 Louse","floor":13,"turns":3},{"damage":1,"enemies":"Large Slime","floor":14,"turns":3},{"damage":8,"enemies":"Exordium Wildlife","floor":15,"turns":3},{"damage":4,"enemies":"downfall:Ironclad","floor":16,"turns":5},{"damage":30,"enemies":"3 Byrds","floor":19,"turns":5},{"damage":10,"enemies":"downfall:FleeingMerchant","floor":20,"turns":4},{"damage":28,"enemies":"3 Cultists","floor":21,"turns":5},{"damage":20,"enemies":"Chosen and Byrds","floor":22,"turns":4},{"damage":0,"enemies":"Snake Plant","floor":23,"turns":2},{"damage":6,"enemies":"Cultist and Chosen","floor":25,"turns":4},{"damage":20,"enemies":"Sentry and Sphere","floor":30,"turns":5},{"damage":6,"enemies":"Centurion and Healer","floor":31,"turns":5},{"damage":18,"enemies":"3 Cultists","floor":32,"turns":5},{"damage":36,"enemies":"downfall:Silent","floor":33,"turns":3}],"seed_played":"4282122485739520477","potions_obtained":[{"floor":5,"key":"FearPotion"},{"floor":6,"key":"Fruit Juice"},{"floor":11,"key":"Weak Potion"},{"floor":13,"key":"Ancient Potion"},{"floor":15,"key":"EssenceOfSteel"},{"floor":21,"key":"SteroidPotion"},{"floor":22,"key":"Explosive Potion"},{"floor":30,"key":"AttackPotion"}],"is_trial":false,"path_per_floor":["R","M","M","$","M","M","T","R","?","R","M","R","M","M","M","B",null,"R","M","$","M","M","M","T","M","?","R","?","R","M","M","M","B"],"character_chosen":"HERMIT","items_purchased":["hermit:Quickdraw","Regen Potion","Orrery"],"campfire_rested":3,"item_purchase_floors":[4,20,20],"current_hp_per_floor":[75,75,70,70,67,72,72,72,54,78,67,67,49,48,40,36,80,80,50,40,30,10,10,10,4,4,28,58,80,60,54,36,0,0],"gold":229,"neow_bonus":"RANDOM_COMMON_RELIC","is_daily":false,"chose_seed":false,"campfire_upgraded":4,"win_rate":0.0,"timestamp":1610621655,"path_taken":["R","M","M","$","M","?","T","R","?","R","M","R","M","M","M","BOSS","R","M","$","M","M","M","T","M","?","R","?","R","M","M","M","BOSS"],"items_purchased_type":["Card","Potion","Relic"],"build_version":"2020-12-22","purchased_purges":0,"victory":false,"max_hp_per_floor":[75,75,75,75,75,80,80,80,80,80,80,80,80,80,80,80,80,80,80,80,80,80,80,80,80,80,80,80,80,80,80,80,80,80],"card_choices":[{"not_picked":["hermit:Snipe","hermit:HighCaliber"],"picked":"hermit:Glare","floor":2},{"not_picked":["hermit:Adapt","hermit:Feint"],"picked":"hermit:Deadeye","floor":3},{"not_picked":["hermit:Spite","hermit:HighCaliber"],"picked":"hermit:Desperado","floor":4},{"not_picked":["hermit:CursedWeapon","hermit:CalledShot"],"picked":"hermit:Determination","floor":5},{"not_picked":["hermit:HighCaliber","hermit:Headshot"],"picked":"hermit:Misfire","floor":6},{"not_picked":["hermit:Malice","hermit:Combo"],"picked":"hermit:WideOpen","floor":10},{"not_picked":["hermit:Dive","hermit:Glare"],"picked":"hermit:Gestalt","floor":11},{"not_picked":["hermit:Feint","hermit:BigShot"],"picked":"hermit:Desperado","floor":13},{"not_picked":["hermit:TakeCover","hermit:BodyArmor"],"picked":"hermit:WideOpen","floor":14},{"not_picked":["hermit:TrackingShot","hermit:NoHoldsBarred"],"picked":"hermit:LowProfile","floor":15},{"not_picked":["hermit:RoundhouseKick","hermit:DeadOrAlive"],"picked":"hermit:Reprieve","floor":16},{"not_picked":["hermit:Desperado","hermit:BodyArmor"],"picked":"hermit:Determination","floor":19},{"not_picked":["hermit:Shortfuse","hermit:LowProfile"],"picked":"hermit:WideOpen","floor":20},{"not_picked":["hermit:Coalescence","hermit:Roughhouse"],"picked":"hermit:GoldenBullet","floor":20},{"not_picked":["hermit:Quickdraw","hermit:Deadeye"],"picked":"hermit:BlackWind","floor":20},{"not_picked":["hermit:Scavenge","hermit:Ricochet"],"picked":"hermit:TrackingShot","floor":20},{"not_picked":["hermit:DeadMansHand","hermit:Snipe"],"picked":"hermit:Glare","floor":20},{"not_picked":["hermit:WideOpen","hermit:FlashPowder+1"],"picked":"hermit:Desperado","floor":21},{"not_picked":["hermit:HoleUp","hermit:Spite"],"picked":"hermit:Quickdraw","floor":22},{"not_picked":["hermit:Coalescence","hermit:Roulette"],"picked":"hermit:TakeAim","floor":23},{"not_picked":["hermit:Feint+1","hermit:Shortfuse"],"picked":"hermit:Vantage+1","floor":25},{"not_picked":["hermit:Coalescence","hermit:Roulette"],"picked":"hermit:Quickdraw","floor":27},{"not_picked":["hermit:TrackingShot","hermit:Headshot"],"picked":"hermit:Desperado","floor":29},{"not_picked":["hermit:Maintenance","hermit:CalledShot+1"],"picked":"hermit:RoundhouseKick","floor":30},{"not_picked":["hermit:Feint+1","hermit:Manifest"],"picked":"hermit:Glare+1","floor":31},{"not_picked":["hermit:Misfire","hermit:Roulette"],"picked":"hermit:Glare+1","floor":32}],"player_experience":230330,"relics_obtained":[{"floor":7,"key":"Darkstone Periapt"},{"floor":24,"key":"CeramicFish"}],"event_choices":[{"damage_healed":0,"gold_gain":0,"player_choice":"Success","damage_taken":18,"relics_obtained":["The Courier"],"max_hp_gain":0,"max_hp_loss":0,"event_name":"Scrap Ooze","floor":9,"gold_loss":0},{"damage_healed":0,"gold_gain":0,"player_choice":"Inject Mutagens","damage_taken":0,"relics_obtained":["MutagenicStrength"],"max_hp_gain":0,"max_hp_loss":0,"event_name":"Drug Dealer","floor":26,"gold_loss":0}],"is_beta":false,"boss_relics":[{"not_picked":["Runic Dome","Busted Crown"],"picked":"hermit:ClaspedLocket"}],"items_purged_floors":[],"is_endless":false,"potions_floor_spawned":[5,6,11,13,15,21,22,30],"killed_by":"downfall:Silent","ascension_level":0}}