{"host":"dtm4abeon6jfxj1d","time":1610661406,"event":{"mods":["BaseMod","Downfall","Minty Spire (QoL Compilation)","Rare Cards Sparkle","StSLib"],"gold_per_floor":[114,127,127,146,163,163,182,182,182,202,220,145,165,340,340,444,444,462,462,480,70,87,122,122,44,44,44,44,76,86,10,10,107,107,121,471,471,395,410,410,442,454,478,478,42,42,42,53,53,53],"floor_reached":51,"language":"ENG","playtime":3219,"items_purged":["Strike_R","Doubt","Strike_R+1"],"score":1030,"play_id":"ec43ff19-0306-4a97-abea-73802a90c47b","local_time":"20210114165646","is_ascension_mode":true,"campfire_choices":[{"data":"Mayhem","floor":6.0,"key":"SMITH"},{"data":"Bash","floor":8.0,"key":"SMITH"},{"data":"Rampage","floor":15.0,"key":"SMITH"},{"data":"Juggernaut","floor":24,"key":"SMITH"},{"data":"Inflame","floor":27,"key":"SMITH"},{"floor":32,"key":"REST"},{"data":"Searing Blow+1","floor":40,"key":"SMITH"},{"data":"Searing Blow+2","floor":44,"key":"SMITH"},{"data":"Searing Blow+3","floor":49,"key":"SMITH"}],"circlet_count":0,"master_deck":["Strike_R+1","Strike_R+1","Strike_R+1","Defend_R+1","Defend_R+1","Defend_R+1","Defend_R+1","Bash+1","Mayhem+1","Rampage+1","Battle Trance","Shrug It Off","Headbutt","Juggernaut+1","Spot Weakness+1","Inflame+1","RitualDagger","Metallicize","Inflame+1","Searing Blow+4","Heavy Blade+1","Apotheosis","Parasite"],"relics":["Burning Blood","Thread and Needle","Champion Belt","Philosopher\u0027s Stone","Gambling Chip","FossilizedHelix","Paper Frog","Pen Nib","Sozu","Old Coin","Ancient Tea Set","Akabeko","Bag of Preparation","Mango"],"acts_visited":["Exordium","TheCity","TheBeyond"],"potions_floor_usage":[29,33,33,33],"damage_taken":[{"damage":3.0,"enemies":"Jaw Worm","floor":1.0,"turns":5.0},{"damage":0.0,"enemies":"2 Louse","floor":2.0,"turns":4.0},{"damage":5.0,"enemies":"Small Slimes","floor":4.0,"turns":4.0},{"damage":1.0,"enemies":"2 Fungi Beasts","floor":5.0,"turns":4.0},{"damage":3.0,"enemies":"Exordium Wildlife","floor":7.0,"turns":5.0},{"damage":0.0,"enemies":"Blue Slaver","floor":10.0,"turns":5.0},{"damage":8.0,"enemies":"2 Fungi Beasts","floor":11.0,"turns":5.0},{"damage":0.0,"enemies":"Looter","floor":13.0,"turns":3.0},{"damage":26,"enemies":"Slime Boss","floor":16,"turns":7},{"damage":17,"enemies":"Spheric Guardian","floor":18,"turns":4},{"damage":7,"enemies":"2 Thieves","floor":20,"turns":4},{"damage":0,"enemies":"Snecko","floor":22,"turns":4},{"damage":26,"enemies":"Book of Stabbing","floor":23,"turns":5},{"damage":18,"enemies":"Slavers","floor":29,"turns":4},{"damage":7,"enemies":"Snake Plant","floor":30,"turns":4},{"damage":30,"enemies":"Collector","floor":33,"turns":6},{"damage":35,"enemies":"3 Darklings","floor":35,"turns":4},{"damage":0,"enemies":"Mind Bloom Boss Battle","floor":36,"turns":4},{"damage":20,"enemies":"3 Shapes","floor":39,"turns":4},{"damage":1,"enemies":"Nemesis","floor":41,"turns":3},{"damage":15,"enemies":"3 Darklings","floor":42,"turns":3},{"damage":30,"enemies":"Writhing Mass","floor":48,"turns":4},{"damage":65,"enemies":"Time Eater","floor":50,"turns":6}],"seed_played":"-8736358778830708899","potions_obtained":[{"floor":1.0,"key":"Energy Potion"},{"floor":4.0,"key":"DistilledChaos"},{"floor":5.0,"key":"sneckomod:MuddlingPotion"},{"floor":10.0,"key":"Explosive Potion"},{"floor":11.0,"key":"FearPotion"},{"floor":29,"key":"Swift Potion"}],"is_trial":false,"path_per_floor":["M","M","?","M","M","R","M","R","T","M","M","$","M","?","R","B",null,"M","?","M","$","M","E","R","$","T","R","?","E","M","$","R","B",null,"M","?","?","?","M","R","E","M","T","R","$","?","?","M","R","B",null],"character_chosen":"IRONCLAD","items_purchased":["Gambling Chip","Inflame","Metallicize","Mango"],"campfire_rested":1,"item_purchase_floors":[21,25,31,45],"current_hp_per_floor":[54,60,53,54,59,59,62,62,62,68,66,66,72,72,72,52,73,62,62,61,61,67,47,47,47,47,47,41,29,28,28,52,28,67,80,80,76,76,74,74,76,67,67,67,81,76,100,76,76,17],"gold":53,"neow_bonus":"RANDOM_COLORLESS_2","is_daily":false,"chose_seed":false,"campfire_upgraded":8,"win_rate":0.0,"timestamp":1610661406,"path_taken":["M","M","?","M","M","R","M","R","T","M","M","$","M","?","R","BOSS","M","?","M","$","M","E","R","$","T","R","?","E","M","?","R","BOSS","M","?","?","?","M","R","E","?","T","R","$","?","?","M","R","BOSS"],"items_purchased_type":["Relic","Card","Card","Relic"],"build_version":"2020-12-22","purchased_purges":3,"victory":true,"max_hp_per_floor":[80,80,80,80,80,80,80,80,80,80,80,80,80,80,80,80,80,80,80,80,80,80,80,80,80,80,80,80,80,80,80,80,80,80,80,80,76,76,76,76,76,76,76,76,90,90,100,100,100,100],"card_choices":[{"not_picked":["Sadistic Nature","expansioncontent:StudyTheSpire"],"picked":"Mayhem","floor":0.0},{"not_picked":["Body Slam","Clothesline"],"picked":"Rampage","floor":1.0},{"not_picked":["Blood for Blood","Wild Strike","Uppercut"],"picked":"SKIP","floor":2.0},{"not_picked":["Second Wind","Anger","Sword Boomerang"],"picked":"SKIP","floor":4.0},{"not_picked":["Sword Boomerang","Pommel Strike"],"picked":"Battle Trance","floor":5.0},{"not_picked":["Clash","Rupture"],"picked":"Shrug It Off","floor":7.0},{"not_picked":["Anger","Carnage"],"picked":"Headbutt","floor":10.0},{"not_picked":["Shrug It Off","Twin Strike","Headbutt"],"picked":"SKIP","floor":11.0},{"not_picked":["Clash","Armaments","Flex"],"picked":"SKIP","floor":13.0},{"not_picked":["Limit Break","Exhume"],"picked":"Juggernaut","floor":16},{"not_picked":["Havoc","Anger","Intimidate"],"picked":"SKIP","floor":18},{"not_picked":["Twin Strike","True Grit","Armaments"],"picked":"SKIP","floor":20},{"not_picked":["Iron Wave","Burning Pact"],"picked":"Spot Weakness+1","floor":22},{"not_picked":["Iron Wave","Warcry","Whirlwind"],"picked":"SKIP","floor":23},{"not_picked":["Iron Wave","Warcry","Whirlwind"],"picked":"SKIP","floor":23},{"not_picked":["Warcry","Hemokinesis","Fire Breathing"],"picked":"SKIP","floor":29},{"not_picked":["Perfected Strike","Clothesline","Armaments"],"picked":"SKIP","floor":30},{"not_picked":["Exhume","Feed"],"picked":"Reaper","floor":33},{"not_picked":["Iron Wave+1","Dark Embrace","True Grit+1"],"picked":"SKIP","floor":35},{"not_picked":["Shrug It Off","Flex+1"],"picked":"Inflame+1","floor":36},{"not_picked":["Pummel+1","Searing Blow+1","Warcry+1"],"picked":"SKIP","floor":39},{"not_picked":["Pummel+1","Warcry+1"],"picked":"Searing Blow+1","floor":39},{"not_picked":["Bludgeon","Flex+1","Armaments"],"picked":"SKIP","floor":41},{"not_picked":["Shrug It Off+1","Seeing Red+1"],"picked":"Heavy Blade+1","floor":42},{"not_picked":["Mind Blast","expansioncontent:GoopSpray"],"picked":"Apotheosis","floor":46},{"not_picked":["Havoc+1","Body Slam+1","Flex+1"],"picked":"SKIP","floor":48}],"player_experience":228572,"relics_obtained":[{"floor":9.0,"key":"Champion Belt"},{"floor":23,"key":"FossilizedHelix"},{"floor":26,"key":"Paper Frog"},{"floor":29,"key":"Pen Nib"},{"floor":36,"key":"Old Coin"},{"floor":41,"key":"Akabeko"},{"floor":43,"key":"Bag of Preparation"}],"event_choices":[{"damage_healed":0.0,"max_hp_gain":0.0,"max_hp_loss":0.0,"gold_gain":0.0,"event_name":"Scrap Ooze","player_choice":"Success","floor":3.0,"gold_loss":0.0,"damage_taken":7.0,"relics_obtained":["Thread and Needle"]},{"damage_healed":0.0,"max_hp_gain":0.0,"max_hp_loss":0.0,"gold_gain":175.0,"event_name":"Liars Game","player_choice":"AGREE","floor":14.0,"gold_loss":0.0,"damage_taken":0.0,"cards_obtained":["Doubt"]},{"damage_healed":0,"gold_gain":0,"player_choice":"Simplicity","damage_taken":0,"max_hp_gain":0,"max_hp_loss":0,"event_name":"Back to Basics","floor":19,"gold_loss":0,"cards_upgraded":["Strike_R","Strike_R","Strike_R","Strike_R","Defend_R","Defend_R","Defend_R","Defend_R"]},{"damage_healed":0,"gold_gain":0,"player_choice":"Joined the Cult","damage_taken":6,"max_hp_gain":0,"max_hp_loss":0,"event_name":"Nest","floor":28,"gold_loss":0,"cards_obtained":["RitualDagger"]},{"damage_healed":0,"gold_gain":0,"player_choice":"Fight","damage_taken":0,"max_hp_gain":0,"max_hp_loss":0,"event_name":"MindBloom","floor":36,"gold_loss":0},{"damage_healed":0,"gold_gain":0,"player_choice":"Max HP","damage_taken":0,"max_hp_gain":0,"max_hp_loss":4,"event_name":"Winding Halls","floor":37,"gold_loss":0},{"damage_healed":0,"gold_gain":0,"player_choice":"Paid Gold","damage_taken":0,"relics_obtained":["Ancient Tea Set"],"max_hp_gain":0,"max_hp_loss":0,"event_name":"WeMeetAgain","floor":38,"gold_loss":76},{"damage_healed":0,"gold_gain":0,"player_choice":"Memory 2","damage_taken":5,"max_hp_gain":0,"max_hp_loss":0,"event_name":"SensoryStone","floor":46,"gold_loss":0},{"cards_removed":["Reaper"],"damage_healed":14,"gold_gain":0,"player_choice":"Offered Rare","damage_taken":0,"max_hp_gain":10,"max_hp_loss":0,"event_name":"Bonfire Elementals","floor":47,"gold_loss":0}],"is_beta":false,"boss_relics":[{"not_picked":["Velvet Choker","Cursed Key"],"picked":"Philosopher\u0027s Stone"},{"not_picked":["Runic Pyramid","Empty Cage"],"picked":"Sozu"}],"items_purged_floors":[12,21,45],"is_endless":false,"potions_floor_spawned":[1,4,5,10,11,29,30,39,42,48],"ascension_level":8}}