{"host":"ygfasg9u7olr7skw","time":1610656670,"event":{"mods":["AchievementEnabler","BaseMod","Better Note","Better Vampires","Colored Powertips","Minty Spire (QoL Compilation)","Replay The Spire","Spicy Shops","StSLib","The IronCluck"],"gold_per_floor":[116,134,151,167,33,33,62,62,134,152,7,7,17,32,32,32,32],"floor_reached":16,"language":"ENG","playtime":847,"items_purged":["Strike_B","Tempest"],"score":120,"play_id":"f28ba02b-95d5-4637-87db-2bc522f43154","local_time":"20210114153750","is_ascension_mode":true,"campfire_choices":[{"floor":6,"key":"REST"},{"floor":15,"key":"REST"}],"circlet_count":0,"master_deck":["Strike_B","Strike_B","Strike_B","Defend_B","Defend_B","Defend_B","Defend_B","Zap","Dualcast","Core Surge","Cold Snap","Loop","Gash","Go for the Eyes","Gash"],"relics":["Cracked Core","Omamori","Divine Protection","Mummified Hand"],"acts_visited":["Exordium"],"potions_floor_usage":[13,16],"damage_taken":[{"damage":1,"enemies":"Cultist","floor":1,"turns":3},{"damage":2,"enemies":"Jaw Worm","floor":2,"turns":2},{"damage":16,"enemies":"Small Slimes","floor":3,"turns":3},{"damage":5,"enemies":"3 Louse","floor":4,"turns":3},{"damage":34,"enemies":"3 Sentries","floor":7,"turns":6},{"damage":0,"enemies":"2 Fungi Beasts","floor":10,"turns":3},{"damage":0,"enemies":"Blue Slaver","floor":13,"turns":3},{"damage":0,"enemies":"Looter","floor":14,"turns":3},{"damage":78,"enemies":"Fading Forest","floor":16,"turns":10}],"seed_played":"5624829051189771134","potions_obtained":[{"floor":1,"key":"Ancient Potion"},{"floor":7,"key":"Adrenaline Potion"},{"floor":10,"key":"SpeedPotion"},{"floor":13,"key":"LiquidMemories"}],"is_trial":false,"path_per_floor":["M","M","M","M","$","R","E","T","T","M","$","?","M","M","R","B"],"character_chosen":"DEFECT","items_purchased":["Gash","Go for the Eyes"],"campfire_rested":2,"item_purchase_floors":[5,11],"current_hp_per_floor":[74,72,56,51,51,73,39,39,39,39,39,39,39,39,61,0,0],"gold":32,"neow_bonus":"ONE_RANDOM_RARE_CARD","is_daily":false,"chose_seed":false,"campfire_upgraded":0,"win_rate":0.0,"timestamp":1610656670,"path_taken":["M","M","M","M","$","R","E","?","T","M","$","?","M","M","R","BOSS"],"items_purchased_type":["Card","Card"],"build_version":"2020-12-22","purchased_purges":2,"victory":false,"max_hp_per_floor":[75,75,75,75,75,75,75,75,75,75,75,75,75,75,75,75,75],"card_choices":[{"not_picked":["Redo","Crystallizer"],"picked":"Tempest","floor":1},{"not_picked":["Turbo","Auto Shields"],"picked":"Cold Snap","floor":2},{"not_picked":["Barrage","Stack"],"picked":"Loop","floor":3},{"not_picked":["Hologram","Reinforced Body","Panic Button"],"picked":"SKIP","floor":4},{"not_picked":["FIFO Queue","ReplayRNGCard","ReplayTheSpireMod:Calculation Training"],"picked":"SKIP","floor":7},{"not_picked":["Compile Driver","Hologram","Conserve Battery"],"picked":"SKIP","floor":10},{"not_picked":["Streamline","Fusion","Storm"],"picked":"SKIP","floor":13},{"not_picked":["Beam Cell","Fusion"],"picked":"Gash","floor":14}],"player_experience":288138,"relics_obtained":[{"floor":7,"key":"Omamori"},{"floor":8,"key":"Divine Protection"},{"floor":9,"key":"Mummified Hand"}],"event_choices":[],"is_beta":false,"boss_relics":[],"items_purged_floors":[5,11],"is_endless":false,"potions_floor_spawned":[1,7,10,13],"killed_by":"Fading Forest","ascension_level":3}}