{"host":"h4lp0eeso8a0ssq0","time":1610604659,"event":{"mods":["2.2 Compatiblity","BaseMod","CapriCore","Colored Map","Hermit","Minty Spire (QoL Compilation)","StSLib","SuperFastMode","The Cursed","The Hierophant"],"gold_per_floor":[117,129,129,129,54,82,95,114,114,114,149,166,182,194,194,283,283,261,112,131,131,142,154,154,170,242,57,57,75,87,111,111,91,91],"floor_reached":33,"language":"KOR","playtime":1554,"items_purged":["hierophant:Strike_Hierophant","hierophant:Bribe+1"],"score":301,"play_id":"9122037a-cbf1-4acd-9427-b2d544fee690","local_time":"20210114151059","is_ascension_mode":false,"campfire_choices":[{"data":"hierophant:Punish","floor":10.0,"key":"SMITH"},{"data":"hierophant:DivineIntervention","floor":15.0,"key":"SMITH"},{"data":"hierophant:PassingBell","floor":24,"key":"SMITH"},{"data":"Apotheosis","floor":32,"key":"SMITH"}],"circlet_count":0,"master_deck":["hierophant:Punish+1","hierophant:Defend_Hierophant","hierophant:Defend_Hierophant","hierophant:Defend_Hierophant","hierophant:Defend_Hierophant","hierophant:ChurchCoffers+1","Dramatic Entrance","hierophant:MorningPrayer","hierophant:ThreeLashes","hierophant:PassingBell+1","hierophant:DivineIntervention+1","hierophant:HammerAndAnvil+1","hierophant:Blessing+1","hierophant:HolyVerse+1","hierophant:ThreeLashes","hierophant:Purify+1","hierophant:Smite","hierophant:Smite","hierophant:HolyVerse","Apotheosis+1","RitualDagger","hierophant:Alms","hierophant:OrnateBuckler","hierophant:OrnateBuckler"],"relics":["hierophant:PropheticMaskRelic","Juzu Bracelet","Blood Vial","Meat on the Bone","Astrolabe","Tiny Chest","Bottled Lightning","HornCleat"],"acts_visited":["Exordium","TheCity"],"potions_floor_usage":[],"damage_taken":[{"damage":6.0,"enemies":"Cultist","floor":1.0,"turns":3.0},{"damage":0.0,"enemies":"Small Slimes","floor":2.0,"turns":2.0},{"damage":12.0,"enemies":"3 Sentries","floor":6.0,"turns":6.0},{"damage":0.0,"enemies":"2 Louse","floor":7.0,"turns":1.0},{"damage":12.0,"enemies":"Blue Slaver","floor":8.0,"turns":2.0},{"damage":29.0,"enemies":"Lagavulin","floor":11.0,"turns":7.0},{"damage":0.0,"enemies":"2 Fungi Beasts","floor":12.0,"turns":1.0},{"damage":3.0,"enemies":"Red Slaver","floor":13.0,"turns":2.0},{"damage":0.0,"enemies":"Blue Slaver","floor":14.0,"turns":2.0},{"damage":13.0,"enemies":"Slime Boss","floor":16.0,"turns":6.0},{"damage":15.0,"enemies":"Shell Parasite","floor":18.0,"turns":10.0},{"damage":0.0,"enemies":"3 Byrds","floor":20.0,"turns":2.0},{"damage":17,"enemies":"Centurion and Healer","floor":22,"turns":3},{"damage":27,"enemies":"Gremlin Leader","floor":23,"turns":4},{"damage":9,"enemies":"Shelled Parasite and Fungi","floor":25,"turns":3},{"damage":10,"enemies":"Cultist and Chosen","floor":29,"turns":3},{"damage":20,"enemies":"Book of Stabbing","floor":30,"turns":3},{"damage":2,"enemies":"Chosen and Byrds","floor":31,"turns":3},{"damage":51,"enemies":"Collector","floor":33,"turns":5}],"seed_played":"1779669073026706759","potions_obtained":[{"floor":6.0,"key":"AttackPotion"},{"floor":7.0,"key":"Ancient Potion"},{"floor":11.0,"key":"DistilledChaos"},{"floor":12.0,"key":"SpeedPotion"},{"floor":18.0,"key":"GamblersBrew"},{"floor":30,"key":"LiquidMemories"}],"is_trial":false,"path_per_floor":["M","M","?","?","$","E","M","M","T","R","E","M","M","M","R","B",null,"M","$","M","?","M","E","R","M","T","$","?","M","E","M","R","B"],"character_chosen":"HIEROPHANT","items_purchased":["hierophant:ThreeLashes","Apotheosis"],"campfire_rested":0,"item_purchase_floors":[19,27],"current_hp_per_floor":[69,69,54,54,54,42,42,30,30,30,3,17,28,42,42,43,75,68,68,70,70,55,40,40,45,45,45,39,41,35,47,47,0,0],"gold":91,"neow_bonus":"RANDOM_COLORLESS","is_daily":false,"chose_seed":false,"campfire_upgraded":4,"win_rate":0.0,"timestamp":1610604659,"path_taken":["M","M","?","?","$","E","M","M","T","R","E","M","M","M","R","BOSS","M","$","M","?","M","E","R","M","T","$","?","M","E","M","R","BOSS"],"items_purchased_type":["Card","Card"],"build_version":"2020-12-22","purchased_purges":2,"victory":false,"max_hp_per_floor":[75,75,75,75,75,75,75,75,75,75,75,75,75,75,75,75,75,75,75,75,75,75,75,75,75,75,75,75,75,75,75,75,75,75],"card_choices":[{"not_picked":["Blind","Jack Of All Trades"],"picked":"Dramatic Entrance","floor":0.0},{"not_picked":["hierophant:Prophecy","hierophant:TollTheBells"],"picked":"hierophant:MorningPrayer","floor":1.0},{"not_picked":["hierophant:Charity","hierophant:Racketeering","hierophant:Remorse"],"picked":"SKIP","floor":2.0},{"not_picked":["hierophant:HammerAndAnvil","hierophant:SolarFlare"],"picked":"hierophant:ThreeLashes","floor":6.0},{"not_picked":["hierophant:Shelter","hierophant:HammerAndAnvil","hierophant:Patience"],"picked":"SKIP","floor":7.0},{"not_picked":["hierophant:Community","hierophant:Dazzle","hierophant:HammerAndAnvil"],"picked":"SKIP","floor":8.0},{"not_picked":["hierophant:SealAway","hierophant:OrnateJavelin"],"picked":"hierophant:PassingBell","floor":11.0},{"not_picked":["hierophant:HammerAndAnvil","hierophant:Charity"],"picked":"hierophant:Zeal","floor":12.0},{"not_picked":["hierophant:FieryStrike","hierophant:Alms"],"picked":"hierophant:DivineIntervention","floor":13.0},{"not_picked":["hierophant:CoinFling","hierophant:Remorse","hierophant:Racketeering"],"picked":"SKIP","floor":14.0},{"not_picked":["hierophant:AuricShield","hierophant:ArchangelShield"],"picked":"hierophant:HolyVerse+1","floor":18.0},{"not_picked":["hierophant:Blessing","hierophant:Doubloon"],"picked":"hierophant:Purify+1","floor":20.0},{"not_picked":["hierophant:DisplayOfPower","hierophant:SecretStash"],"picked":"hierophant:Smite","floor":22},{"not_picked":["hierophant:CoinFling","hierophant:TollTheBells"],"picked":"hierophant:Smite","floor":23},{"not_picked":["hierophant:CoinFling","hierophant:Bribe"],"picked":"hierophant:HolyVerse","floor":25},{"not_picked":["hierophant:PassingBell","hierophant:OrnateBuckler"],"picked":"hierophant:Alms","floor":29},{"not_picked":["hierophant:AuricBeam","hierophant:Shelter"],"picked":"hierophant:OrnateBuckler","floor":30},{"not_picked":["hierophant:AuricBeam+1","hierophant:Kindle"],"picked":"hierophant:OrnateBuckler","floor":31}],"player_experience":31183,"relics_obtained":[{"floor":6.0,"key":"Juzu Bracelet"},{"floor":9.0,"key":"Blood Vial"},{"floor":11.0,"key":"Meat on the Bone"},{"floor":23,"key":"Tiny Chest"},{"floor":26,"key":"Bottled Lightning"},{"floor":30,"key":"HornCleat"}],"event_choices":[{"damage_healed":0.0,"max_hp_gain":0.0,"max_hp_loss":0.0,"gold_gain":0.0,"event_name":"Shining Light","player_choice":"Entered Light","floor":3.0,"gold_loss":0.0,"damage_taken":15.0,"cards_upgraded":["hierophant:ChurchCoffers","hierophant:Strike_Hierophant"]},{"cards_removed":["hierophant:Strike_Hierophant"],"damage_healed":0.0,"max_hp_gain":0.0,"max_hp_loss":0.0,"gold_gain":0.0,"event_name":"Bonfire Elementals","player_choice":"Offered Basic","floor":4.0,"gold_loss":0.0,"damage_taken":0.0},{"damage_healed":0,"gold_gain":0,"player_choice":"Ignored","damage_taken":0,"max_hp_gain":0,"max_hp_loss":0,"event_name":"The Mausoleum","floor":21,"gold_loss":0},{"damage_healed":0,"gold_gain":0,"player_choice":"Joined the Cult","damage_taken":6,"max_hp_gain":0,"max_hp_loss":0,"event_name":"Nest","floor":28,"gold_loss":0,"cards_obtained":["RitualDagger"]}],"is_beta":false,"boss_relics":[{"not_picked":["Coffee Dripper","Velvet Choker"],"picked":"Astrolabe"}],"items_purged_floors":[5,19],"is_endless":false,"potions_floor_spawned":[6,7,11,12,18,20,30],"killed_by":"Collector","ascension_level":0}}