{"host":"kqe6w2igxc79vo14","time":1610626429,"event":{"mods":["AchievementEnabler","BaseMod","Downfall","Minty Spire (QoL Compilation)","Quick Restart","StSLib"],"gold_per_floor":[109,32,0,18,18,18,51,70,117,144,144,144,144,154,154,255,255,274,274,264,46,46,46],"floor_reached":22,"language":"ENG","playtime":794,"items_purged":["Spot Weakness"],"score":298,"play_id":"c80a5526-5a9f-438c-9668-e1555a8c2e49","local_time":"20210114141349","is_ascension_mode":true,"campfire_choices":[{"data":"Berserk","floor":6.0,"key":"SMITH"},{"floor":11,"key":"REST"},{"floor":15,"key":"REST"}],"circlet_count":0,"master_deck":["AscendersBane","Strike_R","Strike_R+1","Defend_R","Defend_R","Defend_R+1","Defend_R","Bash","expansioncontent:DarkVoid","Heavy Blade+1","Berserk+1","Shrug It Off","Heavy Blade","Reaper"],"relics":["Burning Blood","Regal Pillow","Toy Ornithopter","Happy Flower","Empty Cage","Brimstone"],"acts_visited":["Exordium","TheCity"],"potions_floor_usage":[10,16,20],"damage_taken":[{"damage":7.0,"enemies":"Jaw Worm","floor":1.0,"turns":3.0},{"damage":1.0,"enemies":"2 Louse","floor":4.0,"turns":3.0},{"damage":51.0,"enemies":"Lagavulin","floor":7.0,"turns":7.0},{"damage":3.0,"enemies":"Cultist","floor":8.0,"turns":4.0},{"damage":32,"enemies":"3 Sentries","floor":10,"turns":6},{"damage":30,"enemies":"Exordium Thugs","floor":14,"turns":5},{"damage":7,"enemies":"Slime Boss","floor":16,"turns":9},{"damage":30,"enemies":"Chosen","floor":18,"turns":7},{"damage":23,"enemies":"2 Thieves","floor":20,"turns":4},{"damage":50,"enemies":"Centurion and Healer","floor":22,"turns":3}],"seed_played":"-1984847878877202499","potions_obtained":[{"floor":7.0,"key":"CultistPotion"},{"floor":10,"key":"champ:CounterPotion"},{"floor":14,"key":"Explosive Potion"},{"floor":20,"key":"HeartOfIron"}],"is_trial":false,"path_per_floor":["M","$","?","M","$","R","E","M","T","E","R","?","?","M","R","B",null,"M","?","M","$","M"],"character_chosen":"IRONCLAD","items_purchased":["Berserk","Brimstone"],"campfire_rested":2,"item_purchase_floors":[2,21],"current_hp_per_floor":[71,71,71,76,76,76,31,34,34,13,52,36,36,12,51,55,74,50,50,46,46,0,0],"gold":46,"neow_bonus":"RANDOM_COLORLESS","is_daily":false,"chose_seed":false,"campfire_upgraded":1,"win_rate":0.0,"timestamp":1610626429,"path_taken":["M","$","?","M","?","R","E","M","T","E","R","?","?","M","R","BOSS","M","?","?","?","M"],"items_purchased_type":["Card","Relic"],"build_version":"2020-12-22","purchased_purges":1,"victory":false,"max_hp_per_floor":[80,80,80,80,80,80,80,80,80,80,80,80,80,80,80,80,80,80,80,80,80,80,80],"card_choices":[{"not_picked":["expansioncontent:Hexaburn","Discovery"],"picked":"expansioncontent:DarkVoid","floor":0.0},{"not_picked":["Shockwave","Anger"],"picked":"Heavy Blade","floor":1.0},{"not_picked":["Shockwave","Headbutt","Rupture"],"picked":"SKIP","floor":4.0},{"not_picked":["Wild Strike","Havoc"],"picked":"Shrug It Off","floor":7.0},{"not_picked":["Thunderclap","Carnage","Clothesline"],"picked":"SKIP","floor":8.0},{"not_picked":["Warcry","Anger"],"picked":"Heavy Blade","floor":10},{"not_picked":["Rage","Thunderclap","Twin Strike"],"picked":"SKIP","floor":14},{"not_picked":["Berserk","Exhume"],"picked":"Reaper","floor":16},{"not_picked":["Armaments","Infernal Blade"],"picked":"Spot Weakness","floor":18},{"not_picked":["Perfected Strike","Iron Wave","Searing Blow"],"picked":"SKIP","floor":20}],"player_experience":898663,"relics_obtained":[{"floor":7.0,"key":"Regal Pillow"},{"floor":9.0,"key":"Toy Ornithopter"},{"floor":10,"key":"Happy Flower"}],"event_choices":[{"damage_healed":0.0,"max_hp_gain":0.0,"max_hp_loss":0.0,"gold_gain":0.0,"event_name":"World of Goop","player_choice":"Left Gold","floor":3.0,"gold_loss":32.0,"damage_taken":0.0},{"damage_healed":0,"gold_gain":0,"player_choice":"Entered Light","damage_taken":16,"max_hp_gain":0,"max_hp_loss":0,"event_name":"Shining Light","floor":12,"gold_loss":0,"cards_upgraded":["Strike_R","Defend_R"]},{"damage_healed":0,"gold_gain":0,"player_choice":"Grow","damage_taken":0,"max_hp_gain":0,"max_hp_loss":0,"event_name":"Living Wall","floor":13,"gold_loss":0,"cards_upgraded":["Heavy Blade"]},{"cards_removed":["Strike_R"],"damage_healed":0,"gold_gain":0,"player_choice":"Purged","damage_taken":0,"max_hp_gain":0,"max_hp_loss":0,"event_name":"Purifier","floor":19,"gold_loss":0}],"is_beta":false,"boss_relics":[{"not_picked":["Pandora\u0027s Box","Snecko Eye"],"picked":"Empty Cage"}],"items_purged_floors":[21],"is_endless":false,"potions_floor_spawned":[7,10,14,20],"killed_by":"Centurion and Healer","ascension_level":11}}