{"host":"i0xrm7p89v8es8ob","time":1610631036,"event":{"mods":["ATMod(阿瑾Mod)","BaseMod","Decade(王小明)","Hermit","Minty Spire (QoL Compilation)","Quick Restart","Relic Stats","Replay The Spire","Robot Space Explorer","Spicy Shops","StSLib","vexMod","【遗物卡牌】REMEMod"],"gold_per_floor":[112,287,287,362,438,473,21,21,21,46,63,63,81,113,173,270,270,287,287,287],"floor_reached":19,"language":"ZHS","playtime":1047,"items_purged":[],"score":297,"play_id":"2e08c4ad-c661-4629-aebf-e5e0e86ed7fb","local_time":"20210114213036","is_ascension_mode":true,"campfire_choices":[{"data":"AT_FamilyPortrait","floor":8.0,"key":"SMITH"}],"circlet_count":1,"master_deck":["Strike_G","Strike_G","Strike_G","Strike_G","Strike_G","Defend_G","Defend_G","Defend_G","Defend_G","Survivor","Neutralize","Demon Form","AT_FamilyPortrait+1","Doubt","AT_ShadowStep","Dodge and Roll","AT_ArcaneSupremacy","Backflip","Flying Knee","AT_EssenceShift","CurseOfTheBell","CommonCold","Delirium"],"relics":["Ring of the Snake","REME_ComplimentaryCards","AT_ATBox","NeowsBlessing","Eternal Feather","AT_RedTearstoneRing","PreservedInsect","Circlet","Centennial Puzzle","Bottled Lightning","Smiling Mask","Replay:Ancient Bell","Pet Ghost","Replay:Bottled Steam","Incense Burner"],"acts_visited":["Exordium","TheCity"],"potions_floor_usage":[],"damage_taken":[{"damage":0.0,"enemies":"Cultist","floor":1.0,"turns":1.0},{"damage":0.0,"enemies":"3 Sentries","floor":6.0,"turns":1.0},{"damage":0.0,"enemies":"Lagavulin","floor":10.0,"turns":1.0},{"damage":0.0,"enemies":"2 Louse","floor":11.0,"turns":1.0},{"damage":7.0,"enemies":"Small Slimes","floor":13.0,"turns":4.0},{"damage":0.0,"enemies":"3 Sentries","floor":14.0,"turns":2.0},{"damage":21.0,"enemies":"Slime Boss","floor":16.0,"turns":6.0},{"damage":24.0,"enemies":"Shell Parasite","floor":18.0,"turns":11.0},{"damage":16,"enemies":"3 Byrds","floor":19,"turns":4}],"seed_played":"1075538467814090998","potions_obtained":[{"floor":1.0,"key":"GhostInAJar"},{"floor":10.0,"key":"Energy Potion"},{"floor":11.0,"key":"ColorlessPotion"}],"is_trial":false,"path_per_floor":["M","?","?","?","T","E","$","R","T","E","M","$","M","E","R","B",null,"M","M"],"character_chosen":"THE_SILENT","items_purchased":["Dead Branch","PreservedInsect"],"campfire_rested":0,"item_purchase_floors":[7,7],"current_hp_per_floor":[70,70,70,59,59,59,59,68,68,68,68,68,61,61,70,54,70,51,35,35],"gold":287,"neow_bonus":"THREE_ENEMY_KILL","is_daily":false,"chose_seed":false,"campfire_upgraded":1,"win_rate":0.0,"timestamp":1610631036,"path_taken":["M","?","?","?","?","E","?","R","T","E","M","$","M","E","R","BOSS","M","M"],"items_purchased_type":["Relic","Relic"],"build_version":"2020-12-22","purchased_purges":0,"victory":false,"max_hp_per_floor":[70,70,70,70,70,70,70,70,70,70,70,70,70,70,70,70,70,70,70,70],"relic_stats":{"Centennial Puzzle":[12],"counters":[9,31],"Eternal Feather":18,"PreservedInsect":31,"Smiling Mask":0,"obtain_stats":[{"AT_RedTearstoneRing":6,"AT_ATBox":0,"NeowsBlessing":0,"Dead Branch":7,"Circlet":0,"Eternal Feather":5,"PreservedInsect":7,"Replay:Ancient Bell":17,"Incense Burner":17,"Smiling Mask":14,"Pet Ghost":17,"BranchBurnRelic":8,"Centennial Puzzle":9,"Bottled Lightning":10,"Ring of the Snake":0,"REME_ComplimentaryCards":0,"Replay:Bottled Steam":17},{"AT_RedTearstoneRing":2,"AT_ATBox":0,"NeowsBlessing":0,"Dead Branch":2,"Circlet":0,"Eternal Feather":1,"PreservedInsect":2,"Replay:Ancient Bell":7,"Incense Burner":7,"Smiling Mask":6,"Pet Ghost":7,"BranchBurnRelic":2,"Centennial Puzzle":2,"Bottled Lightning":3,"Ring of the Snake":0,"REME_ComplimentaryCards":0,"Replay:Bottled Steam":7},{"AT_RedTearstoneRing":2,"AT_ATBox":0,"NeowsBlessing":0,"Dead Branch":2,"Circlet":0,"Eternal Feather":1,"PreservedInsect":2,"Replay:Ancient Bell":16,"Incense Burner":16,"Smiling Mask":10,"Pet Ghost":16,"BranchBurnRelic":2,"Centennial Puzzle":2,"Bottled Lightning":3,"Ring of the Snake":0,"REME_ComplimentaryCards":0,"Replay:Bottled Steam":16}],"Ring of the Snake":[18]},"card_choices":[{"not_picked":["Eviscerate","Reflex","ReplayTheSpireMod:The Works"],"picked":"SKIP","floor":1.0},{"not_picked":["Poisoned Stab","AT_TwilightShroud"],"picked":"AT_ShadowStep","floor":6.0},{"not_picked":["Poisoned Stab","Bane"],"picked":"Dodge and Roll","floor":10.0},{"not_picked":["Dash","Cloak And Dagger"],"picked":"AT_ArcaneSupremacy","floor":11.0},{"not_picked":["REME_ShadowStrike","Draining Mist"],"picked":"Backflip","floor":13.0},{"not_picked":["Envenom","Crippling Poison"],"picked":"Flying Knee","floor":14.0},{"not_picked":["Envenom","After Image"],"picked":"AT_EssenceShift","floor":16.0},{"not_picked":["Normality","Sickly"],"picked":"CurseOfTheBell","floor":17.0},{"not_picked":["Replay:Hysterical Blindness","Regret"],"picked":"CommonCold","floor":17.0},{"not_picked":["Languid","Amnesia"],"picked":"Delirium","floor":17.0},{"not_picked":["Toxin Wave","PiercingWail+1","Cloak And Dagger"],"picked":"SKIP","floor":18.0}],"player_experience":62213,"relics_obtained":[{"floor":5.0,"key":"Eternal Feather"},{"floor":6.0,"key":"AT_RedTearstoneRing"},{"floor":9.0,"key":"Centennial Puzzle"},{"floor":10.0,"key":"Bottled Lightning"},{"floor":14.0,"key":"Smiling Mask"}],"event_choices":[{"damage_healed":0.0,"max_hp_gain":0.0,"max_hp_loss":0.0,"gold_gain":175.0,"event_name":"Liars Game","player_choice":"AGREE","floor":2.0,"gold_loss":0.0,"damage_taken":0.0,"cards_obtained":["Doubt"]},{"damage_healed":0.0,"max_hp_gain":0.0,"max_hp_loss":0.0,"gold_gain":75.0,"event_name":"World of Goop","player_choice":"Gather Gold","floor":4.0,"gold_loss":0.0,"damage_taken":11.0}],"is_beta":false,"boss_relics":[{"not_picked":["Cursed Key","vexMod:BigBerry"],"picked":"Replay:Ancient Bell"},{"not_picked":["AT_BellDemon","vexMod:BarristanHead"],"picked":"Pet Ghost"},{"not_picked":["AT_GuinsooRageblade","Question Card"],"picked":"Replay:Bottled Steam"},{"not_picked":["vexMod:RedPlottingStone","Girya"],"picked":"Incense Burner"}],"items_purged_floors":[],"is_endless":false,"potions_floor_spawned":[1,10,11,13],"killed_by":"3 Byrds","ascension_level":3}}