{"host":"avjwtc49fhlk6kym","time":1610659071,"event":{"mods":["AchievementEnabler","BaseMod","Better Match","Better Note","Better Third Choice","Colored Map","Colored Powertips","Displayed Cursed Tome","Highlight Path","Minty Spire (QoL Compilation)","Permanent Neow","Quick Restart","StSLib"],"gold_per_floor":[109,29,42,57,19,19,50,62,62,62,80,80,108,120,120,221,221,240,77,97,108,119,119,119,119,119,119,136,136,154,170,170,271,271,285,299,349,20,20,20],"floor_reached":39,"language":"ENG","playtime":2002,"items_purged":["Decay","Decay"],"score":420,"play_id":"6b7c6537-a97a-47e9-885b-12934d227557","local_time":"20210114161751","is_ascension_mode":false,"campfire_choices":[{"data":"BattleHymn","floor":6.0,"key":"SMITH"},{"data":"Wish","floor":10.0,"key":"SMITH"},{"data":"Eruption","floor":15.0,"key":"SMITH"},{"floor":23.0,"key":"REST"},{"floor":25.0,"key":"REST"},{"data":"WheelKick","floor":29.0,"key":"SMITH"},{"floor":32.0,"key":"REST"}],"circlet_count":0,"master_deck":["Eruption+1","Vigilance","ThirdEye","WheelKick+1","BowlingBash","FlyingSleeves","PathToVictory","BattleHymn+1","Wish+1","Protect","Wallop+1","Wireheading","ReachHeaven","Judgement","Protect","Nirvana","ClearTheMind","ThirdEye","ForeignInfluence","SandsOfTime","SashWhip+1","CrushJoints","MasterReality","Wallop","ConjureBlade","Meditate","Pray","LessonLearned+1","Adaptation","Evaluate","SignatureMove","Wallop","Prostrate+1","Nirvana"],"relics":["Cursed Key","Boot","Matryoshka","Black Star","Shuriken","Juzu Bracelet","Pandora\u0027s Box","Bird Faced Urn","Orichalcum"],"acts_visited":["Exordium","TheCity","TheBeyond"],"potions_floor_usage":[39],"damage_taken":[{"damage":0.0,"enemies":"Cultist","floor":1.0,"turns":6.0},{"damage":0.0,"enemies":"Small Slimes","floor":3.0,"turns":2.0},{"damage":0.0,"enemies":"Jaw Worm","floor":4.0,"turns":2.0},{"damage":0.0,"enemies":"Gremlin Nob","floor":7.0,"turns":2.0},{"damage":12.0,"enemies":"Blue Slaver","floor":8.0,"turns":2.0},{"damage":0.0,"enemies":"2 Fungi Beasts","floor":11.0,"turns":2.0},{"damage":3.0,"enemies":"3 Sentries","floor":13.0,"turns":5.0},{"damage":0.0,"enemies":"Looter","floor":14.0,"turns":2.0},{"damage":5.0,"enemies":"The Guardian","floor":16.0,"turns":9.0},{"damage":17.0,"enemies":"3 Byrds","floor":18.0,"turns":3.0},{"damage":20.0,"enemies":"2 Thieves","floor":20.0,"turns":3.0},{"damage":16.0,"enemies":"Snake Plant","floor":21.0,"turns":6.0},{"damage":12.0,"enemies":"Cultist and Chosen","floor":22.0,"turns":7.0},{"damage":12.0,"enemies":"Snecko","floor":28.0,"turns":5.0},{"damage":2.0,"enemies":"Centurion and Healer","floor":30.0,"turns":3.0},{"damage":16.0,"enemies":"Snake Plant","floor":31.0,"turns":3.0},{"damage":16.0,"enemies":"Champ","floor":33.0,"turns":6.0},{"damage":11.0,"enemies":"3 Shapes","floor":35.0,"turns":4.0},{"damage":36,"enemies":"3 Darklings","floor":36,"turns":6},{"damage":27,"enemies":"Mind Bloom Boss Battle","floor":37,"turns":11},{"damage":23,"enemies":"2 Orb Walkers","floor":39,"turns":2}],"seed_played":"4473364249118103010","potions_obtained":[{"floor":3.0,"key":"StancePotion"},{"floor":4.0,"key":"Explosive Potion"},{"floor":7.0,"key":"AttackPotion"},{"floor":11.0,"key":"SteroidPotion"},{"floor":16.0,"key":"BottledMiracle"},{"floor":20.0,"key":"SkillPotion"},{"floor":21.0,"key":"FairyPotion"},{"floor":22.0,"key":"CultistPotion"},{"floor":24.0,"key":"Ambrosia"},{"floor":30.0,"key":"Swift Potion"},{"floor":37,"key":"Swift Potion"}],"is_trial":false,"path_per_floor":["M","$","M","M","$","R","E","M","T","R","M","?","E","M","R","B",null,"M","$","M","M","M","R","?","R","T","?","M","R","M","M","R","B",null,"M","M","?","$","?"],"character_chosen":"WATCHER","items_purchased":["WheelKick","BowlingBash","BattleHymn","Nirvana","ClearTheMind","Orichalcum","Nirvana"],"campfire_rested":3,"item_purchase_floors":[2,2,5,19,19,38,38],"current_hp_per_floor":[72,72,72,72,72,72,72,60,60,60,60,60,57,57,57,52,72,55,55,35,19,7,28,28,49,49,72,60,60,58,42,63,47,72,61,25,21,21,0,0],"gold":20,"neow_bonus":"BOSS_RELIC","is_daily":false,"chose_seed":false,"campfire_upgraded":4,"win_rate":0.0,"timestamp":1610659071,"path_taken":["M","?","M","?","$","R","E","M","T","R","M","?","E","M","R","BOSS","M","$","M","M","?","R","?","R","T","?","M","R","M","M","R","BOSS","M","M","?","$","?"],"items_purchased_type":["Card","Card","Card","Card","Card","Relic","Card"],"build_version":"2020-12-22","purchased_purges":2,"victory":false,"max_hp_per_floor":[72,72,72,72,72,72,72,72,72,72,72,72,72,72,72,72,72,72,72,72,72,72,72,72,72,72,72,72,72,72,72,72,72,72,72,72,72,72,72,72],"card_choices":[{"not_picked":["Prostrate","WaveOfTheHand"],"picked":"ThirdEye","floor":1.0},{"not_picked":["Meditate","CutThroughFate"],"picked":"FlyingSleeves","floor":3.0},{"not_picked":["Tantrum","Fasting2"],"picked":"PathToVictory","floor":4.0},{"not_picked":["BowlingBash","CarveReality"],"picked":"Wish","floor":7.0},{"not_picked":["CarveReality","JustLucky"],"picked":"Protect","floor":8.0},{"not_picked":["Conclude","Crescendo"],"picked":"Wallop","floor":11.0},{"not_picked":["FlyingSleeves","FlurryOfBlows"],"picked":"Wireheading","floor":13.0},{"not_picked":["Consecrate","DeceiveReality"],"picked":"ReachHeaven","floor":14.0},{"not_picked":["Brilliance","SpiritShield"],"picked":"Judgement","floor":16.0},{"not_picked":["Halt+1","SashWhip"],"picked":"Protect","floor":18.0},{"not_picked":["FlurryOfBlows+1","EmptyBody"],"picked":"Study","floor":20.0},{"not_picked":["Wireheading","CutThroughFate"],"picked":"ThirdEye","floor":21.0},{"not_picked":["Study+1","WaveOfTheHand+1"],"picked":"ForeignInfluence","floor":22.0},{"not_picked":["Tantrum+1","SashWhip+1"],"picked":"SandsOfTime","floor":28.0},{"not_picked":["ClearTheMind","JustLucky"],"picked":"SashWhip+1","floor":30.0},{"not_picked":["EmptyBody","Meditate"],"picked":"CrushJoints","floor":31.0},{"not_picked":["Scrawl","Omniscience"],"picked":"MasterReality","floor":33.0},{"not_picked":["FlurryOfBlows+1","CrushJoints","EmptyMind"],"picked":"SKIP","floor":35.0},{"not_picked":["FollowUp+1","Protect"],"picked":"Wallop","floor":36},{"not_picked":["FlurryOfBlows+1","BowlingBash"],"picked":"Prostrate+1","floor":37}],"player_experience":384169,"relics_obtained":[{"floor":7.0,"key":"Boot"},{"floor":13.0,"key":"Matryoshka"},{"floor":26.0,"key":"Shuriken"},{"floor":26.0,"key":"Juzu Bracelet"},{"floor":37,"key":"Bird Faced Urn"}],"event_choices":[{"damage_healed":0.0,"max_hp_gain":0.0,"max_hp_loss":0.0,"gold_gain":0.0,"event_name":"Accursed Blacksmith","player_choice":"Forge","floor":12.0,"gold_loss":0.0,"damage_taken":0.0,"cards_upgraded":["Wallop"]},{"damage_healed":0.0,"max_hp_gain":0.0,"max_hp_loss":0.0,"gold_gain":0.0,"event_name":"Lab","player_choice":"Got Potions","floor":24.0,"gold_loss":0.0,"damage_taken":0.0},{"cards_removed":["Study"],"damage_healed":23.0,"max_hp_gain":0.0,"max_hp_loss":0.0,"gold_gain":0.0,"event_name":"Bonfire Elementals","player_choice":"Offered Uncommon","floor":27.0,"gold_loss":0.0,"damage_taken":0.0},{"damage_healed":0,"gold_gain":0,"player_choice":"Fight","damage_taken":0,"max_hp_gain":0,"max_hp_loss":0,"event_name":"MindBloom","floor":37,"gold_loss":0},{"damage_healed":0,"gold_gain":0,"player_choice":"Fight","damage_taken":0,"max_hp_gain":0,"max_hp_loss":0,"event_name":"Mysterious Sphere","floor":39,"gold_loss":0}],"is_beta":false,"boss_relics":[{"not_picked":["Empty Cage","SacredBark"],"picked":"Black Star"},{"not_picked":["VioletLotus","Busted Crown"],"picked":"Pandora\u0027s Box"}],"items_purged_floors":[19,38],"is_endless":false,"potions_floor_spawned":[3,4,7,11,16,20,21,22,30,37],"killed_by":"2 Orb Walkers","ascension_level":0}}