{"host":"czyrp3agadxx2eka","time":1610645650,"event":{"mods":["Bard","BaseMod","Beaked The Cultist","BetterRewards","Colored Map","Downfall","Hermit","Hubris","Infinite Spire","Marisa????????","Minty Spire (QoL Compilation)","Replay The Spire","Shop Mod","StSLib","The Construct","The Cursed","The Elementalist","The Runesmith","TheBandit"],"gold_per_floor":[110,126,201,201,201,201,89,89,89,123,133,143,143,160,160,257,257,277,288,288,299,209,209,243,158,212,224,224],"floor_reached":27,"language":"ENG","playtime":1886,"items_purged":["elementalist:Defend_Elemblue","elementalist:Defend_Elemblue","Good Instincts","elementalist:Pressurize"],"score":256,"play_id":"4a8755c7-6bf3-4438-8dff-eb9e59cc3088","local_time":"20210114153410","is_ascension_mode":false,"campfire_choices":[{"data":"elementalist:Ignition","floor":6.0,"key":"SMITH"},{"data":"elementalist:Sidereal_Form","floor":8.0,"key":"SMITH"},{"floor":13.0,"key":"REST"},{"floor":15.0,"key":"REST"},{"data":"elementalist:Flame","floor":23.0,"key":"SMITH"}],"circlet_count":0,"master_deck":["elementalist:Fire_Emblem","elementalist:Air_Emblem","elementalist:Air_Emblem","elementalist:Strike+Elemblue","elementalist:Defend_Elemblue+1","elementalist:Defend_Elemblue+1","elementalist:Defend_Elemblue","elementalist:Firestrike","elementalist:Earthstrike+1","elementalist:Waterstrike","elementalist:Airstrike+1","elementalist:Crystal_Chalk","elementalist:Flame","elementalist:Ignition+1","elementalist:Sidereal_Form+1","elementalist:Mage_Hand","elementalist:Spark","elementalist:Flame+1","elementalist:Flame","elementalist:Accelerant","elementalist:Vaccuum+1","elementalist:Reckless_Dance","elementalist:Flame","elementalist:Solar_Form","elementalist:Cauterize"],"relics":["elementalistmod:MagusStaff","elementalistmod:GreenCirclet","Membership Card","hubris:Towel","MerchantsRug","Question Card","Happy Flower","Black Star","Regal Pillow","War Paint","Strawberry","MawBank"],"acts_visited":["Exordium","TheCity"],"potions_floor_usage":[24,27],"damage_taken":[{"damage":2.0,"enemies":"Jaw Worm","floor":1.0,"turns":3.0},{"damage":0.0,"enemies":"2 Louse","floor":2.0,"turns":2.0},{"damage":32.0,"enemies":"Lagavulin","floor":10.0,"turns":6.0},{"damage":5.0,"enemies":"Small Slimes","floor":11.0,"turns":3.0},{"damage":0.0,"enemies":"3 Louse","floor":12.0,"turns":3.0},{"damage":0.0,"enemies":"2 Fungi Beasts","floor":14.0,"turns":3.0},{"damage":38.0,"enemies":"The Guardian","floor":16.0,"turns":7.0},{"damage":16.0,"enemies":"Shell Parasite","floor":18.0,"turns":6.0},{"damage":14.0,"enemies":"3 Byrds","floor":19.0,"turns":5.0},{"damage":0.0,"enemies":"Centurion and Healer","floor":21.0,"turns":1.0},{"damage":35,"enemies":"Replay:Snechameleon","floor":24,"turns":5},{"damage":22,"enemies":"Snecko","floor":27,"turns":4}],"seed_played":"4288450878923707761","potions_obtained":[{"floor":2.0,"key":"Fire Potion"},{"floor":10.0,"key":"Energy Potion"},{"floor":11.0,"key":"Block Potion"},{"floor":14.0,"key":"Explosive Potion"},{"floor":19.0,"key":"AttackPotion"},{"floor":24,"key":"Swift Potion"}],"is_trial":false,"path_per_floor":["M","M","?","?","?","R","$","R","T","E","M","M","R","M","R","B",null,"M","M","AVR","M","$","R","E","?","T","M"],"character_chosen":"THE_ELEMENTALIST","items_purchased":["Membership Card","elementalist:Flame","elementalist:Ignition","MerchantsRug","elementalist:Sidereal_Form","elementalist:Mage_Hand","elementalist:Flame","elementalist:Solar_Form"],"campfire_rested":2,"item_purchase_floors":[0,0,0,7,7,7,22,22],"current_hp_per_floor":[54,54,43,43,43,43,43,43,43,11,6,6,27,27,48,10,70,54,40,40,40,40,40,5,12,12,0,0],"gold":224,"neow_bonus":"","is_daily":false,"chose_seed":false,"campfire_upgraded":3,"win_rate":0.0,"timestamp":1610645650,"path_taken":["M","M","?","?","?","R","$","R","T","E","M","M","R","M","R","BOSS","M","M","AVR","M","$","R","E","?","T","M"],"items_purchased_type":["Relic","Card","Card","Relic","Card","Card","Card","Card"],"build_version":"2020-12-22","purchased_purges":4,"victory":false,"max_hp_per_floor":[70,70,70,70,70,70,70,70,70,70,70,70,70,70,70,70,70,70,70,70,70,70,70,70,77,77,77,77],"card_choices":[{"not_picked":["elementalist:Spark","elementalist:Undertow"],"picked":"elementalist:Pressurize","floor":1.0},{"not_picked":["elementalist:Momentum","elementalist:Mist","elementalist:Emberveil"],"picked":"SKIP","floor":2.0},{"not_picked":["elementalist:Pressurize","elementalist:Confluence","elementalist:Prepared_Sand"],"picked":"elementalist:Spark","floor":10.0},{"not_picked":["elementalist:Ignition","elementalist:Spark","elementalist:Stone_to_Mud"],"picked":"elementalist:Flame","floor":11.0},{"not_picked":["elementalist:Pressurize","elementalist:Cyclone","elementalist:Breeze"],"picked":"elementalist:Flame","floor":12.0},{"not_picked":["elementalist:Pressurize","elementalist:Lunar_Form","elementalist:Spark","elementalist:Cyclone"],"picked":"SKIP","floor":14.0},{"not_picked":["elementalist:Inferno","elementalist:Reckless_Dance","elementalist:Mirror_Circlet"],"picked":"elementalist:Accelerant","floor":16.0},{"not_picked":["elementalist:Mist+1","elementalist:Solar_Form","elementalist:Cauterize"],"picked":"elementalist:Vaccuum+1","floor":18.0},{"not_picked":["elementalist:Vaccuum+1","elementalist:Spark+1","elementalist:Breeze","elementalist:Prepared_Sand"],"picked":"SKIP","floor":19.0},{"not_picked":["elementalist:Aero","elementalist:Monument","elementalist:Spark+1"],"picked":"elementalist:Reckless_Dance","floor":21.0},{"not_picked":["elementalist:Spark+1","elementalist:Heavensfall","elementalist:Caution+1"],"picked":"elementalist:Cauterize","floor":24}],"player_experience":49509,"relics_obtained":[{"floor":9.0,"key":"Question Card"},{"floor":10.0,"key":"Happy Flower"},{"floor":24,"key":"Regal Pillow"},{"floor":24,"key":"War Paint"},{"floor":26,"key":"MawBank"}],"event_choices":[{"damage_healed":0.0,"max_hp_gain":0.0,"max_hp_loss":0.0,"gold_gain":75.0,"event_name":"World of Goop","player_choice":"Gather Gold","floor":3.0,"gold_loss":0.0,"damage_taken":11.0},{"damage_healed":0,"gold_gain":0,"player_choice":"Obtained Relic","damage_taken":0,"relics_obtained":["Strawberry"],"max_hp_gain":0,"max_hp_loss":0,"event_name":"Addict","floor":25,"gold_loss":85}],"is_beta":false,"boss_relics":[{"not_picked":["Empty Cage","Abe\u0027s Treasure"],"picked":"Black Star"}],"items_purged_floors":[0,7,20,22],"is_endless":false,"potions_floor_spawned":[2,10,11,14,19,24],"killed_by":"Snecko","ascension_level":0}}