{"host":"ct28ocsd8g8yr2ah","time":1610648837,"event":{"mods":["BaseMod","Better Third Choice","Hermit","KinomotoSakuraMod(????)","Koishi","Marisa????????","Minty Spire (QoL Compilation)","Reimu??????","Remilia??????","StSLib","The Animator","The Gatherer","The Servant 0.9.4","Waifu the Spire"],"gold_per_floor":[109,109,9,22,22,50,50,63,89,89,103,103,103,128,128,247,247,260,281,45,45,45],"floor_reached":21,"language":"RUS","playtime":1394,"items_purged":["Strike_Lin:ReiMu"],"score":204,"play_id":"3fc10347-77bd-4f1a-98cf-7c8d4a7d020a","local_time":"20210114232717","is_ascension_mode":false,"campfire_choices":[{"data":"Revelation:ReiMu","floor":7,"key":"SMITH"},{"floor":13,"key":"REST"},{"floor":15,"key":"REST"}],"circlet_count":0,"master_deck":["Defend_Lin:ReiMu","Defend_Lin:ReiMu","Defend_Lin:ReiMu","Defend_Lin:ReiMu","NB:ReiMu","Meditation:ReiMu","Feel No Pain","OrbThrow:ReiMu","SafetyPray:ReiMu","Revelation:ReiMu+1","SpiritualOutbreak2:ReiMu","CareerPray:ReiMu","CardOfSanctity:ReiMu","CareerPray:ReiMu","CleanRite:ReiMu","CardOfSanctity:ReiMu+1","PhosphorusFlame:ReiMu+1","WonderfulDomain:ReiMu+1","Intuition:ReiMu+1","ManaGlint:ReiMu","TightArray:ReiMu"],"relics":["FlyPower:ReiMu","NeowsBlessing","Potion Belt","Ornamental Fan","Tiny Chest","Golden Idol","Astrolabe","Omamori"],"acts_visited":["Exordium","TheCity"],"potions_floor_usage":[8,14,16,21],"damage_taken":[{"damage":0,"enemies":"Small Slimes","floor":1,"turns":2},{"damage":0,"enemies":"2 Louse","floor":4,"turns":2},{"damage":0,"enemies":"Lagavulin","floor":6,"turns":2},{"damage":4,"enemies":"Cultist","floor":8,"turns":5},{"damage":6,"enemies":"Blue Slaver","floor":11,"turns":7},{"damage":28,"enemies":"Exordium Thugs","floor":14,"turns":6},{"damage":34,"enemies":"Slime Boss","floor":16,"turns":13},{"damage":38,"enemies":"3 Byrds","floor":18,"turns":13},{"damage":13,"enemies":"Chosen","floor":19,"turns":8},{"damage":11,"enemies":"Shelled Parasite and Fungi","floor":21,"turns":4}],"seed_played":"8190601681099414652","potions_obtained":[{"floor":1,"key":"BlessingOfTheForge"},{"floor":8,"key":"Strength Potion"},{"floor":11,"key":"PowerPotion"},{"floor":18,"key":"PinkPotion:ReiMu"}],"is_trial":false,"path_per_floor":["M","?","$","M","$","E","R","M","T","?","M","?","R","M","R","B",null,"M","M","$","M"],"character_chosen":"REIMU","items_purchased":["OrbThrow:ReiMu","ManaGlint:ReiMu","Omamori","TightArray:ReiMu"],"campfire_rested":2,"item_purchase_floors":[3,20,20,20],"current_hp_per_floor":[65,39,39,39,39,39,39,35,35,35,29,29,47,19,37,3,60,22,9,9,0,0],"gold":45,"neow_bonus":"THREE_ENEMY_KILL","is_daily":false,"chose_seed":false,"campfire_upgraded":1,"win_rate":0.0,"timestamp":1610648837,"path_taken":["M","?","$","M","$","E","R","M","T","?","M","?","R","M","R","BOSS","M","M","$","M"],"items_purchased_type":["Card","Card","Relic","Card"],"build_version":"2020-12-22","purchased_purges":1,"victory":false,"max_hp_per_floor":[65,65,65,65,65,65,65,65,65,60,60,60,60,60,60,60,60,60,60,60,60,60],"card_choices":[{"not_picked":["Mountainwind:ReiMu","SpringWay:ReiMu"],"picked":"Meditation:ReiMu","floor":1},{"not_picked":["EmergencyTakeOff:ReiMu","PayForSelf:ReiMu"],"picked":"SafetyPray:ReiMu","floor":4},{"not_picked":["SpringWay:ReiMu","OrbThrow:ReiMu"],"picked":"Revelation:ReiMu","floor":6},{"not_picked":["SpringWay:ReiMu","SpreadBorder2:ReiMu"],"picked":"SpiritualOutbreak2:ReiMu","floor":8},{"not_picked":["Mountainwind:ReiMu","KamiSacrifice:ReiMu"],"picked":"CareerPray:ReiMu","floor":11},{"not_picked":["ShadowOfCrow2:ReiMu","EmergencyTakeOff:ReiMu"],"picked":"CareerPray:ReiMu","floor":14},{"not_picked":["CeremonyResonance:ReiMu","PrayRite:ReiMu"],"picked":"CleanRite:ReiMu","floor":16},{"not_picked":["SubAcupoint:ReiMu","SpringWay:ReiMu","CareerPray:ReiMu"],"picked":"SKIP","floor":18},{"not_picked":["SubAcupoint:ReiMu","SpringWay:ReiMu","CareerPray:ReiMu"],"picked":"SKIP","floor":18},{"not_picked":["RainPray2:ReiMu","TightArray:ReiMu"],"picked":"Intuition:ReiMu+1","floor":19}],"player_experience":532079,"relics_obtained":[{"floor":6,"key":"Ornamental Fan"},{"floor":9,"key":"Tiny Chest"}],"event_choices":[{"damage_healed":0,"gold_gain":0,"player_choice":"Lose Max HP","damage_taken":0,"relics_obtained":["Golden Idol"],"max_hp_gain":0,"max_hp_loss":5,"event_name":"Golden Idol","floor":10,"gold_loss":0},{"damage_healed":0,"gold_gain":0,"cards_transformed":["Strike_Lin:ReiMu"],"player_choice":"Transformed","damage_taken":0,"max_hp_gain":0,"max_hp_loss":0,"event_name":"Transmorgrifier","floor":12,"gold_loss":0,"cards_obtained":["CardOfSanctity:ReiMu"]}],"is_beta":false,"boss_relics":[{"not_picked":["Philosopher\u0027s Stone","Tiny House"],"picked":"Astrolabe"}],"items_purged_floors":[3],"is_endless":false,"potions_floor_spawned":[1,8,11,18],"killed_by":"Shelled Parasite and Fungi","ascension_level":0}}