{"host":"k85tjwrh7mjrrc9a","time":1610665466,"event":{"mods":["AchievementEnabler","BaseMod","Colored Powertips","Highlight Path","Minty Spire (QoL Compilation)","Rare Cards Sparkle","StSLib"],"gold_per_floor":[111,123,123,133,145,145,179,196,196,196,196,206,225,235,235,334,334,346,445,457,457,123,123,123,123],"floor_reached":24,"language":"ENG","playtime":1193,"items_purged":[],"score":300,"play_id":"140443f6-60a4-41d6-840d-5a11ce769c57","local_time":"20210114180426","is_ascension_mode":true,"campfire_choices":[{"floor":6,"key":"REST"},{"floor":10,"key":"REST"},{"floor":15,"key":"REST"},{"floor":23,"key":"REST"}],"circlet_count":0,"master_deck":["AscendersBane","Strike_R","Strike_R","Strike_R","Strike_R","Defend_R","Defend_R","Defend_R","Bash","Disarm","Armaments","Cleave","Heavy Blade","Wild Strike","Heavy Blade","Inflame","Limit Break","Evolve"],"relics":["Empty Cage","Du-Vu Doll","Girya","WarpedTongs","Velvet Choker","Meat on the Bone"],"acts_visited":["Exordium","TheCity"],"potions_floor_usage":[5,8,8,18,24],"damage_taken":[{"damage":11,"enemies":"Cultist","floor":1,"turns":4},{"damage":0,"enemies":"Small Slimes","floor":2,"turns":5},{"damage":7,"enemies":"Jaw Worm","floor":4,"turns":4},{"damage":27,"enemies":"Large Slime","floor":5,"turns":8},{"damage":48,"enemies":"Gremlin Nob","floor":7,"turns":5},{"damage":0,"enemies":"Lots of Slimes","floor":8,"turns":2},{"damage":3,"enemies":"Gremlin Gang","floor":12,"turns":3},{"damage":6,"enemies":"Looter","floor":13,"turns":2},{"damage":8,"enemies":"Exordium Wildlife","floor":14,"turns":3},{"damage":27,"enemies":"Hexaghost","floor":16,"turns":11},{"damage":25,"enemies":"Shell Parasite","floor":18,"turns":4},{"damage":24,"enemies":"Spheric Guardian","floor":20,"turns":5},{"damage":46,"enemies":"Gremlin Leader","floor":24,"turns":4}],"seed_played":"4924355754453803652","potions_obtained":[{"floor":1,"key":"Swift Potion"},{"floor":4,"key":"Weak Potion"},{"floor":5,"key":"Block Potion"},{"floor":16,"key":"PowerPotion"},{"floor":20,"key":"Dexterity Potion"}],"is_trial":false,"path_per_floor":["M","M","$","M","M","R","E","M","T","R","?","M","M","M","R","B",null,"M","?","M","?","$","R","E"],"character_chosen":"IRONCLAD","items_purchased":["Meat on the Bone","Evolve"],"campfire_rested":4,"item_purchase_floors":[22,22],"current_hp_per_floor":[61,61,61,54,27,51,3,3,3,27,27,24,18,10,34,7,62,37,37,13,13,13,37,0,0],"gold":123,"neow_bonus":"BOSS_RELIC","is_daily":false,"chose_seed":false,"campfire_upgraded":0,"win_rate":0.0,"timestamp":1610665466,"path_taken":["M","M","$","M","?","R","E","M","T","R","?","M","?","M","R","BOSS","M","?","M","?","$","R","E"],"items_purchased_type":["Relic","Card"],"build_version":"2020-12-22","purchased_purges":0,"victory":false,"max_hp_per_floor":[80,80,80,80,80,80,80,80,80,80,80,80,80,80,80,80,80,80,80,80,80,80,80,80,80],"card_choices":[{"not_picked":["Burning Pact","Perfected Strike"],"picked":"Disarm","floor":1},{"not_picked":["Shockwave","Thunderclap"],"picked":"Armaments","floor":2},{"not_picked":["Armaments","Twin Strike"],"picked":"Cleave","floor":4},{"not_picked":["Searing Blow","Spot Weakness"],"picked":"Heavy Blade","floor":5},{"not_picked":["Cleave","Havoc"],"picked":"Wild Strike","floor":7},{"not_picked":["Havoc","Reckless Charge","Perfected Strike"],"picked":"SKIP","floor":8},{"not_picked":["Rampage","Spot Weakness"],"picked":"Heavy Blade","floor":12},{"not_picked":["Double Tap","Twin Strike"],"picked":"Inflame","floor":13},{"not_picked":["Flex","Seeing Red","Feel No Pain"],"picked":"SKIP","floor":14},{"not_picked":["Exhume","Double Tap"],"picked":"Limit Break","floor":16},{"not_picked":["Twin Strike","Anger","Wild Strike"],"picked":"SKIP","floor":18},{"not_picked":["Brutality","Headbutt","Havoc"],"picked":"SKIP","floor":20}],"player_experience":193330,"relics_obtained":[{"floor":7,"key":"Du-Vu Doll"},{"floor":9,"key":"Girya"}],"event_choices":[{"damage_healed":0,"gold_gain":0,"player_choice":"Rummage","damage_taken":0,"relics_obtained":["WarpedTongs"],"max_hp_gain":0,"max_hp_loss":0,"event_name":"Accursed Blacksmith","floor":11,"gold_loss":0,"cards_obtained":["Pain"]},{"damage_healed":0,"gold_gain":99,"player_choice":"Stole From Cult","damage_taken":0,"max_hp_gain":0,"max_hp_loss":0,"event_name":"Nest","floor":19,"gold_loss":0},{"cards_removed":["Pain"],"damage_healed":0,"gold_gain":0,"player_choice":"Purged","damage_taken":0,"max_hp_gain":0,"max_hp_loss":0,"event_name":"Purifier","floor":21,"gold_loss":0}],"is_beta":false,"boss_relics":[{"not_picked":["Runic Dome","Black Star"],"picked":"Velvet Choker"}],"items_purged_floors":[],"is_endless":false,"potions_floor_spawned":[1,4,5,16,20],"killed_by":"Gremlin Leader","ascension_level":10}}