{"host":"gc25k2e755t5hnpi","time":1610632078,"event":{"mods":["Act Like it!","BaseMod","Chen","Colored Powertips","Decade(王小明)","Gensokyo","Koishi","KomeijiMod","Marisa（F雨　魔理沙）","Minty Spire (QoL Compilation)","MostiFishMod","Pale of the Ancients","Reimu（博丽灵梦）","Remilia（蕾米莉亚）","Replay The Spire","RumiaBox-露米娅的神秘盒子","Spicy Shops","StSLib","TestMod","Wandering Minibosses","Yakumo Yukari mod","Youmu（魂魄妖梦）","Yuyuko","noobMod","vexMod","【功能Mod】混沌之环修复补丁","【功能Mod】聪明的最终Boss"],"gold_per_floor":[140,151,197,214,272,272,304,324,324,365,365,129,129,29,29,131,131,459,472,472,472,484,512,512,547,547,547,0,0,10,41,41,143,143,183,183,183,123,141,151,182,182,182,213,71,71,71,82,82,99,116,133,133,157,157,182,182,182,182,182],"floor_reached":61,"language":"ZHS","playtime":4536,"items_purged":[],"score":1989,"play_id":"264e1da3-1c4f-4400-81d0-e38d8079ba46","local_time":"20210114214758","is_ascension_mode":true,"campfire_choices":[{"floor":6.0,"key":"REST"},{"data":"LoveAcrossDimensions_purple","floor":13.0,"key":"SMITH"},{"floor":15.0,"key":"REST"},{"data":"Monsters_DoubleDeathButterfly_purple","floor":24.0,"key":"SMITH"},{"floor":32.0,"key":"RECALL"},{"data":"Fantasy_PerpetualMotionMachine_purple","floor":46,"key":"SMITH"},{"data":"Mirror_FourBoundary_purple","floor":49,"key":"SMITH"},{"data":"CommonSense_AntiCommonSense_purple","floor":55,"key":"SMITH"},{"floor":57,"key":"REST"}],"circlet_count":0,"master_deck":["AT_purpleEX","AT_purpleEX","AT_purpleEX","AT_purpleEX","Defend_purpleEX","Defend_purpleEX","Defend_purpleEX","Defend_purpleEX","Observe_purple_1","Observe_purple_2","DimensionStaggered_purple","Mirror_Drifter_purple+1","CommonSense_AntiCommonSense_purple+1","Erosivefilter_purple","ExternalForce_HighSpeedFlying_purple","CommonSense_AntiCommonSense_purple+1","Boundary_DynamicStaticEquilibrium_purple+1","LoveAcrossDimensions_purple+1","BarrageBoundary_PipeDream_purple","Monsters_DoubleDeathButterfly_purple+1","Fantasy_PerpetualMotionMachine_purple+1","MetroBOOM_purple","MNeedle_purple+1","Boundary_LifeAndDeath_purple+1","WingOfChimera_purple","Boundary_of_Extermination_purpleEX","GluttonyofRealm_purpleEX","Fancifulhole_purple","Gensokyo:MorningMist","Gensokyo:CustomPotion","Mirror_FourBoundary_purple+1","Boundary_DreamRealityDamnation_purple","Charmbait_purple+1","Bait_HighSpeedFlying_purple+1","Fantasy_PerpetualMotionMachine_purple+1","OpenedBox_purple","StateErode_purple+1","DarkRealmRedLine_purple+1","StateDuplicate_purple"],"relics":["Boundary_crack","Memoryfragments_purpleEX","testmod-TestBox","ice","DaveBox","ChiXiaoBlade","testmod-CyclicPeriapt","SynthV:TestCard","testmod-ThousandKnives","Anchor","Incense Burner","Meat on the Bone","testmod-Justice","Replay:Accelerometer","EasyGame_NEW","testmod-IndustrialRevolution","wanderingMiniBosses:ThiefScarf","Nunchaku","testmod-Nyarlathotep","Omamori","PreservedInsect","DaCapo","JellyFishMachine","Dream Catcher","Replay:Ringing Soul","Frozen Eye","paleoftheancients:Timepiece","paleoftheancients:KeyRelic","Gremlin Horn","Simple Rune","Iron Hammer"],"acts_visited":["Gensokyo:Gensokyo","Gensokyo:Gensokyoer","Gensokyo:Gensokyoest","paleoftheancients:PaleOfTheAncients"],"potions_floor_usage":[60,60,60],"damage_taken":[{"damage":2.0,"enemies":"Gensokyo:3_Fairies","floor":1.0,"turns":5.0},{"damage":16.0,"enemies":"Gensokyo:Gryphon","floor":2.0,"turns":5.0},{"damage":101.0,"enemies":"Gensokyo:Aya","floor":3.0,"turns":10.0},{"damage":0.0,"enemies":"Gensokyo:Python","floor":4.0,"turns":3.0},{"damage":7.0,"enemies":"Gensokyo:Mamizou","floor":7.0,"turns":5.0},{"damage":0.0,"enemies":"Gensokyo:VengefulSpirit","floor":8.0,"turns":3.0},{"damage":12.0,"enemies":"Gensokyo:Aya","floor":10.0,"turns":4.0},{"damage":12.0,"enemies":"Gensokyo:Reimu","floor":16.0,"turns":6.0},{"damage":11.0,"enemies":"Gensokyo:AngelMirror","floor":18.0,"turns":6.0},{"damage":0.0,"enemies":"Gensokyo:2_Gloops","floor":19.0,"turns":4.0},{"damage":0.0,"enemies":"Gensokyo:Monolith_and_Dog","floor":22.0,"turns":3.0},{"damage":10.0,"enemies":"Gensokyo:3_Gloops","floor":23.0,"turns":4.0},{"damage":23.0,"enemies":"Gensokyo:Reisen","floor":25.0,"turns":5.0},{"damage":6.0,"enemies":"Gensokyo:Wraith","floor":30.0,"turns":4.0},{"damage":9.0,"enemies":"Gensokyo:Tenshi","floor":31.0,"turns":2.0},{"damage":0.0,"enemies":"Gensokyo:Eternal_Rivals","floor":33.0,"turns":7.0},{"damage":0.0,"enemies":"Gensokyo:3_Boulders","floor":35.0,"turns":4.0},{"damage":0,"enemies":"Gensokyo:3_Bats","floor":39,"turns":3},{"damage":0,"enemies":"Gensokyo:Rafflesia","floor":40,"turns":5},{"damage":0,"enemies":"Gensokyo:Marisa","floor":41,"turns":2},{"damage":0,"enemies":"Gensokyo:Doremy","floor":44,"turns":3},{"damage":0,"enemies":"Gensokyo:3_Boulders","floor":48,"turns":3},{"damage":0,"enemies":"Gensokyo:Yuyuko","floor":50,"turns":4},{"damage":475,"enemies":"Gensokyo:Yuyuko","floor":51,"turns":3},{"damage":8,"enemies":"Gensokyo:Yuyuko","floor":52,"turns":3},{"damage":4206,"enemies":"Gensokyo:Yuyuko","floor":56,"turns":4},{"damage":0,"enemies":"paleoftheancients:N","floor":60,"turns":4}],"seed_played":"-3281603143794583712","potions_obtained":[{"floor":1.0,"key":"ExcitationPotion"},{"floor":5.0,"key":"Weak Potion"},{"floor":5.0,"key":"MagicPotion:ReiMu"},{"floor":16.0,"key":"Fire Potion"},{"floor":18.0,"key":"LifebloodPotion"},{"floor":19.0,"key":"testmod-TestPotion"},{"floor":41,"key":"Dexterity Potion"},{"floor":44,"key":"PowerPotion"}],"is_trial":false,"path_per_floor":["M","M","?","M","?","R","E","M","T","E","?","COS","R","?","R","B",null,"M","M","?","?","M","M","R","E","T","?","?","?","M","E","R","B",null,"M","?","?","?","M","M","E","?","T","E","$","R","?","M","R","B","M","M","?","T","R","M","R","T","?","B",null],"character_chosen":"Youkari","items_purchased":["Frozen Eye","Fantasy_PerpetualMotionMachine_purple"],"campfire_rested":3,"item_purchase_floors":[45,45],"current_hp_per_floor":[70,59,26,31,1,23,19,21,21,26,26,26,26,26,50,50,84,78,83,83,75,75,71,71,53,53,53,53,68,102,98,98,102,108,113,113,113,113,119,119,119,119,119,122,125,125,125,131,131,131,146,178,178,178,178,1865,1868,1868,1868,1978],"gold":182,"neow_bonus":"RANDOM_EVENT","is_daily":false,"chose_seed":false,"campfire_upgraded":5,"win_rate":0.0,"timestamp":1610632078,"path_taken":["M","M","?","M","?","R","E","?","T","E","?","COS","R","?","R","BOSS","M","?","?","?","?","M","R","E","T","?","?","?","M","E","R","BOSS","M","?","?","?","M","?","E","?","T","E","?","R","?","?","R","BOSS","M","M","?","T","R","M","R","T","?","BOSS"],"items_purchased_type":["Relic","Card"],"build_version":"2020-12-22","purchased_purges":0,"victory":true,"max_hp_per_floor":[70,70,73,75,75,75,76,77,77,81,81,81,81,81,81,84,84,89,89,89,89,92,94,94,98,98,98,98,98,102,105,105,108,108,113,113,113,113,119,119,119,119,119,122,125,125,125,131,131,131,172,178,178,178,178,1865,1868,1868,1868,1978],"card_choices":[{"not_picked":["DarkRealmRedLine_purple","SfantasyHide_purple"],"picked":"DimensionStaggered_purple","floor":1.0},{"not_picked":["RealityDreamConfluencek_purple","AdvanceAttack_purple","DimensionStaggered_purple","SharpContractionReality_purple"],"picked":"Mirror_Drifter_purple","floor":2.0},{"not_picked":["RuptureOfTimeAndSpace_purple","Bait_Toxicbait_purple","ContainerChange_purple","Mirror_FormAndEmptin_purple"],"picked":"CommonSense_AntiCommonSense_purple","floor":3.0},{"not_picked":["MeetDecomposer_purple","MonsterNeedle_purple","Realm_recovery_purpleEX","Nest_LightFlightworm_purple"],"picked":"Erosivefilter_purple","floor":4.0},{"not_picked":["Charmbait_purple","Boundary_LightAndDark_purple","DarkRealmRedLine_purple","SharpContractionReality_purple"],"picked":"ExternalForce_HighSpeedFlying_purple","floor":5.0},{"not_picked":["Mirror_WaveAndshot_purple","Boundary_LightAndDark_purple","ExistenceContinue_purple","StretchesForeverDream_purple"],"picked":"CommonSense_AntiCommonSense_purple","floor":7.0},{"not_picked":["Nest_LightFlightworm_purple","SfantasyHide_purple","Line_surface_state_purple","ExistenceContinue_purple"],"picked":"Boundary_DynamicStaticEquilibrium_purple","floor":8.0},{"not_picked":["Computing_the_future_purpleEX","WorldDissolvedintheRealm_purple","SharpContractionReality_purple","PurpleNeedle_purple"],"picked":"LoveAcrossDimensions_purple","floor":10.0},{"not_picked":["LoveAcrossDimensions_purple","Fancifulhole_purple","Price_of_realm_purpleEX","WasteWire_Metro_purple"],"picked":"BarrageBoundary_PipeDream_purple","floor":16.0},{"not_picked":["ProofOfUnderstanding_purple","Boundary_LifeAndDeath_purple","GluttonyofRealm_purpleEX","WangLiang_OokamiKakushi_purple"],"picked":"Monsters_DoubleDeathButterfly_purple","floor":18.0},{"not_picked":["Realm_recovery_purpleEX","Extrememeaning_purpleEX+1","StateDuplicate_purple+1","DimensionStaggered_purple+1"],"picked":"Mirror_FourBoundary_purple+1","floor":18.0},{"not_picked":["Mirror_Drifter_purple+1","StateDuplicate_purple","RuleDissolution_purple","StateErode_purple"],"picked":"Fantasy_PerpetualMotionMachine_purple","floor":19.0},{"not_picked":["Boundary_LightAndDark_purple","ExternalForce_HighSpeedFlying_purple+1","StateErode_purple","CommonSense_AntiCommonSense_purple"],"picked":"MetroBOOM_purple","floor":22.0},{"not_picked":["RealityDreamConfluencek_purple","Umbrella_purple","MonsterNeedle_purple","Boundary_of_Extermination_purpleEX+1"],"picked":"MNeedle_purple+1","floor":23.0},{"not_picked":["Worldmountain_purple+1","Mirror_FourBoundary_purple+1","RuleDissolution_purple","OmniscientAndOmnipotent_Monster_purple+1"],"picked":"Boundary_LifeAndDeath_purple","floor":25.0},{"not_picked":["OmniscientAndOmnipotent_Monster_purple","AdvanceAttack_purple","MetroBOOM_purple","SharpContractionReality_purple+1"],"picked":"WingOfChimera_purple","floor":30.0},{"not_picked":["MNeedle_purple","AdvanceAttack_purple","StateErode_purple","WeekHit_purple+1"],"picked":"Boundary_of_Extermination_purpleEX","floor":31.0},{"not_picked":["Fancifulhole_purple","WangLiang_LineAndCurveDreams_purple","WangLiang_OokamiKakushi_purple","Human_Monster_Realm_purple"],"picked":"GluttonyofRealm_purpleEX","floor":33.0},{"not_picked":["OmniscientAndOmnipotent_Monster_purple+1","DimensionStaggered_purple","ExistenceContinue_purple+1","MetroBOOM_purple"],"picked":"Fancifulhole_purple","floor":35.0},{"not_picked":["Gensokyo:NewMoon","Gensokyo:BrilliantDragonBullet"],"picked":"Gensokyo:MorningMist","floor":36},{"not_picked":["RuleDissolution_purple+1","MeetDecomposer_purple+1","Boundary_LightAndDark_purple+1","WeekHit_purple+1"],"picked":"Mirror_FourBoundary_purple","floor":39},{"not_picked":["SfantasyHide_purple","StateDuplicate_purple","PositiveMatter_Antimatter_Universe_purple","PurpleNeedle_purple"],"picked":"Boundary_DreamRealityDamnation_purple","floor":40},{"not_picked":["Anti_communist_purple+1","MeetDecomposer_purple","OmniscientAndOmnipotent_Monster_purple","Umbrella_purple+1"],"picked":"Charmbait_purple+1","floor":41},{"not_picked":["OmniscientAndOmnipotent_Monster_purple","RuptureOfTimeAndSpace_purple+1","WasteWire_Metro_purple","SharpContractionReality_purple+1"],"picked":"Bait_HighSpeedFlying_purple+1","floor":44},{"not_picked":["Nest_LightFlightworm_purple","MeetDecomposer_purple+1","OmniscientAndOmnipotent_Monster_purple","Umbrella_purple"],"picked":"OpenedBox_purple","floor":48},{"not_picked":["WingOfChimera_purple","StateDuplicate_purple","Nest_LightFlightworm_purple","Charmbait_purple"],"picked":"StateErode_purple+1","floor":51},{"not_picked":["Realm_recovery_purpleEX+1","WorldDissolvedintheRealm_purple","Boundary_of_Extermination_purpleEX","Mirror_FormAndEmptin_purple"],"picked":"DarkRealmRedLine_purple+1","floor":52},{"not_picked":["DimensionStaggered_purple","SharpContractionReality_purple+1","Boundary_LifeAndDeath_purple","SfantasyHide_purple+1"],"picked":"StateDuplicate_purple","floor":57}],"player_experience":740210,"relics_obtained":[{"floor":1.0,"key":"SynthV:TestCard"},{"floor":3.0,"key":"testmod-ThousandKnives"},{"floor":5.0,"key":"Anchor"},{"floor":7.0,"key":"Incense Burner"},{"floor":9.0,"key":"Meat on the Bone"},{"floor":10.0,"key":"testmod-Justice"},{"floor":18.0,"key":"wanderingMiniBosses:ThiefScarf"},{"floor":25.0,"key":"Omamori"},{"floor":26.0,"key":"PreservedInsect"},{"floor":31.0,"key":"DaCapo"},{"floor":41,"key":"Dream Catcher"},{"floor":44,"key":"Replay:Ringing Soul"},{"floor":54,"key":"Simple Rune"},{"floor":58,"key":"Iron Hammer"}],"event_choices":[{"damage_healed":0.0,"max_hp_gain":0.0,"max_hp_loss":0.0,"gold_gain":0.0,"event_name":"恩洛斯的盘子","player_choice":"Ignored","floor":21.0,"gold_loss":0.0,"damage_taken":8.0},{"damage_healed":0,"gold_gain":0,"player_choice":"Ignored","damage_taken":0,"max_hp_gain":0,"max_hp_loss":0,"event_name":"给自己的盒子","floor":53,"gold_loss":0}],"is_beta":false,"boss_relics":[{"not_picked":["testmod-Recursion","vexMod:TanglingVine"],"picked":"EasyGame_NEW"},{"not_picked":["Tiny House","HaiYi:Twilight"],"picked":"JellyFishMachine"}],"items_purged_floors":[],"is_endless":false,"potions_floor_spawned":[1,7,8,16,18,19,30,31,33,35,41,44,56],"ascension_level":4}}