{"host":"sipkxcu2mdc95qyw","time":1610606663,"event":{"mods":["Ascension Reborn","Aspiration","BaseMod","BetterRewards","Conspire","Downfall","Duelist Mod","Hermit","Infinite Spire","Jorbs\u0027s Wanderer Trilogy","Koishi","Marisa（霧雨　魔理沙）","Minty Spire (QoL Compilation)","Rare Cards Sparkle","Remilia（蕾米莉?）","Replay The Spire","StSLib","The Animator","The Cursed","The Disciple","The Hierophant","The Jungle","The Runesmith","The Servant 0.9.4"],"gold_per_floor":[115,131,142,32,51,51,70,89,116,126,126,138,150,175,175,277,277,277,277,277,277,277,277,277,277,277,14,14,14,14,14,14,14,14,14,14,14,14],"floor_reached":37,"language":"ENG","playtime":5113,"items_purged":[],"score":424,"play_id":"47737911-c071-4632-a9e1-01dbc588caf9","local_time":"20210114004423","is_ascension_mode":true,"campfire_choices":[{"data":"Tempo","floor":6,"key":"SMITH"},{"floor":15,"key":"REST"},{"floor":23,"key":"REST"},{"floor":28,"key":"REST"},{"floor":30,"key":"REST"},{"floor":32,"key":"REST"}],"circlet_count":0,"master_deck":["Strike_Br","Strike_Br","Strike_Br","Defend_Br","Defend_Br","Defend_Br","SecondHand","PatternShift","Goo","LockedBlood","LockedWhetstone","CrunchTime","CrunchTime","Facsimile","Allegro+1","LockedAnchor","PrimeTime","Goo","LockedMedicine","Echoward","LockedFlame","LockedOrichalcum","Echonomics","ReapSow+9","ReplayTheSpireMod:??????????????????????","AlternateTimeline+1","LockedScales","Accruing","Stagnate","LockedMawBank","LockedLightning","BackFourSeconds","Flash of Steel","Parity","LockedUrn","Parity","Backlash+1","LockedTornado","LockedAnchor","LockedAstrolabe","LockedPlans+1","AlternateTimeline"],"relics":["Chronometer","NeowsBlessing","Lantern","Dream Catcher","Ectoplasm","Torii","Strawberry","ChewingGum"],"acts_visited":["Exordium","TheCity","TheBeyond"],"potions_floor_usage":[14,16,21,25,36,37],"damage_taken":[{"damage":2,"enemies":"conspire:RoseBush","floor":1,"turns":1},{"damage":0,"enemies":"Cultist","floor":2,"turns":1},{"damage":0,"enemies":"Jaw Worm","floor":3,"turns":1},{"damage":9,"enemies":"2 Fungi Beasts","floor":5,"turns":5},{"damage":3,"enemies":"Red Slaver","floor":7,"turns":4},{"damage":11,"enemies":"Lots of Slimes","floor":8,"turns":5},{"damage":8,"enemies":"conspire:2 RoseBushes","floor":10,"turns":5},{"damage":13,"enemies":"Gremlin Gang","floor":12,"turns":5},{"damage":2,"enemies":"2 Fungi Beasts","floor":13,"turns":4},{"damage":13,"enemies":"Gremlin Nob","floor":14,"turns":4},{"damage":49,"enemies":"The Guardian","floor":16,"turns":12},{"damage":12,"enemies":"Spheric Guardian","floor":18,"turns":4},{"damage":25,"enemies":"3 Byrds","floor":20,"turns":5},{"damage":5,"enemies":"Centurion and Healer","floor":21,"turns":6},{"damage":24,"enemies":"Snake Plant","floor":22,"turns":5},{"damage":17,"enemies":"theDuelist:KaibaA2","floor":25,"turns":8},{"damage":19,"enemies":"Snecko","floor":29,"turns":6},{"damage":47,"enemies":"Chosen and Byrds","floor":31,"turns":9},{"damage":75,"enemies":"conspire:MysteriousRune","floor":33,"turns":10},{"damage":28,"enemies":"Orb Walker","floor":35,"turns":5},{"damage":45,"enemies":"3 Darklings","floor":36,"turns":7},{"damage":32,"enemies":"Transient","floor":37,"turns":5}],"seed_played":"-8570306700255978363","potions_obtained":[{"floor":2,"key":"PowerPotion"},{"floor":5,"key":"FairyPotion"},{"floor":12,"key":"ColorlessPotion"},{"floor":14,"key":"Swift Potion"},{"floor":20,"key":"Explosive Potion"},{"floor":21,"key":"LiquidMemories"},{"floor":33,"key":"SpeedPotion"},{"floor":36,"key":"AttackPotion"}],"is_trial":false,"path_per_floor":["M","M","M","$","M","R","M","M","T","M","?","M","M","E","R","B",null,"M","AVR","M","M","M","R","?","E","T","$","R","M","R","M","R","B",null,"M","M","M"],"character_chosen":"CHRONO_CLASS","items_purchased":["CrunchTime","Facsimile","Strawberry","Flash of Steel","Parity"],"campfire_rested":5,"item_purchase_floors":[4,4,27,27,27],"current_hp_per_floor":[63,63,63,63,60,60,57,52,52,50,50,43,47,38,57,14,65,57,57,38,35,17,36,36,25,25,32,53,46,67,26,47,1,72,50,25,0,0],"gold":14,"neow_bonus":"THREE_ENEMY_KILL","is_daily":false,"chose_seed":false,"campfire_upgraded":1,"win_rate":0.0,"timestamp":1610606663,"path_taken":["M","M","M","$","M","R","M","M","T","M","?","M","M","E","R","BOSS","M","AVR","M","?","M","R","?","E","T","$","R","M","R","M","R","BOSS","M","M","M"],"items_purchased_type":["Card","Card","Relic","Card","Card"],"build_version":"2020-12-22","purchased_purges":0,"victory":false,"max_hp_per_floor":[65,65,65,65,65,65,65,65,65,65,65,65,65,65,65,65,65,65,65,65,65,65,65,65,65,65,72,72,72,72,72,72,72,72,72,72,72,72],"card_choices":[{"not_picked":["HandsUpB","Facsimile"],"picked":"Goo","floor":1},{"not_picked":["LockedMedicine","LockedScales"],"picked":"LockedBlood","floor":2},{"not_picked":["ExoVibe","LockedOrichalcum"],"picked":"LockedWhetstone","floor":3},{"not_picked":["PrimeTime","Engulf"],"picked":"Tempo","floor":5},{"not_picked":["CrunchTime","OracleForm"],"picked":"LockedAnchor","floor":7},{"not_picked":["LockedScales","CrunchTime"],"picked":"PrimeTime","floor":8},{"not_picked":["WindUp","BlueShift"],"picked":"Goo","floor":10},{"not_picked":["ExoVibe","Break"],"picked":"LockedMedicine","floor":12},{"not_picked":["BlueShift","CrunchTime"],"picked":"Echoward","floor":13},{"not_picked":["Backlash","HandsUpB"],"picked":"LockedFlame","floor":14},{"not_picked":["WakeUpCall","AlternateTimeline"],"picked":"LockedOrichalcum","floor":15},{"not_picked":["Fragmentalize","MasterKey"],"picked":"Echonomics","floor":16},{"not_picked":["LockedMawBank","LockedMedicine"],"picked":"ReapSow+1","floor":18},{"not_picked":["PrimeTime","HandsUpB"],"picked":"AlternateTimeline+1","floor":20},{"not_picked":["PrimeTime","BlueShift"],"picked":"LockedScales","floor":21},{"not_picked":["HandsUpB","LockedMedicine"],"picked":"Accruing","floor":22},{"not_picked":["BlueShift","Break+1"],"picked":"Stagnate","floor":23},{"not_picked":["LockedAnchor","LockedWhetstone"],"picked":"BackFourSeconds","floor":25},{"not_picked":["LockedMawBank","TickedOff"],"picked":"LockedUrn","floor":28},{"not_picked":["WatchCommand","BlueShift"],"picked":"Parity","floor":29},{"not_picked":["Recurrance","Accruing"],"picked":"Backlash+1","floor":30},{"not_picked":["PrimeTime+1","BlueShift"],"picked":"LockedTornado","floor":31},{"not_picked":["PrimeTime+1","HandsUpC+1"],"picked":"LockedAnchor","floor":32},{"not_picked":["Echonomics","Fragmentalize"],"picked":"LockedAstrolabe","floor":33},{"not_picked":["BlueShift","PrimeTime+1"],"picked":"LockedPlans+1","floor":35},{"not_picked":["WatchCommand","PrimeTime"],"picked":"AlternateTimeline","floor":36}],"player_experience":64398,"relics_obtained":[{"floor":9,"key":"Lantern"},{"floor":14,"key":"Dream Catcher"},{"floor":25,"key":"Torii"}],"event_choices":[{"cards_removed":["Strike_G"],"damage_healed":0,"gold_gain":0,"player_choice":"Took Card","damage_taken":0,"max_hp_gain":0,"max_hp_loss":0,"event_name":"NoteForYourself","floor":11,"gold_loss":0,"cards_obtained":["Strike_G"]},{"damage_healed":0,"gold_gain":0,"cards_transformed":["Strike_Br","Defend_Br"],"player_choice":"Became Test Subject","damage_taken":0,"max_hp_gain":0,"max_hp_loss":0,"event_name":"Drug Dealer","floor":24,"gold_loss":0,"cards_obtained":["LockedMawBank","LockedLightning"]}],"is_beta":false,"boss_relics":[{"not_picked":["aspiration:SilentSkillbook","SacredBark"],"picked":"Ectoplasm"},{"not_picked":["Tiny House","Replay:Bronze Core"],"picked":"ChewingGum"}],"items_purged_floors":[],"is_endless":false,"potions_floor_spawned":[2,5,8,12,14,20,21,33,36],"killed_by":"Transient","ascension_level":0}}