{"host":"xh3brefae6wm9kl8","time":1610641240,"event":{"mods":["AchievementEnabler","BaseMod","GifTheSpireLib","Keyboard Shortcuts","Minty Spire (QoL Compilation)","Permanent Neow","Relic Stats","StSLib","SuperFastMode"],"gold_per_floor":[113,126,126,201,217,245,345,379,379,391,391,411,440,457,457,558,558,576,576,576,590,442,474,489,504,530,541,466,477,504,524,524,623,623,634,634,634,299,318,318,336,349,376,395,407,43,57,57,57,57],"floor_reached":51,"language":"KOR","playtime":2612,"items_purged":["Strike_G","Strike_G","Defend_G"],"score":1154,"play_id":"2bc3a85e-0fda-46be-afc1-44a40e8de3f8","local_time":"20210115012040","is_ascension_mode":true,"campfire_choices":[{"data":"Finisher","floor":11,"key":"SMITH"},{"data":"Blade Dance","floor":15,"key":"SMITH"},{"floor":32,"key":"REST"},{"floor":40,"key":"REST"},{"floor":49,"key":"REST"}],"circlet_count":0,"master_deck":["AscendersBane","Strike_G+1","Strike_G+1","Defend_G","Defend_G","Neutralize","Flying Knee","Blade Dance+1","Dagger Spray","Finisher+1","After Image","Blade Dance","Blur","Escape Plan","Infinite Blades","Backflip","Backstab","Cloak And Dagger","Flash of Steel","Accuracy","Terror","Finisher","Escape Plan+1"],"relics":["Ring of the Snake","Thread and Needle","Eternal Feather","Orichalcum","Pear","InkBottle","Black Star","MutagenicStrength","HornCleat","Whetstone","Regal Pillow","Vajra","Gambling Chip","Fusion Hammer","Bag of Preparation","Pen Nib","Letter Opener"],"acts_visited":["Exordium","TheCity","TheBeyond"],"potions_floor_usage":[6,13,23,30,30,50],"damage_taken":[{"damage":2,"enemies":"Cultist","floor":1,"turns":5},{"damage":4,"enemies":"Small Slimes","floor":2,"turns":4},{"damage":0,"enemies":"Jaw Worm","floor":5,"turns":3},{"damage":3,"enemies":"3 Sentries","floor":6,"turns":6},{"damage":15,"enemies":"Lagavulin","floor":8,"turns":4},{"damage":3,"enemies":"Lots of Slimes","floor":10,"turns":3},{"damage":6,"enemies":"Large Slime","floor":12,"turns":5},{"damage":11,"enemies":"3 Sentries","floor":13,"turns":6},{"damage":0,"enemies":"3 Louse","floor":14,"turns":3},{"damage":28,"enemies":"The Guardian","floor":16,"turns":10},{"damage":9,"enemies":"Chosen","floor":18,"turns":5},{"damage":12,"enemies":"2 Thieves","floor":21,"turns":2},{"damage":11,"enemies":"Book of Stabbing","floor":23,"turns":4},{"damage":6,"enemies":"Shelled Parasite and Fungi","floor":24,"turns":3},{"damage":0,"enemies":"3 Cultists","floor":25,"turns":4},{"damage":0,"enemies":"Chosen and Byrds","floor":27,"turns":6},{"damage":0,"enemies":"Snecko","floor":29,"turns":4},{"damage":0,"enemies":"Gremlin Leader","floor":30,"turns":4},{"damage":0,"enemies":"Centurion and Healer","floor":31,"turns":2},{"damage":49,"enemies":"Automaton","floor":33,"turns":12},{"damage":0,"enemies":"3 Darklings","floor":35,"turns":7},{"damage":15,"enemies":"3 Shapes","floor":39,"turns":1},{"damage":4,"enemies":"Spire Growth","floor":41,"turns":3},{"damage":17,"enemies":"4 Shapes","floor":42,"turns":2},{"damage":0,"enemies":"Jaw Worm Horde","floor":44,"turns":1},{"damage":1,"enemies":"3 Darklings","floor":45,"turns":2},{"damage":0,"enemies":"Spire Growth","floor":47,"turns":1},{"damage":34,"enemies":"Awakened One","floor":50,"turns":6}],"seed_played":"-2438941331515218025","potions_obtained":[{"floor":1,"key":"Fruit Juice"},{"floor":5,"key":"SkillPotion"},{"floor":10,"key":"Dexterity Potion"},{"floor":13,"key":"PowerPotion"},{"floor":14,"key":"CunningPotion"},{"floor":18,"key":"Strength Potion"},{"floor":27,"key":"Swift Potion"},{"floor":30,"key":"FairyPotion"},{"floor":31,"key":"DuplicationPotion"},{"floor":33,"key":"GhostInAJar"}],"is_trial":false,"path_per_floor":["M","M","T","?","M","E","?","E","T","M","R","M","E","M","R","B",null,"M","?","?","M","$","E","M","M","T","M","?","M","E","M","R","B",null,"M","?","?","$","M","R","M","M","T","M","M","$","M","?","R","B",null],"character_chosen":"THE_SILENT","items_purchased":["Blur","Accuracy","Bag of Preparation","Letter Opener"],"campfire_rested":3,"item_purchase_floors":[22,38,38,46],"current_hp_per_floor":[61,57,57,46,46,43,43,28,38,35,44,38,32,32,41,13,62,53,38,38,26,26,15,9,9,9,9,9,9,9,9,60,11,65,65,65,65,65,50,83,79,62,62,62,61,61,61,61,83,49],"gold":57,"neow_bonus":"REMOVE_TWO","is_daily":false,"chose_seed":false,"campfire_upgraded":2,"win_rate":0.0,"timestamp":1610641240,"path_taken":["M","M","?","?","M","E","?","E","T","M","R","?","E","M","R","BOSS","M","?","?","M","?","E","M","M","T","M","?","M","E","M","R","BOSS","M","?","?","$","M","R","M","M","T","M","M","$","M","?","R","BOSS"],"items_purchased_type":["Card","Card","Relic","Relic"],"build_version":"2020-12-22","purchased_purges":3,"victory":true,"max_hp_per_floor":[63,63,63,63,63,63,63,63,73,73,73,73,78,78,78,78,78,78,83,83,83,83,83,83,83,83,83,83,83,83,83,83,83,83,83,83,83,83,83,83,83,83,83,83,83,83,83,83,83,83],"relic_stats":{"Regal Pillow":15,"counters":[28,118],"Eternal Feather":54,"Pen Nib":[7],"Bag of Preparation":[14],"Whetstone":["Strike_G","Strike_G"],"Letter Opener":[32],"Orichalcum":[132],"Gambling Chip":[42],"Black Star":2,"obtain_stats":[{"Regal Pillow":26,"Pear":9,"Vajra":30,"Thread and Needle":3,"Eternal Feather":6,"Pen Nib":43,"Bag of Preparation":38,"Whetstone":23,"Letter Opener":46,"Orichalcum":8,"HornCleat":23,"MutagenicStrength":20,"Gambling Chip":30,"Fusion Hammer":34,"Black Star":17,"InkBottle":13,"Ring of the Snake":0},{"Regal Pillow":15,"Pear":5,"Vajra":18,"Thread and Needle":2,"Eternal Feather":4,"Pen Nib":24,"Bag of Preparation":21,"Whetstone":13,"Letter Opener":26,"Orichalcum":5,"HornCleat":13,"MutagenicStrength":11,"Gambling Chip":18,"Fusion Hammer":20,"Black Star":10,"InkBottle":8,"Ring of the Snake":0},{"Regal Pillow":67,"Pear":22,"Vajra":81,"Thread and Needle":9,"Eternal Feather":18,"Pen Nib":108,"Bag of Preparation":102,"Whetstone":60,"Letter Opener":111,"Orichalcum":22,"HornCleat":60,"MutagenicStrength":54,"Gambling Chip":81,"Fusion Hammer":95,"Black Star":49,"InkBottle":36,"Ring of the Snake":0}],"InkBottle":[54],"Ring of the Snake":[56]},"card_choices":[{"not_picked":["Tactician","Cloak And Dagger"],"picked":"Flying Knee","floor":1},{"not_picked":["Bane","Expertise"],"picked":"Blade Dance","floor":2},{"not_picked":["Calculated Gamble","Catalyst"],"picked":"Dagger Spray","floor":5},{"not_picked":["Reflex","Bouncing Flask"],"picked":"Finisher","floor":6},{"not_picked":["Bane","Deadly Poison","Underhanded Strike"],"picked":"SKIP","floor":8},{"not_picked":["Underhanded Strike","Acrobatics","Flying Knee"],"picked":"SKIP","floor":10},{"not_picked":["Wraith Form v2","Deflect","Flying Knee"],"picked":"SKIP","floor":12},{"not_picked":["Calculated Gamble","Outmaneuver","Finisher"],"picked":"SKIP","floor":13},{"not_picked":["Dagger Throw","Underhanded Strike","Poisoned Stab"],"picked":"SKIP","floor":14},{"not_picked":["Night Terror","Venomology"],"picked":"After Image","floor":16},{"not_picked":["Underhanded Strike","Flying Knee"],"picked":"Blade Dance","floor":18},{"not_picked":["Bane","Skewer","Setup"],"picked":"SKIP","floor":21},{"not_picked":["Underhanded Strike+1","Die Die Die","Dagger Throw+1"],"picked":"SKIP","floor":23},{"not_picked":["Quick Slash","Acrobatics"],"picked":"Escape Plan","floor":24},{"not_picked":["Acrobatics","Poisoned Stab"],"picked":"Infinite Blades","floor":25},{"not_picked":["Cloak And Dagger","Prepared"],"picked":"Backflip","floor":27},{"not_picked":["Deadly Poison","Poisoned Stab","Flechettes"],"picked":"SKIP","floor":29},{"not_picked":["Calculated Gamble","Underhanded Strike"],"picked":"Backstab","floor":30},{"not_picked":["Leg Sweep","Acrobatics"],"picked":"Cloak And Dagger","floor":31},{"not_picked":["Blur","Dagger Spray","Flying Knee"],"picked":"SKIP","floor":35},{"not_picked":["Deep Breath","Finesse"],"picked":"Flash of Steel","floor":37},{"not_picked":["Predator","Backflip+1"],"picked":"Terror","floor":39},{"not_picked":["Dagger Throw+1","Choke","Well Laid Plans"],"picked":"SKIP","floor":41},{"not_picked":["Prepared+1","Dash"],"picked":"Finisher","floor":42},{"not_picked":["Dagger Spray","Deadly Poison+1","Setup"],"picked":"SKIP","floor":44},{"not_picked":["Deadly Poison","Underhanded Strike","Outmaneuver"],"picked":"SKIP","floor":45},{"not_picked":["Cloak And Dagger","Flying Knee"],"picked":"Escape Plan+1","floor":47}],"player_experience":385908,"relics_obtained":[{"floor":3,"key":"Thread and Needle"},{"floor":6,"key":"Eternal Feather"},{"floor":8,"key":"Orichalcum"},{"floor":9,"key":"Pear"},{"floor":13,"key":"InkBottle"},{"floor":23,"key":"HornCleat"},{"floor":23,"key":"Whetstone"},{"floor":26,"key":"Regal Pillow"},{"floor":30,"key":"Vajra"},{"floor":30,"key":"Gambling Chip"},{"floor":43,"key":"Pen Nib"}],"event_choices":[{"damage_healed":0,"gold_gain":75,"player_choice":"Gather Gold","damage_taken":11,"max_hp_gain":0,"max_hp_loss":0,"event_name":"World of Goop","floor":4,"gold_loss":0},{"damage_healed":0,"gold_gain":100,"player_choice":"Pray","damage_taken":0,"max_hp_gain":0,"max_hp_loss":0,"event_name":"Golden Shrine","floor":7,"gold_loss":0},{"damage_healed":0,"gold_gain":0,"player_choice":"Shed Blood","damage_taken":20,"max_hp_gain":5,"max_hp_loss":0,"event_name":"Forgotten Altar","floor":19,"gold_loss":0},{"damage_healed":0,"gold_gain":0,"player_choice":"Inject Mutagens","damage_taken":0,"relics_obtained":["MutagenicStrength"],"max_hp_gain":0,"max_hp_loss":0,"event_name":"Drug Dealer","floor":20,"gold_loss":0},{"cards_removed":["Defend_G"],"damage_healed":0,"gold_gain":0,"player_choice":"Gave Gold","damage_taken":0,"max_hp_gain":0,"max_hp_loss":0,"event_name":"Beggar","floor":28,"gold_loss":75},{"damage_healed":0,"gold_gain":0,"player_choice":"Ignored","damage_taken":0,"max_hp_gain":0,"max_hp_loss":0,"event_name":"Tomb of Lord Red Mask","floor":36,"gold_loss":0},{"damage_healed":0,"gold_gain":0,"player_choice":"Memory 1","damage_taken":0,"max_hp_gain":0,"max_hp_loss":0,"event_name":"SensoryStone","floor":37,"gold_loss":0},{"cards_removed":["Survivor"],"damage_healed":0,"gold_gain":0,"player_choice":"Removed Skill","damage_taken":0,"max_hp_gain":0,"max_hp_loss":0,"event_name":"Falling","floor":48,"gold_loss":0}],"is_beta":false,"boss_relics":[{"not_picked":["Velvet Choker","Runic Dome"],"picked":"Black Star"},{"not_picked":["Pandora\u0027s Box","Tiny House"],"picked":"Fusion Hammer"}],"items_purged_floors":[22,38,46],"is_endless":false,"potions_floor_spawned":[1,5,10,13,14,18,27,30,31,33,42,44],"ascension_level":12}}