{"host":"sc0o2qwpf9j16a4i","time":1610653457,"event":{"mods":["AchievementEnabler","BaseMod","BetterRewards","Block Reminder","Colored Map","Colored Powertips","Custom Start","Highlight Path","Minty Spire (QoL Compilation)","Relic Stats"],"gold_per_floor":[114,145,198,198,6,6,6,31,31,106,154,154,219,236,236,332,332,349,349,389,439,450,500,58,58,58,97,97,129,129,160,160,239,239,250,301,319,86,96,96,128,138,138,158,158,488,488,521,521,521,521,521,521,47,73,73],"floor_reached":57,"language":"ENG","playtime":2759,"items_purged":["Strike_B","Strike_B","Zap","Defend_B","Dualcast"],"score":4058,"play_id":"531365be-bc45-4634-844d-8a3525f7d827","local_time":"20210114214417","is_ascension_mode":true,"campfire_choices":[{"floor":6.0,"key":"REST"},{"data":"Fusion","floor":15.0,"key":"SMITH"},{"data":"Defragment","floor":25.0,"key":"SMITH"},{"data":"Seek","floor":32.0,"key":"SMITH"},{"floor":40.0,"key":"RECALL"},{"data":"Coolheaded","floor":49,"key":"SMITH"},{"data":"Recycle","floor":53,"key":"SMITH"}],"circlet_count":0,"master_deck":["AscendersBane","Defend_B","Self Repair","HandOfGreed","Defragment+1","Ball Lightning+1","Chill","Barrage+1","Defragment+1","Chill","Cold Snap+1","Sweeping Beam+1","Compile Driver+1","Fusion+1","Electrodynamics","Go for the Eyes+1","Skim+1","Creative AI+1","Genetic Algorithm","Double Energy","Coolheaded+1","Doom and Gloom+1","White Noise","Loop","Core Surge+1","Hologram+1","All For One+1","Heatsinks+1","Seek+1","Biased Cognition+1","Aggregate+1","Loop+1","Genetic Algorithm","Amplify","Stack","Barrage+1","Loop+1","Recycle+1","Genetic Algorithm","Reinforced Body","Seek"],"relics":["Cracked Core","Medical Kit","Bronze Scales","Pear","Prayer Wheel","Matryoshka","Membership Card","Mercury Hourglass","Molten Egg 2","Juzu Bracelet","Toolbox","Runic Capacitor","Thread and Needle","Orichalcum","Question Card","HornCleat","Blue Candle","Anchor","Eternal Feather","Mummified Hand","Pantograph","Bag of Preparation","Astrolabe","Enchiridion","MawBank","Emotion Chip","Bottled Flame","Frozen Egg 2","Peace Pipe","Lantern","Ice Cream","Runic Pyramid","Lizard Tail","Centennial Puzzle","Art of War","Singing Bowl","Old Coin","Kunai","DollysMirror","FossilizedHelix","Strawberry","Unceasing Top"],"acts_visited":["Exordium","TheCity","TheBeyond","TheEnding"],"potions_floor_usage":[46],"damage_taken":[{"damage":0.0,"enemies":"Cultist","floor":1.0,"turns":3.0},{"damage":2.0,"enemies":"Small Slimes","floor":2.0,"turns":2.0},{"damage":0.0,"enemies":"Gremlin Nob","floor":8.0,"turns":3.0},{"damage":0.0,"enemies":"Lagavulin","floor":11.0,"turns":4.0},{"damage":1.0,"enemies":"Lagavulin Event","floor":13.0,"turns":4.0},{"damage":0.0,"enemies":"Jaw Worm","floor":14.0,"turns":2.0},{"damage":0.0,"enemies":"Slime Boss","floor":16.0,"turns":3.0},{"damage":5.0,"enemies":"Shell Parasite","floor":18.0,"turns":2.0},{"damage":0.0,"enemies":"2 Thieves","floor":20.0,"turns":4.0},{"damage":0.0,"enemies":"Centurion and Healer","floor":22.0,"turns":4.0},{"damage":0.0,"enemies":"Slavers","floor":23.0,"turns":3.0},{"damage":2.0,"enemies":"Snake Plant","floor":27.0,"turns":3.0},{"damage":0.0,"enemies":"Book of Stabbing","floor":29.0,"turns":3.0},{"damage":3.0,"enemies":"Gremlin Leader","floor":31.0,"turns":3.0},{"damage":0.0,"enemies":"Automaton","floor":33.0,"turns":7.0},{"damage":0.0,"enemies":"Orb Walker","floor":35.0,"turns":2.0},{"damage":0.0,"enemies":"2 Orb Walkers","floor":36.0,"turns":2.0},{"damage":0.0,"enemies":"3 Shapes","floor":37.0,"turns":2.0},{"damage":8.0,"enemies":"Jaw Worm Horde","floor":39.0,"turns":2.0},{"damage":0,"enemies":"Giant Head","floor":41,"turns":3},{"damage":5,"enemies":"3 Darklings","floor":42,"turns":2},{"damage":0,"enemies":"Maw","floor":44,"turns":4},{"damage":27,"enemies":"Reptomancer","floor":46,"turns":4},{"damage":0,"enemies":"Nemesis","floor":48,"turns":3},{"damage":3,"enemies":"Donu and Deca","floor":50,"turns":5},{"damage":26,"enemies":"Time Eater","floor":51,"turns":8},{"damage":20,"enemies":"Shield and Spear","floor":55,"turns":5},{"damage":24,"enemies":"The Heart","floor":56,"turns":8}],"seed_played":"-2406003943366594592","potions_obtained":[{"floor":1.0,"key":"SteroidPotion"},{"floor":8.0,"key":"ColorlessPotion"},{"floor":16.0,"key":"Energy Potion"},{"floor":18.0,"key":"PotionOfCapacity"},{"floor":33.0,"key":"Fire Potion"},{"floor":35.0,"key":"AttackPotion"},{"floor":39.0,"key":"PotionOfCapacity"},{"floor":48,"key":"DuplicationPotion"}],"is_trial":false,"path_per_floor":["M","M","?","?","$","R","T","E","T","?","E","?","?","M","R","B",null,"M","?","M","?","M","E","$","R","T","M","?","E","?","E","R","B",null,"M","?","M","$","M","R","E","M","T","M","?","E","?","E","R","B","B",null,"R","$","E","B",null],"character_chosen":"DEFECT","items_purchased":["Medical Kit","Bronze Scales","Pear","Self Repair","Prayer Wheel","HandOfGreed","Matryoshka","Membership Card","Defragment","Mercury Hourglass","Molten Egg 2","Juzu Bracelet","Toolbox","Runic Capacitor","Thread and Needle","Ball Lightning+1","Orichalcum","Chill","Regen Potion","Question Card","Core Surge+1","Emotion Chip","Bottled Flame","Amplify","Centennial Puzzle","DollysMirror","FossilizedHelix","Strawberry","Reinforced Body"],"campfire_rested":1,"item_purchase_floors":[0,0,0,0,0,0,0,0,0,0,0,0,0,0,0,0,0,0,0,5,24,24,24,38,38,54,54,54,54],"current_hp_per_floor":[32,30,30,30,30,54,54,66,66,55,62,36,42,49,61,81,81,76,55,62,62,69,69,69,81,81,79,79,81,81,81,81,81,81,81,81,81,81,80,81,81,81,81,85,81,68,68,70,91,93,74,88,93,100,87,83],"gold":73,"neow_bonus":"","is_daily":false,"chose_seed":false,"campfire_upgraded":5,"win_rate":0.0,"timestamp":1610653457,"path_taken":["M","M","?","?","$","R","?","E","T","?","E","?","?","M","R","BOSS","M","?","M","?","M","E","$","R","T","M","?","E","?","E","R","BOSS","M","?","M","$","M","R","E","M","T","M","?","E","?","E","R","BOSS","BOSS","R","$","E","BOSS"],"items_purchased_type":["Relic","Relic","Relic","Card","Relic","Card","Relic","Relic","Card","Relic","Relic","Relic","Relic","Relic","Relic","Card","Relic","Card","Potion","Relic","Card","Relic","Relic","Card","Relic","Relic","Relic","Relic","Card"],"build_version":"2020-12-22","purchased_purges":5,"victory":true,"max_hp_per_floor":[81,81,81,81,81,81,81,81,81,81,81,81,81,81,81,81,81,81,81,81,81,81,81,81,81,81,81,81,81,81,81,81,81,81,81,81,81,81,81,81,81,81,81,85,91,91,91,93,93,93,93,93,93,100,100,100],"relic_stats":{"Singing Bowl":16,"counters":[152,768],"Blue Candle":[0],"Astrolabe":["Go for the Eyes","Skim","Creative AI"],"Eternal Feather":235,"Juzu Bracelet":2,"Bag of Preparation":[46],"Orichalcum":[108],"Medical Kit":[3],"Question Card":36,"MawBank":12,"Mercury Hourglass":[1042],"Peace Pipe":0,"Emotion Chip":[42,19,15,2,6],"Lizard Tail":0,"Centennial Puzzle":[54],"Mummified Hand":[239],"Bronze Scales":[318],"Pantograph":82,"Prayer Wheel":12,"Art of War":[6],"Kunai":[17],"obtain_stats":[{"Whetstone":9,"Ginger":0,"Boot":44,"Old Coin":46,"Blood Vial":30,"Sundial":26,"MealTicket":45,"Fusion Hammer":17,"Kunai":49,"Pear":0,"Blue Candle":24,"Eternal Feather":0,"Pen Nib":46,"Akabeko":30,"Cables":0,"Runic Dome":17,"StrikeDummy":23,"Unceasing Top":0,"Regal Pillow":19,"Lantern":12,"Torii":48,"Singing Bowl":45,"Bag of Preparation":0,"Cursed Key":34,"Ancient Tea Set":28,"Matryoshka":9,"Shovel":38,"Toolbox":0,"Chemical X":0,"InkBottle":43,"Potion Belt":19,"Lee\u0027s Waffle":0,"Inserter":17,"Thread and Needle":0,"PreservedInsect":6,"Omamori":19,"Frozen Egg 2":0,"MawBank":23,"Busted Crown":17,"Orrery":19,"Art of War":41,"Bottled Lightning":13,"Toy Ornithopter":0,"Ice Cream":31,"Calipers":48,"Gremlin Horn":0,"Vajra":55,"Runic Capacitor":5,"Centennial Puzzle":55,"Lizard Tail":36,"HornCleat":26,"DollysMirror":0,"Strawberry":48,"Philosopher\u0027s Stone":34,"Prayer Wheel":0,"Toxic Egg 2":0,"Girya":30,"Happy Flower":41,"Dead Branch":0,"Astrolabe":17,"Oddly Smooth Stone":11,"War Paint":8,"Question Card":5,"OrangePellets":48,"Bottled Flame":24,"Shuriken":4,"Bronze Scales":0,"Molten Egg 2":27,"Symbiotic Virus":43,"Pocketwatch":0,"Meat on the Bone":9,"Darkstone Periapt":10,"SacredBark":34,"Enchiridion":19,"Incense Burner":9,"Juzu Bracelet":27,"ClockworkSouvenir":31,"Frozen Eye":45,"Nunchaku":27,"Dream Catcher":40,"Emotion Chip":24,"Mummified Hand":11,"Gambling Chip":37,"Pantograph":54,"Tiny Chest":0,"Red Mask":21,"Cracked Core":0,"Runic Pyramid":17,"Orichalcum":4,"Medical Kit":0,"Mercury Hourglass":26,"Peace Pipe":41,"Anchor":7,"DataDisk":29,"CaptainsWheel":0,"Bag of Marbles":45,"Membership Card":0,"FossilizedHelix":54},{"Whetstone":51,"Ginger":73,"Boot":40,"Old Coin":147,"Blood Vial":16,"Sundial":28,"MealTicket":90,"Fusion Hammer":103,"Kunai":120,"Pear":124,"Blue Candle":28,"Eternal Feather":46,"Pen Nib":41,"Akabeko":109,"Cables":96,"Runic Dome":9,"StrikeDummy":58,"Unceasing Top":73,"Regal Pillow":56,"Lantern":78,"Torii":69,"Singing Bowl":118,"Bag of Preparation":46,"Cursed Key":33,"Ancient Tea Set":86,"Matryoshka":21,"Shovel":114,"Toolbox":124,"Chemical X":46,"InkBottle":39,"Potion Belt":56,"Lee\u0027s Waffle":73,"Inserter":55,"Thread and Needle":124,"PreservedInsect":4,"Omamori":25,"Frozen Egg 2":17,"MawBank":135,"Busted Crown":81,"Orrery":10,"Art of War":144,"Bottled Lightning":7,"Toy Ornithopter":73,"Ice Cream":138,"Calipers":42,"Gremlin Horn":96,"Vajra":72,"Runic Capacitor":98,"Centennial Puzzle":45,"Lizard Tail":141,"HornCleat":28,"DollysMirror":96,"Strawberry":42,"Philosopher\u0027s Stone":111,"Prayer Wheel":124,"Toxic Egg 2":46,"Girya":86,"Happy Flower":90,"Dead Branch":46,"Astrolabe":131,"Oddly Smooth Stone":52,"War Paint":76,"Question Card":126,"OrangePellets":42,"Bottled Flame":135,"Shuriken":74,"Bronze Scales":124,"Molten Egg 2":29,"Symbiotic Virus":66,"Pocketwatch":46,"Meat on the Bone":51,"Darkstone Periapt":52,"SacredBark":87,"Enchiridion":132,"Incense Burner":76,"Juzu Bracelet":86,"ClockworkSouvenir":86,"Frozen Eye":90,"Nunchaku":14,"Dream Catcher":38,"Emotion Chip":135,"Mummified Hand":128,"Gambling Chip":35,"Pantograph":44,"Tiny Chest":46,"Red Mask":12,"Cracked Core":0,"Runic Pyramid":24,"Orichalcum":2,"Medical Kit":46,"Mercury Hourglass":13,"Peace Pipe":90,"Anchor":21,"DataDisk":30,"CaptainsWheel":46,"Bag of Marbles":67,"Membership Card":17,"FossilizedHelix":150},{"Whetstone":252,"Ginger":395,"Boot":192,"Old Coin":739,"Blood Vial":72,"Sundial":135,"MealTicket":466,"Fusion Hammer":552,"Kunai":637,"Pear":670,"Blue Candle":135,"Eternal Feather":227,"Pen Nib":196,"Akabeko":580,"Cables":529,"Runic Dome":45,"StrikeDummy":291,"Unceasing Top":395,"Regal Pillow":279,"Lantern":413,"Torii":347,"Singing Bowl":627,"Bag of Preparation":227,"Cursed Key":160,"Ancient Tea Set":447,"Matryoshka":101,"Shovel":604,"Toolbox":670,"Chemical X":227,"InkBottle":185,"Potion Belt":279,"Lee\u0027s Waffle":395,"Inserter":274,"Thread and Needle":670,"PreservedInsect":16,"Omamori":122,"Frozen Egg 2":86,"MawBank":703,"Busted Crown":425,"Orrery":49,"Art of War":730,"Bottled Lightning":25,"Toy Ornithopter":395,"Ice Cream":712,"Calipers":202,"Gremlin Horn":529,"Vajra":385,"Runic Capacitor":533,"Centennial Puzzle":219,"Lizard Tail":723,"HornCleat":135,"DollysMirror":529,"Strawberry":202,"Philosopher\u0027s Stone":592,"Prayer Wheel":670,"Toxic Egg 2":227,"Girya":447,"Happy Flower":466,"Dead Branch":227,"Astrolabe":690,"Oddly Smooth Stone":258,"War Paint":407,"Question Card":674,"OrangePellets":202,"Bottled Flame":703,"Shuriken":397,"Bronze Scales":670,"Molten Egg 2":137,"Symbiotic Virus":334,"Pocketwatch":227,"Meat on the Bone":252,"Darkstone Periapt":258,"SacredBark":454,"Enchiridion":692,"Incense Burner":407,"Juzu Bracelet":447,"ClockworkSouvenir":447,"Frozen Eye":466,"Nunchaku":63,"Dream Catcher":179,"Emotion Chip":703,"Mummified Hand":681,"Gambling Chip":167,"Pantograph":214,"Tiny Chest":227,"Red Mask":56,"Cracked Core":0,"Runic Pyramid":119,"Orichalcum":8,"Medical Kit":227,"Mercury Hourglass":61,"Peace Pipe":466,"Anchor":101,"DataDisk":143,"CaptainsWheel":227,"Bag of Marbles":339,"Membership Card":86,"FossilizedHelix":755}],"Unceasing Top":[0]},"card_choices":[{"not_picked":["Gash+1","Reprogram"],"picked":"Barrage+1","floor":1.0},{"not_picked":["Storm","Static Discharge"],"picked":"Defragment","floor":1.0},{"not_picked":["Go for the Eyes+1","Turbo"],"picked":"Chill","floor":2.0},{"not_picked":["Darkness","Steam","All For One+1"],"picked":"SKIP","floor":2.0},{"not_picked":["Sweeping Beam+1","Go for the Eyes+1","Steam Power"],"picked":"Cold Snap+1","floor":8.0},{"not_picked":["Steam Power","Streamline+1","Meteor Strike+1"],"picked":"Sweeping Beam+1","floor":11.0},{"not_picked":["Recycle","Sweeping Beam+1","Gash+1"],"picked":"Compile Driver+1","floor":13.0},{"not_picked":["Coolheaded","Stack","Rebound+1"],"picked":"Fusion","floor":14.0},{"not_picked":["Streamline+1","Melter+1","Rebound+1","Cold Snap+1"],"picked":"SKIP","floor":14.0},{"not_picked":["Biased Cognition","Multi-Cast","Reboot"],"picked":"Electrodynamics","floor":16.0},{"not_picked":["Streamline+1","Go for the Eyes+1","Scrape+1"],"picked":"Genetic Algorithm","floor":18.0},{"not_picked":["Streamline+1","Hologram","Consume"],"picked":"Double Energy","floor":18.0},{"not_picked":["Hello World","Hologram","Turbo"],"picked":"Coolheaded","floor":20.0},{"not_picked":["BootSequence","Rebound+1","Cold Snap+1","Scrape+1"],"picked":"SKIP","floor":20.0},{"not_picked":["Fission","Steam","Compile Driver+1"],"picked":"Doom and Gloom+1","floor":22.0},{"not_picked":["Leap","Beam Cell+1","Streamline+1"],"picked":"White Noise","floor":22.0},{"not_picked":["Coolheaded","Ball Lightning+1","Gash+1"],"picked":"Loop","floor":23.0},{"not_picked":["Sunder+1","Compile Driver+1","Ball Lightning+1"],"picked":"Hologram","floor":27.0},{"not_picked":["BootSequence","FTL+1","Skim"],"picked":"Hologram+1","floor":27.0},{"not_picked":["BootSequence","Sunder+1","FTL+1"],"picked":"Heatsinks+1","floor":29.0},{"not_picked":["Cold Snap+1","Conserve Battery","Fusion"],"picked":"Seek","floor":31.0},{"not_picked":["Hyperbeam+1","Meteor Strike+1","Machine Learning+1"],"picked":"Biased Cognition+1","floor":33.0},{"not_picked":["Streamline+1","BootSequence+1","Hello World+1"],"picked":"Aggregate+1","floor":35.0},{"not_picked":["Streamline+1","Redo","Chill","Hello World+1"],"picked":"SKIP","floor":35.0},{"not_picked":["Force Field","Conserve Battery","Melter+1"],"picked":"Loop+1","floor":36.0},{"not_picked":["Leap","Streamline+1","Sunder+1"],"picked":"Genetic Algorithm","floor":37.0},{"not_picked":["Ball Lightning+1","Redo","Beam Cell+1","Steam+1"],"picked":"SKIP","floor":37.0},{"not_picked":["Cold Snap+1","Blizzard+1","Redo"],"picked":"Stack","floor":39.0},{"not_picked":["Tempest","Go for the Eyes+1","Creative AI+1","Chill"],"picked":"SKIP","floor":39.0},{"not_picked":["Compile Driver+1","Storm+1","Chill+1"],"picked":"Barrage+1","floor":41},{"not_picked":["Compile Driver+1","Melter+1","Steam"],"picked":"Loop+1","floor":42},{"not_picked":["Turbo","Beam Cell+1","Undo","Auto Shields"],"picked":"SKIP","floor":42},{"not_picked":["Ball Lightning+1","Tempest","Steam","Compile Driver+1"],"picked":"Singing Bowl","floor":44},{"not_picked":["Coolheaded","Fusion","Chill","Cold Snap+1"],"picked":"Singing Bowl","floor":44},{"not_picked":["PanicButton","Madness","Metamorphosis","Bandage Up"],"picked":"Singing Bowl","floor":45},{"not_picked":["Deep Breath","Thinking Ahead","Master of Strategy","Flash of Steel+1"],"picked":"Singing Bowl","floor":45},{"not_picked":["Chrysalis","Sadistic Nature+1","Discovery","Purity"],"picked":"Singing Bowl","floor":45},{"not_picked":["Beam Cell+1","Aggregate","Ball Lightning+1"],"picked":"Recycle","floor":46},{"not_picked":["Gash+1","Leap+1","Redo+1","Streamline+1"],"picked":"Singing Bowl","floor":48},{"not_picked":["Reinforced Body","Leap+1","Beam Cell+1"],"picked":"Seek","floor":55}],"player_experience":633679,"relics_obtained":[{"floor":7.0,"key":"HornCleat"},{"floor":8.0,"key":"Blue Candle"},{"floor":9.0,"key":"Anchor"},{"floor":9.0,"key":"Eternal Feather"},{"floor":11.0,"key":"Mummified Hand"},{"floor":13.0,"key":"Bag of Preparation"},{"floor":19.0,"key":"Enchiridion"},{"floor":23.0,"key":"MawBank"},{"floor":26.0,"key":"Frozen Egg 2"},{"floor":29.0,"key":"Peace Pipe"},{"floor":31.0,"key":"Ice Cream"},{"floor":36.0,"key":"Lizard Tail"},{"floor":41,"key":"Art of War"},{"floor":43,"key":"Singing Bowl"},{"floor":46,"key":"Old Coin"},{"floor":48,"key":"Kunai"},{"floor":55,"key":"Unceasing Top"}],"event_choices":[{"damage_healed":0.0,"max_hp_gain":0.0,"max_hp_loss":0.0,"gold_gain":53.0,"event_name":"Golden Wing","player_choice":"Gained Gold","floor":3.0,"gold_loss":0.0,"damage_taken":0.0},{"damage_healed":0.0,"max_hp_gain":0.0,"max_hp_loss":0.0,"gold_gain":0.0,"event_name":"Living Wall","player_choice":"Grow","floor":4.0,"gold_loss":0.0,"damage_taken":0.0,"cards_upgraded":["Defragment"]},{"damage_healed":0.0,"max_hp_gain":0.0,"max_hp_loss":0.0,"gold_gain":75.0,"event_name":"World of Goop","player_choice":"Gather Gold","floor":10.0,"gold_loss":0.0,"damage_taken":11.0},{"damage_healed":0.0,"max_hp_gain":0.0,"max_hp_loss":0.0,"gold_gain":0.0,"event_name":"Scrap Ooze","player_choice":"Success","floor":12.0,"gold_loss":0.0,"damage_taken":26.0,"relics_obtained":["Pantograph"]},{"damage_healed":0.0,"max_hp_gain":0.0,"max_hp_loss":0.0,"gold_gain":30.0,"event_name":"Dead Adventurer","player_choice":"Searched \u00272\u0027 times","floor":13.0,"gold_loss":0.0,"damage_taken":0.0},{"damage_healed":0.0,"max_hp_gain":0.0,"max_hp_loss":0.0,"gold_gain":0.0,"event_name":"Cursed Tome","player_choice":"Obtained Book","floor":19.0,"gold_loss":0.0,"damage_taken":21.0},{"damage_healed":0.0,"max_hp_gain":0.0,"max_hp_loss":0.0,"gold_gain":50.0,"event_name":"Nest","player_choice":"Stole From Cult","floor":21.0,"gold_loss":0.0,"damage_taken":0.0},{"damage_healed":0.0,"max_hp_gain":0.0,"max_hp_loss":0.0,"gold_gain":0.0,"cards_transformed":["Hologram"],"event_name":"Transmorgrifier","player_choice":"Transformed","floor":28.0,"gold_loss":0.0,"damage_taken":0.0,"cards_obtained":["All For One"]},{"damage_healed":0.0,"max_hp_gain":0.0,"max_hp_loss":0.0,"gold_gain":0.0,"event_name":"WeMeetAgain","player_choice":"Gave Potion","floor":30.0,"gold_loss":0.0,"damage_taken":0.0,"relics_obtained":["Lantern"]},{"damage_healed":0.0,"max_hp_gain":0.0,"max_hp_loss":0.0,"gold_gain":0.0,"event_name":"Mysterious Sphere","player_choice":"Fight","floor":36.0,"gold_loss":0.0,"damage_taken":0.0},{"damage_healed":0,"gold_gain":0,"player_choice":"Memory 3","damage_taken":10,"max_hp_gain":0,"max_hp_loss":0,"event_name":"SensoryStone","floor":45,"gold_loss":0},{"cards_removed":["Defend_B"],"damage_healed":0,"gold_gain":0,"player_choice":"Card Removal","damage_taken":0,"max_hp_gain":0,"max_hp_loss":0,"event_name":"Wheel of Change","floor":47,"gold_loss":0}],"is_beta":false,"boss_relics":[{"not_picked":["Nuclear Battery","Fusion Hammer"],"picked":"Astrolabe"},{"not_picked":["Pandora\u0027s Box","Busted Crown"],"picked":"Runic Pyramid"}],"items_purged_floors":[0,5,24,38,54],"is_endless":false,"potions_floor_spawned":[1,8,11,14,16,18,20,33,35,37,39,42,48,55],"ascension_level":20}}