{"host":"w8hjdfrntrrvtiu5","time":1610601520,"event":{"mods":["AchievementEnabler","BaseMod","BetterRewards","Conspire","Hubris","Marisa????????","Minty Spire (QoL Compilation)","Shop Mod","StSLib","Td1madao Mod","The Animator","egg","everything is the same but u backflip on backflip"],"gold_per_floor":[113,113,113,42,60,92,92,111,137,137,164,239,239,239,239,239,239],"floor_reached":16,"language":"ENG","playtime":321,"items_purged":[],"score":170,"play_id":"9585680b-7267-4cb2-8317-7062739f41a9","local_time":"20210114001840","is_ascension_mode":true,"campfire_choices":[{"data":"Cleave","floor":7.0,"key":"SMITH"},{"data":"Flame Barrier","floor":10.0,"key":"SMITH"},{"data":"Seeing Red","floor":15.0,"key":"SMITH"}],"circlet_count":0,"master_deck":["AscendersBane","Strike_R","Strike_R","Strike_R","Strike_R","Strike_R","Defend_R","Defend_R","Defend_R","Defend_R","Bash","Sever Soul+1","Reaper","Cleave+1","Seeing Red+1","Flame Barrier+1","Impervious"],"relics":["Burning Blood","hubris:DisguiseKit","hubris:Potato","Ancient Tea Set","hubris:TinFlute","hubris:Icosahedron","Anchor"],"acts_visited":["Exordium"],"potions_floor_usage":[16],"damage_taken":[{"damage":1.0,"enemies":"Cultist","floor":1.0,"turns":3.0},{"damage":14.0,"enemies":"Jaw Worm","floor":5.0,"turns":4.0},{"damage":35.0,"enemies":"3 Sentries","floor":6.0,"turns":5.0},{"damage":1.0,"enemies":"2 Louse","floor":8.0,"turns":2.0},{"damage":20.0,"enemies":"Gremlin Nob","floor":11.0,"turns":4.0},{"damage":23,"enemies":"The Guardian","floor":16,"turns":9}],"seed_played":"-1079274879488387648","potions_obtained":[{"floor":0.0,"key":"Block Potion"},{"floor":0.0,"key":"EntropicBrew"},{"floor":0.0,"key":"CultistPotion"}],"is_trial":false,"path_per_floor":["M","?","T","$","M","E","R","M","T","R","E","?","?","?","R","B"],"character_chosen":"IRONCLAD","items_purchased":["Reaper"],"campfire_rested":0,"item_purchase_floors":[4],"current_hp_per_floor":[77,77,77,77,75,61,61,66,66,66,54,43,43,31,31,8,8],"gold":239,"neow_bonus":"THREE_SMALL_POTIONS","is_daily":false,"chose_seed":false,"campfire_upgraded":3,"win_rate":0.0,"timestamp":1610601520,"path_taken":["M","?","?","$","?","E","R","M","T","R","E","?","?","?","R","BOSS"],"items_purchased_type":["Card"],"build_version":"2020-12-22","purchased_purges":0,"victory":false,"max_hp_per_floor":[80,80,80,80,80,80,80,80,80,80,80,80,80,80,80,80,80],"card_choices":[{"not_picked":["hubris:ReadiedAction","Twin Strike"],"picked":"Sever Soul","floor":1.0},{"not_picked":["Headbutt","Flex","Halt"],"picked":"Cleave","floor":5.0},{"not_picked":["conspire:Charge","Clash","InnerPeace"],"picked":"Seeing Red","floor":6.0},{"not_picked":["Twin Strike","Uppercut","Collect"],"picked":"Flame Barrier","floor":8.0},{"not_picked":["Uppercut","Flex","Weave"],"picked":"Impervious","floor":11.0}],"player_experience":2393378,"relics_obtained":[{"floor":3.0,"key":"hubris:DisguiseKit"},{"floor":6.0,"key":"hubris:Potato"},{"floor":9.0,"key":"Ancient Tea Set"},{"floor":11.0,"key":"hubris:TinFlute"}],"event_choices":[{"damage_healed":0.0,"max_hp_gain":0.0,"max_hp_loss":0.0,"gold_gain":75.0,"event_name":"World of Goop","player_choice":"Gather Gold","floor":12.0,"gold_loss":0.0,"damage_taken":11.0},{"damage_healed":0.0,"max_hp_gain":0.0,"max_hp_loss":0.0,"gold_gain":0.0,"event_name":"Scrap Ooze","player_choice":"Success","floor":14.0,"gold_loss":0.0,"damage_taken":12.0,"relics_obtained":["Anchor"]}],"is_beta":false,"boss_relics":[],"items_purged_floors":[],"is_endless":false,"potions_floor_spawned":[5],"killed_by":"The Guardian","ascension_level":12}}