{"host":"qvm8mnkwg7phaqzl","time":1610585550,"event":{"mods":["2.2 Compatiblity","Act Like it!","Aspiration","Astrologer","Bard","BaseMod","Beaked The Cultist","Better Altar","Better Match","Better Note","Better Sensory Stone","Better Skull","Better Third Choice","CCEM","CapriCore","CatGirl Mod","Chen","Colored Map","Colored Powertips","Conspire","DeckTracker","Downfall","Elementarium","Friendly Minions","Gensokyo","GifTheSpireLib","Gremlin Mod","Halation","Hermit","Hubris","Koishi","Marisa（霧雨　魔理沙）","Marked Mod","Mathematician","Minty Spire (QoL Compilation)","Onozuka Komachi Mod","Potionbrewer","Random Character Button","Rare Cards Sparkle","Reimu（博??梦）","Replay The Spire","Shade Mod","Somnambulant","StSLib","The Accelerator","The Administrix","The Alterego","The Blackbeard","The Bladedancer","The Bug Knight","The Caster","The Construct","The Cursed","The Disciple","The Dragon Tamer","The Druid","The Elementalist","The Factory","The Florist","The Forsaken","The Gatherer","The Hierophant","The Immortal","The Judge","The Juggle","The Jungle","The Marked","The Mystic","The Necromancer","The Poker Player","The Problem Sleuth","The Runesmith","The Sage","The Servant 0.9.4","The Spell Scribe","The Valiant","The Witch","TheArtist","TheBandit","TheFirefly","Wandering Minibosses","Yakumo Yukari mod","Yuyuko","vexMod","yUi"],"gold_per_floor":[112,66,76,96,108,136,136,54,126,126,157,170,187,222,222,326,326,345,362,94,104,204,204,229,44,44,60,60,79,79,49,49,147,147,163,96,196,51,67,94,94,104,156,191,207,242,261,7,7,7,7,7,7,40,40],"floor_reached":56,"language":"ENG","playtime":12931,"items_purged":["bard:Defend","bard:Strike"],"score":1227,"play_id":"57ae41f7-2cb9-4e45-92cb-b0d9224e3d80","local_time":"20210113185230","is_ascension_mode":false,"campfire_choices":[{"floor":7.0,"key":"REST"},{"floor":10.0,"key":"REST"},{"data":"bard:PowerWordStun","floor":15.0,"key":"SMITH"},{"data":"bard:SixFourTime","floor":23.0,"key":"SMITH"},{"data":"Trip","floor":28.0,"key":"SMITH"},{"data":"bard:DiscordantVoice","floor":30.0,"key":"SMITH"},{"floor":32.0,"key":"RECALL"},{"data":"bard:Sonata","floor":41,"key":"SMITH"},{"data":"wanderingMiniBosses:FinaleOfPromise","floor":49,"key":"SMITH"}],"circlet_count":0,"master_deck":["bard:Strike","bard:Strike","bard:Strike","bard:Defend","bard:Defend","bard:Defend","bard:Riposte","bard:Inspire+1","bard:FaerieFire+1","bard:Greatness","bard:LingeringEcho","bard:PowerWordStun+1","bard:PhantasmalForce","bard:SixFourTime+1","bard:Thunderwave","bard:FeastOnFear","bard:Thunderwave","bard:CovetousAura","bard:DiscordantVoice+1","bard:Accelerando+1","bard:Parry","bard:Demoralize","bard:FirstStrike+1","Trip+1","bard:Gamble+1","bard:SplendidForm","bard:LifeDrain","bard:Sonata+1","bard:BestowCurse+1","bard:Rhapsody","wanderingMiniBosses:FinaleOfPromise+1","bard:Shout+1"],"relics":["bard:PitchPipe","bard:BagPipes","betterThird:SlimedRelic","Thread and Needle","Chameleon Ring","CCEMRelics:Sandal","CCEMRelics:GrapeVine","Velvet Choker","ReplayFunnel","Letter Opener","vexMod:InvisibilityCloak","construct:WeddingRing","Lizard Tail","War Paint","wanderingMiniBosses:Blackblade","Toy Ornithopter","vexMod:ScavengeHelm","HollowMod:PaleOreRelic"],"acts_visited":["Exordium","TheCity","TheBeyond","TheEnding"],"potions_floor_usage":[42,47,50,54,54,55],"damage_taken":[{"damage":0.0,"enemies":"2 Louse","floor":1.0,"turns":4.0},{"damage":27.0,"enemies":"Jaw Worm","floor":3.0,"turns":10.0},{"damage":4.0,"enemies":"conspire:RoseBush","floor":4.0,"turns":3.0},{"damage":6.0,"enemies":"Exordium Thugs","floor":5.0,"turns":4.0},{"damage":7.0,"enemies":"Gremlin Nob","floor":6.0,"turns":5.0},{"damage":7.0,"enemies":"3 Sentries","floor":11.0,"turns":13.0},{"damage":0.0,"enemies":"2 Fungi Beasts","floor":12.0,"turns":2.0},{"damage":0.0,"enemies":"3 Louse","floor":13.0,"turns":3.0},{"damage":0.0,"enemies":"Replay:BlueRogue","floor":14.0,"turns":6.0},{"damage":0.0,"enemies":"Slime Boss","floor":16.0,"turns":5.0},{"damage":4.0,"enemies":"Shell Parasite","floor":18.0,"turns":7.0},{"damage":3.0,"enemies":"conspire:FuzzyDice","floor":19.0,"turns":4.0},{"damage":0.0,"enemies":"Centurion and Healer","floor":21.0,"turns":6.0},{"damage":0.0,"enemies":"HollowMod:Nosk","floor":24.0,"turns":7.0},{"damage":0.0,"enemies":"conspire:HollyBat","floor":27.0,"turns":7.0},{"damage":0.0,"enemies":"Snecko","floor":29.0,"turns":7.0},{"damage":0.0,"enemies":"hubris:MusketHawk","floor":33.0,"turns":7.0},{"damage":0,"enemies":"Orb Walker","floor":35,"turns":4},{"damage":0,"enemies":"3 Darklings","floor":39,"turns":4},{"damage":0,"enemies":"beaked:SuperParasite","floor":40,"turns":11},{"damage":9,"enemies":"Sphere and 2 Shapes","floor":42,"turns":8},{"damage":7,"enemies":"R_Hoarder","floor":44,"turns":8},{"damage":0,"enemies":"4 Shapes","floor":45,"turns":4},{"damage":9,"enemies":"beaked:SuperParasite","floor":46,"turns":10},{"damage":18,"enemies":"Writhing Mass","floor":47,"turns":7},{"damage":7,"enemies":"Replay:Hell Engine","floor":50,"turns":14},{"damage":17,"enemies":"Shield and Spear","floor":54,"turns":6},{"damage":46,"enemies":"The Heart","floor":55,"turns":10}],"seed_played":"1019563926241502534","potions_obtained":[{"floor":1.0,"key":"Elixir"},{"floor":5.0,"key":"FearPotion"},{"floor":6.0,"key":"potionbrewer:DiscountPotion"},{"floor":13.0,"key":"Explosive Potion"},{"floor":16.0,"key":"champ:CounterPotion"},{"floor":19.0,"key":"Strength Potion"},{"floor":21.0,"key":"Reflective Coating"},{"floor":27.0,"key":"GamblersBrew"},{"floor":31.0,"key":"PowerPotion"},{"floor":31.0,"key":"Ancient Potion"},{"floor":35,"key":"Swift Potion"},{"floor":46,"key":"SkillPotion"},{"floor":52,"key":"bard:InspiredBrew"},{"floor":52,"key":"Reflective Coating"},{"floor":54,"key":"LiquidMemories"}],"is_trial":false,"path_per_floor":["M","?","M","M","M","E","R","$","T","R","E","M","M","E","R","B",null,"M","M","$","M","?","R","E","$","T","M","R","M","R","?","R","B",null,"M","$","?","$","M","E","R","M","T","E","M","E","M","$","R","B",null,"R","$","E","B",null],"character_chosen":"BARD","items_purchased":["bard:SixFourTime","ReplayFunnel","bard:Parry","Trip","bard:LifeDrain","bard:Sonata","vexMod:ScavengeHelm"],"campfire_rested":2,"item_purchase_floors":[8,20,20,25,36,38,48],"current_hp_per_floor":[77,66,39,35,29,22,45,45,45,68,61,61,61,61,61,61,77,73,70,70,70,70,70,70,70,70,70,70,70,70,70,70,70,77,77,77,77,77,77,77,77,68,68,61,61,52,39,39,39,37,77,77,77,60,19],"gold":40,"neow_bonus":"TEN_PERCENT_HP_BONUS","is_daily":false,"chose_seed":false,"campfire_upgraded":6,"win_rate":0.0,"timestamp":1610585550,"path_taken":["M","?","M","M","M","E","R","$","T","R","E","M","M","E","R_BF","BOSS","M","M","$","M","?","R","E","?","T","?","R","M","R","?","R","BOSS","M","$","?","$","M","E","R","M","T","E","M","E","M","?","R","BOSS","R","$","E","BOSS"],"items_purchased_type":["Card","Relic","Card","Card","Card","Card","Relic"],"build_version":"2020-12-22","purchased_purges":2,"victory":true,"max_hp_per_floor":[77,77,77,77,77,77,77,77,77,77,77,77,77,77,77,77,77,77,77,77,77,77,77,77,77,77,77,77,77,77,77,77,77,77,77,77,77,77,77,77,77,77,77,77,77,77,77,77,77,77,77,77,77,77,77],"card_choices":[{"not_picked":["bard:StudiedStrike","bard:CuttingWords"],"picked":"bard:FaerieFire","floor":1.0},{"not_picked":["bard:InspiringSong","bard:MantleOfInspiration"],"picked":"bard:Greatness","floor":3.0},{"not_picked":["bard:StudiedStrike","bard:EchoEcho"],"picked":"bard:LingeringEcho","floor":4.0},{"not_picked":["bard:BucklerBash","bard:Parry"],"picked":"bard:PowerWordStun","floor":5.0},{"not_picked":["bard:SongBolt","bard:ThickOfTheFight"],"picked":"bard:PhantasmalForce","floor":6.0},{"not_picked":["bard:SixFourTime","bard:FaerieFire"],"picked":"bard:Thunderwave","floor":11.0},{"not_picked":["bard:SixFourTime","bard:PhantasmalForce","bard:TinyHut"],"picked":"SKIP","floor":12.0},{"not_picked":["bard:InspiringSong","bard:LifeDrain"],"picked":"bard:FeastOnFear","floor":13.0},{"not_picked":["bard:FirstStrike","bard:ViciousMockery"],"picked":"bard:Thunderwave","floor":14.0},{"not_picked":["bard:BottledSong","bard:Focused"],"picked":"bard:CovetousAura","floor":16.0},{"not_picked":["bard:LifeDrain","bard:LingeringEcho"],"picked":"bard:DiscordantVoice","floor":18.0},{"not_picked":["bard:FaerieFire+1","bard:TinyHut"],"picked":"bard:Accelerando+1","floor":19.0},{"not_picked":["bard:Thunderwave+1","bard:Parry+1"],"picked":"bard:Demoralize","floor":21.0},{"not_picked":["bard:FaerieFire","bard:PhantasmalForce"],"picked":"bard:FirstStrike+1","floor":24.0},{"not_picked":["bard:TinyHut","bard:Aphasia"],"picked":"bard:Gamble+1","floor":27.0},{"not_picked":["bard:BestowCurse","bard:TinyHut","bard:Gamble"],"picked":"SKIP","floor":29.0},{"not_picked":["bard:Haste","bard:FingerOfDeath"],"picked":"bard:SplendidForm","floor":33.0},{"not_picked":["bard:DervishDance+1","bard:Doot","bard:StudiedStrike"],"picked":"SKIP","floor":35},{"not_picked":["bard:Gamble","bard:FalseLife+1","bard:PhantasmalForce"],"picked":"SKIP","floor":39},{"not_picked":["bard:Thunderwave","bard:Fermata"],"picked":"bard:BestowCurse+1","floor":40},{"not_picked":["bard:PrismaticSpray","bard:Aphasia","bard:PhantasmalForce"],"picked":"SKIP","floor":42},{"not_picked":["bard:Gamble+1","bard:Fermata"],"picked":"bard:Rhapsody","floor":44},{"not_picked":[],"picked":"wanderingMiniBosses:FinaleOfPromise","floor":45},{"not_picked":["bard:Sift+1","bard:GreaterMagicWeapon+1","bard:Doot"],"picked":"SKIP","floor":45},{"not_picked":["bard:Balestra+1","bard:Flourish","bard:EnGarde+1"],"picked":"SKIP","floor":46},{"not_picked":["bard:PhantasmalForce+1","bard:FaerieFire+1","bard:TinyHut"],"picked":"SKIP","floor":47},{"not_picked":["bard:TinyHut+1","bard:Demoralize"],"picked":"bard:Shout+1","floor":54}],"player_experience":741454,"relics_obtained":[{"floor":6.0,"key":"Thread and Needle"},{"floor":9.0,"key":"Chameleon Ring"},{"floor":11.0,"key":"CCEMRelics:Sandal"},{"floor":14.0,"key":"CCEMRelics:GrapeVine"},{"floor":24.0,"key":"Letter Opener"},{"floor":26.0,"key":"vexMod:InvisibilityCloak"},{"floor":40,"key":"Lizard Tail"},{"floor":44,"key":"War Paint"},{"floor":45,"key":"wanderingMiniBosses:Blackblade"},{"floor":46,"key":"Toy Ornithopter"},{"floor":54,"key":"HollowMod:PaleOreRelic"}],"event_choices":[{"damage_healed":0.0,"max_hp_gain":0.0,"max_hp_loss":0.0,"gold_gain":0.0,"event_name":"betterThird:BetterGoop","player_choice":"Slimed","floor":2.0,"gold_loss":46.0,"damage_taken":11.0},{"damage_healed":0.0,"max_hp_gain":0.0,"max_hp_loss":0.0,"gold_gain":100.0,"event_name":"Golden Shrine","player_choice":"Pray","floor":22.0,"gold_loss":0.0,"damage_taken":0.0},{"damage_healed":0.0,"max_hp_gain":0.0,"max_hp_loss":0.0,"gold_gain":0.0,"event_name":"The Woman in Blue","player_choice":"Bought 2 Potions","floor":31.0,"gold_loss":0.0,"damage_taken":0.0},{"damage_healed":0,"gold_gain":100,"player_choice":"Pray","damage_taken":0,"max_hp_gain":0,"max_hp_loss":0,"event_name":"Golden Shrine","floor":37,"gold_loss":0}],"is_beta":false,"boss_relics":[{"not_picked":["hubris:VirtuousBlindfold","hubris:GrandSneckoEye"],"picked":"Velvet Choker"},{"not_picked":["halation:SmartPhone","aspiration:MarisaSkillbook"],"picked":"construct:WeddingRing"}],"items_purged_floors":[20,25],"is_endless":false,"potions_floor_spawned":[1,5,6,13,16,19,21,27,35,46,54],"ascension_level":0}}