{"host":"bc854wfl0ro9ufwd","time":1610585309,"event":{"mods":["AchievementEnabler","BaseMod","Colored Powertips","Friendly Minions","Hubris","Infinite Spire","Minty Spire (QoL Compilation)","Quick Restart","Replay The Spire","Shop Mod","StSLib","The Disciple","The Jungle"],"gold_per_floor":[117,117,117,117,19,47,47,67,67,98,98,424,438,463,463,463,463],"floor_reached":16,"language":"ENG","playtime":329,"items_purged":[],"score":128,"play_id":"7d498054-c83d-4d35-99b3-f2f7ea3e9bc0","local_time":"20210113164829","is_ascension_mode":true,"campfire_choices":[{"floor":7,"key":"REST"},{"floor":15,"key":"REST"}],"circlet_count":0,"master_deck":["Strike_G","Strike_G","Strike_G","Strike_G","Strike_G","Defend_G","Defend_G+1","Defend_G","Defend_G","Defend_G+1","Survivor","Neutralize","Blade Dance+1","Swift Strike","Die Die Die","Slice"],"relics":["Ring of the Snake","hubris:Icosahedron","Simple Rune","Sundial","ReplayTheSpireMod:Ninjato","Old Coin","Anchor"],"acts_visited":["Exordium"],"potions_floor_usage":[],"damage_taken":[{"damage":7,"enemies":"2 Louse","floor":1,"turns":4},{"damage":36,"enemies":"Gremlin Nob","floor":6,"turns":5},{"damage":4,"enemies":"Small Slimes","floor":8,"turns":3},{"damage":37,"enemies":"Lagavulin","floor":10,"turns":7},{"damage":14,"enemies":"Replay:BlueRogue","floor":12,"turns":3},{"damage":0,"enemies":"Cultist","floor":13,"turns":1},{"damage":0,"enemies":"Fading Forest","floor":16,"turns":1}],"seed_played":"9201541065558142967","potions_obtained":[{"floor":1,"key":"Dexterity Potion"},{"floor":13,"key":"GhostInAJar"}],"is_trial":false,"path_per_floor":["M","?","?","?","$","E","R","M","T","E","?","E","M","T","R","B"],"character_chosen":"THE_SILENT","items_purchased":["Swift Strike"],"campfire_rested":2,"item_purchase_floors":[5],"current_hp_per_floor":[70,70,75,75,75,39,63,59,59,22,22,8,8,8,32,32,32],"gold":463,"neow_bonus":"TEN_PERCENT_HP_BONUS","is_daily":false,"chose_seed":false,"campfire_upgraded":0,"win_rate":0.0,"timestamp":1610585309,"path_taken":["M","?","?","?","$","E","R","M","T","E","?","E","?","?","R","BOSS"],"items_purchased_type":["Card"],"build_version":"2020-12-22","purchased_purges":0,"victory":false,"max_hp_per_floor":[77,77,82,82,82,82,82,82,82,82,82,82,82,82,82,82,82],"card_choices":[{"not_picked":["hubris:Sniper","Caltrops"],"picked":"Blade Dance","floor":1},{"not_picked":["ReplayTheSpireMod:Exploit Weakness","Underhanded Strike","Sucker Punch"],"picked":"SKIP","floor":6},{"not_picked":["Heel Hook","Sucker Punch","Dodge and Roll"],"picked":"SKIP","floor":8},{"not_picked":["Heel Hook","Concentrate"],"picked":"Die Die Die","floor":10},{"not_picked":["Acrobatics","Quick Slash"],"picked":"Slice","floor":12},{"not_picked":["Dodge and Roll","Sneak Up","Deflect"],"picked":"SKIP","floor":13}],"player_experience":57352,"relics_obtained":[{"floor":6,"key":"Simple Rune"},{"floor":9,"key":"Sundial"},{"floor":10,"key":"ReplayTheSpireMod:Ninjato"},{"floor":12,"key":"Old Coin"},{"floor":14,"key":"Anchor"}],"event_choices":[{"damage_healed":0,"gold_gain":0,"player_choice":"Donut","damage_taken":0,"max_hp_gain":5,"max_hp_loss":0,"event_name":"Big Fish","floor":3,"gold_loss":0},{"damage_healed":0,"gold_gain":0,"player_choice":"Upgraded","damage_taken":0,"max_hp_gain":0,"max_hp_loss":0,"event_name":"Upgrade Shrine","floor":11,"gold_loss":0,"cards_upgraded":["Blade Dance"]}],"is_beta":false,"boss_relics":[],"items_purged_floors":[],"is_endless":false,"potions_floor_spawned":[1,13],"killed_by":"Fading Forest","ascension_level":2}}