{"host":"ELF","time":1610640157,"event":{"mods":["BaseMod","Minty Spire (QoL Compilation)"],"gold_per_floor":[119,119,135,60,60,60,99,123,148,148,187,187,201,217,217,217,217],"floor_reached":16,"language":"ENG","playtime":426,"items_purged":[],"score":263,"play_id":"b49c31af-00de-41d5-a94f-c41fe09cf42e","local_time":"20210114100237","is_ascension_mode":true,"campfire_choices":[{"data":"Leap","floor":6,"key":"SMITH"},{"data":"Storm","floor":10,"key":"SMITH"},{"floor":12,"key":"REST"},{"data":"White Noise","floor":15,"key":"SMITH"}],"circlet_count":0,"master_deck":["AscendersBane","Strike_B","Strike_B","Strike_B","Defend_B","Defend_B","Defend_B","Zap","Dualcast","Leap+1","Storm+1","Coolheaded","White Noise+1","Genetic Algorithm","Reinforced Body","Reinforced Body"],"relics":["Cracked Core","NeowsBlessing","Golden Idol","Ancient Tea Set","Bag of Marbles","Bronze Scales"],"acts_visited":["Exordium"],"potions_floor_usage":[13],"damage_taken":[{"damage":0,"enemies":"Cultist","floor":1,"turns":1},{"damage":0,"enemies":"Jaw Worm","floor":3,"turns":1},{"damage":0,"enemies":"Lagavulin","floor":7,"turns":1},{"damage":0,"enemies":"2 Louse","floor":8,"turns":2},{"damage":35,"enemies":"3 Sentries","floor":11,"turns":12},{"damage":0,"enemies":"Blue Slaver","floor":13,"turns":1},{"damage":2,"enemies":"2 Fungi Beasts","floor":14,"turns":4},{"damage":39,"enemies":"Hexaghost","floor":16,"turns":9}],"seed_played":"6615692599487815410","potions_obtained":[{"floor":11,"key":"AttackPotion"},{"floor":14,"key":"DuplicationPotion"}],"is_trial":false,"path_per_floor":["M","?","M","?","?","R","E","M","T","R","E","R","M","M","R","B"],"character_chosen":"DEFECT","items_purchased":[],"campfire_rested":1,"item_purchase_floors":[],"current_hp_per_floor":[64,64,64,64,57,57,57,57,57,57,22,41,41,39,39,0,0],"gold":217,"neow_bonus":"THREE_ENEMY_KILL","is_daily":false,"chose_seed":false,"campfire_upgraded":3,"win_rate":0.0,"timestamp":1610640157,"path_taken":["M","?","M","?","?","R","E","M","T","R","E","R","M","M","R","BOSS"],"items_purchased_type":[],"build_version":"2020-12-18","purchased_purges":0,"victory":false,"max_hp_per_floor":[71,64,64,64,64,64,64,64,64,64,64,64,64,64,64,64,64],"card_choices":[{"not_picked":["Hologram","Heatsinks"],"picked":"Leap","floor":1},{"not_picked":["Go for the Eyes","Compile Driver"],"picked":"Storm","floor":3},{"not_picked":["Scrape","Go for the Eyes"],"picked":"Coolheaded","floor":7},{"not_picked":["Coolheaded","Cold Snap"],"picked":"White Noise","floor":8},{"not_picked":["Turbo","Skim"],"picked":"Genetic Algorithm","floor":11},{"not_picked":["Turbo","Meteor Strike"],"picked":"Reinforced Body","floor":13},{"not_picked":["Hologram","Leap"],"picked":"Reinforced Body","floor":14}],"player_experience":3199268,"relics_obtained":[{"floor":7,"key":"Ancient Tea Set"},{"floor":9,"key":"Bag of Marbles"},{"floor":11,"key":"Bronze Scales"}],"event_choices":[{"damage_healed":0,"gold_gain":0,"player_choice":"Lose Max HP","damage_taken":0,"relics_obtained":["Golden Idol"],"max_hp_gain":0,"max_hp_loss":7,"event_name":"Golden Idol","floor":2,"gold_loss":0},{"cards_removed":["Defend_B"],"damage_healed":0,"gold_gain":0,"player_choice":"Card Removal","damage_taken":0,"max_hp_gain":0,"max_hp_loss":0,"event_name":"The Cleric","floor":4,"gold_loss":75},{"cards_removed":["Strike_B"],"damage_healed":0,"gold_gain":0,"player_choice":"Card Removal","damage_taken":7,"max_hp_gain":0,"max_hp_loss":0,"event_name":"Golden Wing","floor":5,"gold_loss":0}],"is_beta":true,"boss_relics":[],"items_purged_floors":[],"is_endless":false,"potions_floor_spawned":[11,14],"killed_by":"Hexaghost","ascension_level":19}}