{"host":"kn32u0f2pym5bozc","time":1610594211,"event":{"mods":["2.2 Compatiblity","BaseMod","Better Third Choice","Minty Spire (QoL Compilation)","Permanent Neow","Relic Stats","StSLib","The Animator"],"gold_per_floor":[118,3,18,18,37,37,68,68,68,81,124,149,149,167,167,241,241,261,211,221,238,254,254,280,304,304,334,334,368,14,32,32,107,107,131,131,131,157,197,197,42,42,42],"floor_reached":42,"language":"ENG","playtime":2158,"items_purged":["animator:Strike"],"score":859,"play_id":"c21f65e0-3cd8-4e8e-ba02-1fa3d742eb41","local_time":"20210113221651","is_ascension_mode":true,"campfire_choices":[{"data":"animator:ElricEdward","floor":6.0,"key":"SMITH"},{"data":"animator:Aqua","floor":8.0,"key":"SMITH"},{"floor":13.0,"key":"REST"},{"data":"animator:DwarfShaman","floor":15.0,"key":"SMITH"},{"data":"animator:Jibril","floor":23.0,"key":"SMITH"},{"data":"animator:YunYun","floor":28.0,"key":"SMITH"},{"data":"animator:Kazuma","floor":32,"key":"SMITH"},{"data":"animator:HigakiRinne","floor":40,"key":"SMITH"}],"circlet_count":0,"master_deck":["AscendersBane","animator:Defend_FullmetalAlchemist","animator:Strike","animator:Strike","animator:Defend","animator:Defend+1","animator:Defend+1","animator:ElricEdward+1","animator:ElricAlphonse","animator:Jibril+1","animator:Arpeggio","animator:Megumin+16","animator:SakuraMatou","animator:Aqua+1","animator:DwarfShaman+1","animator:Gillette","animator:TukaLunaMarceau","animator:Boros","animator:YaoHaDucy","animator:Kazuma+1","animator:YunYun+1","animator:Witch+1","animator:Caster","animator:Fredrika","animator:MadokaKaname","animator:YachiyoNanami+1","animator:Guy","animator:GuildGirl+1","animator:SwordMaiden","animator:Kazuma","animator:HigakiRinne+1","animator:Vesta","animator:WinryRockbell+1","animator:Lu"],"relics":["animator:LivingPicture","animator:TheMissingPiece","animator:PurgingStone","NeowsBlessing","Bronze Scales","CloakClasp","Matryoshka","Coffee Dripper","CaptainsWheel","War Paint","Akabeko","Regal Pillow","animator:Buoy","Art of War","Frozen Egg 2","Sozu"],"acts_visited":["Exordium","TheCity","TheBeyond"],"potions_floor_usage":[33],"damage_taken":[{"damage":0.0,"enemies":"2 Louse","floor":1.0,"turns":1.0},{"damage":0.0,"enemies":"Cultist","floor":3.0,"turns":1.0},{"damage":0.0,"enemies":"Jaw Worm","floor":5.0,"turns":1.0},{"damage":28.0,"enemies":"Lagavulin","floor":7.0,"turns":4.0},{"damage":0.0,"enemies":"3 Louse","floor":10.0,"turns":1.0},{"damage":0.0,"enemies":"Gremlin Nob","floor":12.0,"turns":4.0},{"damage":0.0,"enemies":"Red Slaver","floor":14.0,"turns":4.0},{"damage":25.0,"enemies":"Hexaghost","floor":16.0,"turns":6.0},{"damage":1.0,"enemies":"3 Byrds","floor":18.0,"turns":1.0},{"damage":1.0,"enemies":"Spheric Guardian","floor":20.0,"turns":3.0},{"damage":9.0,"enemies":"Cultist and Chosen","floor":21.0,"turns":4.0},{"damage":10.0,"enemies":"3 Cultists","floor":22.0,"turns":4.0},{"damage":22.0,"enemies":"Slavers","floor":24.0,"turns":4.0},{"damage":7.0,"enemies":"Book of Stabbing","floor":27.0,"turns":4.0},{"damage":25.0,"enemies":"Slavers","floor":29.0,"turns":4.0},{"damage":0,"enemies":"Snake Plant","floor":31,"turns":4},{"damage":3,"enemies":"Collector","floor":33,"turns":7},{"damage":0,"enemies":"Orb Walker","floor":35,"turns":3},{"damage":0,"enemies":"3 Darklings","floor":38,"turns":1},{"damage":0,"enemies":"Sphere and 2 Shapes","floor":39,"turns":3},{"damage":59,"enemies":"Giant Head","floor":42,"turns":7}],"seed_played":"3068655442101576359","potions_obtained":[{"floor":3.0,"key":"DistilledChaos"},{"floor":4.0,"key":"PowerPotion"},{"floor":7.0,"key":"Block Potion"},{"floor":12.0,"key":"animator:FalseLifePotion"},{"floor":14.0,"key":"LiquidMemories"},{"floor":20.0,"key":"Ancient Potion"},{"floor":21.0,"key":"Dexterity Potion"},{"floor":29.0,"key":"animator:GrowthPotion"},{"floor":33,"key":"BlessingOfTheForge"}],"is_trial":false,"path_per_floor":["M","$","M","?","M","R","E","R","T","M","?","E","R","M","R","B",null,"M","?","M","M","M","R","E","T","T","E","R","E","$","M","R","B",null,"M","?","?","M","M","R","$","E"],"character_chosen":"THE_ANIMATOR","items_purchased":["animator:Arpeggio","animator:Elsword","Frozen Egg 2","animator:YachiyoNanami+1","animator:Guy","animator:Lu"],"campfire_rested":1,"item_purchase_floors":[2,2,30,30,30,41],"current_hp_per_floor":[54,54,54,54,54,54,26,26,26,26,26,26,44,47,47,25,51,53,53,58,57,50,50,36,36,36,35,35,13,13,19,19,25,51,54,44,44,44,44,44,44,0,0],"gold":42,"neow_bonus":"THREE_ENEMY_KILL","is_daily":false,"chose_seed":false,"campfire_upgraded":7,"win_rate":0.0,"timestamp":1610594211,"path_taken":["M","$","M","?","?","R","E","R","T","M","?","E","R","M","R","BOSS","M","?","M","?","M","R","E","?","T","E","R","E","$","M","R","BOSS","M","?","?","M","M","R","$","E"],"items_purchased_type":["Card","Card","Relic","Card","Card","Card"],"build_version":"2020-12-22","purchased_purges":1,"victory":false,"max_hp_per_floor":[60,60,60,60,60,60,60,60,60,60,60,60,60,60,60,60,60,60,60,60,60,60,60,60,60,60,60,60,60,60,60,60,60,60,60,60,60,60,60,60,60,60,60],"relic_stats":{"Sozu":2,"Regal Pillow":0,"counters":[21,69],"Bronze Scales":[188],"CloakClasp":[95],"Art of War":[3],"War Paint":["animator:Defend","animator:Defend"],"obtain_stats":[{"animator:Buoy":27,"Regal Pillow":26,"NeowsBlessing":0,"animator:TheMissingPiece":0,"CloakClasp":9,"War Paint":25,"Frozen Egg 2":30,"Akabeko":25,"Sozu":34,"CaptainsWheel":24,"Matryoshka":12,"animator:PurgingStone":0,"Bronze Scales":7,"animator:LivingPicture":0,"Coffee Dripper":17,"Art of War":29},{"animator:Buoy":14,"Regal Pillow":13,"NeowsBlessing":0,"animator:TheMissingPiece":0,"CloakClasp":4,"War Paint":13,"Frozen Egg 2":15,"Akabeko":13,"Sozu":17,"CaptainsWheel":13,"Matryoshka":6,"animator:PurgingStone":0,"Bronze Scales":4,"animator:LivingPicture":0,"Coffee Dripper":8,"Art of War":15},{"animator:Buoy":40,"Regal Pillow":36,"NeowsBlessing":0,"animator:TheMissingPiece":0,"CloakClasp":6,"War Paint":36,"Frozen Egg 2":44,"Akabeko":36,"Sozu":55,"CaptainsWheel":36,"Matryoshka":11,"animator:PurgingStone":0,"Bronze Scales":6,"animator:LivingPicture":0,"Coffee Dripper":21,"Art of War":44}]},"card_choices":[{"not_picked":["animator:ElricEdward","animator:Lancer"],"picked":"animator:Jibril","floor":1.0},{"not_picked":["animator:Kazuma","animator:Cocytus"],"picked":"animator:Megumin","floor":3.0},{"not_picked":["animator:Mitsurugi","animator:AcuraAkari"],"picked":"animator:SakuraMatou","floor":5.0},{"not_picked":["animator:Darkness","animator:YunYun"],"picked":"animator:Aqua","floor":7.0},{"not_picked":["animator:Shuna","animator:LizardPriest"],"picked":"animator:DwarfShaman","floor":10.0},{"not_picked":["animator:DolaRiku","animator:Yuuichirou"],"picked":"animator:Gillette","floor":12.0},{"not_picked":["animator:Mikaela","animator:ChlammyZell"],"picked":"animator:TukaLunaMarceau","floor":14.0},{"not_picked":["animator:Guren","animator:FeridBathory"],"picked":"animator:Boros","floor":16.0},{"not_picked":["animator:TukaLunaMarceau","animator:Tyuule"],"picked":"animator:YaoHaDucy","floor":18.0},{"not_picked":["animator:Elsword","animator:Vanir"],"picked":"animator:Kazuma","floor":20.0},{"not_picked":["animator:DolaRiku","animator:Tet"],"picked":"animator:YunYun","floor":21.0},{"not_picked":["animator:ChaikaBohdan","animator:YachiyoNanami"],"picked":"animator:Witch+1","floor":22.0},{"not_picked":["animator:Assassin","animator:Rider"],"picked":"animator:Caster","floor":24.0},{"not_picked":["animator:MumenRider+1","animator:Priestess"],"picked":"animator:Fredrika","floor":27.0},{"not_picked":["animator:Aqua","animator:Melzalgald"],"picked":"animator:MadokaKaname","floor":29.0},{"not_picked":["animator:Kazuma","animator:ElricAlphonse"],"picked":"animator:GuildGirl+1","floor":31},{"not_picked":["animator:HigakiRinne","animator:Sora"],"picked":"animator:SwordMaiden","floor":33},{"not_picked":["animator:Aqua","animator:Mitsurugi"],"picked":"animator:Kazuma","floor":35},{"not_picked":["animator:DwarfShaman+1","animator:MetalKnight"],"picked":"animator:Vesta","floor":38},{"not_picked":["animator:DolaStephanie+1","animator:Father"],"picked":"animator:WinryRockbell+1","floor":39}],"player_experience":835708,"relics_obtained":[{"floor":7.0,"key":"Bronze Scales"},{"floor":9.0,"key":"CloakClasp"},{"floor":12.0,"key":"Matryoshka"},{"floor":24.0,"key":"CaptainsWheel"},{"floor":25.0,"key":"War Paint"},{"floor":25.0,"key":"Akabeko"},{"floor":26.0,"key":"Regal Pillow"},{"floor":27.0,"key":"animator:Buoy"},{"floor":29.0,"key":"Art of War"}],"event_choices":[{"damage_healed":0.0,"max_hp_gain":0.0,"max_hp_loss":0.0,"gold_gain":0.0,"event_name":"Lab","player_choice":"Got Potions","floor":4.0,"gold_loss":0.0,"damage_taken":0.0},{"damage_healed":0.0,"max_hp_gain":0.0,"max_hp_loss":0.0,"gold_gain":0.0,"event_name":"The Joust","player_choice":"Bet on Murderer","floor":19.0,"gold_loss":50.0,"damage_taken":0.0},{"damage_healed":0,"gold_gain":0,"player_choice":"Embrace Madness","damage_taken":10,"max_hp_gain":0,"max_hp_loss":0,"event_name":"Winding Halls","floor":36,"gold_loss":0,"cards_obtained":["animator:HigakiRinne"]},{"cards_removed":["animator:Elsword"],"damage_healed":0,"gold_gain":0,"player_choice":"Removed Attack","damage_taken":0,"max_hp_gain":0,"max_hp_loss":0,"event_name":"Falling","floor":37,"gold_loss":0}],"is_beta":false,"boss_relics":[{"not_picked":["animator:HolyGrailRelic","Fusion Hammer"],"picked":"Coffee Dripper"},{"not_picked":["Velvet Choker","Busted Crown"],"picked":"Sozu"}],"items_purged_floors":[41],"is_endless":false,"potions_floor_spawned":[3,5,7,12,14,20,21,29,33,39],"killed_by":"Giant Head","ascension_level":15}}