{"host":"qqgw5gp46oujbhdl","time":1610664663,"event":{"mods":["Aspiration","Bard","BaseMod","BetterRewards","Downfall","Hermit","Infinite Spire","Jorbs\u0027s Wanderer Trilogy","Minty Spire (QoL Compilation)","Potionbrewer","Robot Space Explorer","Shade Mod","Somnambulant","StSLib","The Cursed","The Death Knight","The Disciple","The Elementalist","The Forsaken","The Hierophant","The Necromancer","The Servant 0.9.4","The Spell Scribe","The Valiant","TheBandit","TheFirefly","Wandering Minibosses"],"gold_per_floor":[113,127,145,145,145,189,264,264,264,334,357,373,373,58,58,187,187,206,206,224,237,197,197,215,215,215,215,215],"floor_reached":27,"language":"POL","playtime":1159,"items_purged":["Shade:Strike_Shade"],"score":213,"play_id":"4815bbf2-a85c-47e8-8930-cc33ed9b7fb4","local_time":"20210114235103","is_ascension_mode":false,"campfire_choices":[{"floor":8,"key":"REST"},{"floor":13,"key":"REST"},{"data":"Shade:FingerOfDeath","floor":15,"key":"SMITH"},{"data":"Shade:FreshBones","floor":23,"key":"SMITH"},{"floor":25,"key":"REST"}],"circlet_count":0,"master_deck":["Shade:Strike_Shade+1","Shade:Strike_Shade+1","Shade:Strike_Shade","Shade:Defend_Shade","Shade:Defend_Shade","Shade:Defend_Shade","Shade:Defend_Shade","Shade:AnimateDead","Shade:CarefulCut","Shade:StitchTogether","Shade:FreshBones+1","Shade:FingerOfDeath+1","Shade:Tombstone","Shade:AncientSpear+1","Shade:FeralStrike+1","expansioncontent:FaceSlap+1","Shade:LichForm+1","Shade:CommandSoldier+1","Shade:CoffinDance+1","Shade:AncientSpear+1","Shade:SensePrey"],"relics":["Shade:YorickSkull","aspiration:SeaSaltIceCream","elementalistmod:MagusStaff","Golden Idol","Pantograph","Molten Egg 2","Toy Ornithopter","Black Star","aspiration:StickyExplosives_weak"],"acts_visited":["Exordium","TheCity"],"potions_floor_usage":[12,16,16,21,27],"damage_taken":[{"damage":0,"enemies":"Cultist","floor":1,"turns":4},{"damage":1,"enemies":"Small Slimes","floor":2,"turns":3},{"damage":0,"enemies":"Jaw Worm","floor":3,"turns":4},{"damage":23,"enemies":"3 Sentries","floor":6,"turns":9},{"damage":13,"enemies":"3 Louse","floor":11,"turns":4},{"damage":0,"enemies":"Large Slime","floor":12,"turns":2},{"damage":41,"enemies":"The Guardian","floor":16,"turns":9},{"damage":13,"enemies":"2 Thieves","floor":18,"turns":4},{"damage":0,"enemies":"Spheric Guardian","floor":20,"turns":2},{"damage":30,"enemies":"Centurion and Healer","floor":21,"turns":4},{"damage":16,"enemies":"3 Cultists","floor":24,"turns":4},{"damage":43,"enemies":"Book of Stabbing","floor":27,"turns":4}],"seed_played":"7943562243887807772","potions_obtained":[{"floor":2,"key":"FearPotion"},{"floor":3,"key":"GamblersBrew"},{"floor":6,"key":"potionbrewer:AcidPotion"},{"floor":12,"key":"Ancient Potion"},{"floor":20,"key":"potionbrewer:NoxiousPotion"},{"floor":24,"key":"Strength Potion"}],"is_trial":false,"path_per_floor":["M","M","M","?","?","E","?","R","T","?","M","M","R","$","R","B",null,"M","?","M","M","?","R","M","R","T","E"],"character_chosen":"SHADE","items_purchased":["Toy Ornithopter","expansioncontent:FaceSlap+1"],"campfire_rested":3,"item_purchase_floors":[14,14],"current_hp_per_floor":[71,70,70,58,41,25,14,35,35,35,22,22,43,43,43,37,71,58,58,58,33,33,33,17,38,38,0,0],"gold":215,"neow_bonus":"TEN_PERCENT_HP_BONUS","is_daily":false,"chose_seed":false,"campfire_upgraded":2,"win_rate":0.0,"timestamp":1610664663,"path_taken":["M","M","?","?","?","E","?","R","T","?","M","?","R","$","R","BOSS","M","?","?","M","?","R","M","R","T","E"],"items_purchased_type":["Relic","Card"],"build_version":"2020-12-22","purchased_purges":1,"victory":false,"max_hp_per_floor":[71,71,71,71,71,71,71,71,71,71,71,71,71,71,71,71,71,71,71,71,71,71,71,71,71,71,71,71],"card_choices":[{"not_picked":["Shade:Bonestorm","Shade:TouchOfTheGrave"],"picked":"Shade:StitchTogether","floor":1},{"not_picked":["Shade:CoffinDance","Shade:GreyBargain"],"picked":"Shade:FreshBones","floor":2},{"not_picked":["Shade:RitualOffering","Shade:Asphyxiate"],"picked":"Shade:FingerOfDeath","floor":3},{"not_picked":["Shade:Premonition","Shade:AuraOfUnlife"],"picked":"Shade:Tombstone","floor":6},{"not_picked":["Shade:CallOfTheGrave","Shade:CallWraith"],"picked":"Shade:AncientSpear+1","floor":11},{"not_picked":["Shade:Excise","Shade:Brains"],"picked":"Shade:FeralStrike+1","floor":12},{"not_picked":["Shade:Tombstone+1","Shade:OminousRitual+1"],"picked":"Shade:LichForm","floor":16},{"not_picked":["Shade:BoneShards+1","Shade:FeralStrike+1"],"picked":"Shade:CommandSoldier+1","floor":18},{"not_picked":["Shade:FleshToFlesh","Shade:ExtraLimbs+1"],"picked":"Shade:CoffinDance+1","floor":20},{"not_picked":["Shade:Excise+1","Shade:Trample+1"],"picked":"Shade:AncientSpear+1","floor":21},{"not_picked":["Shade:ScuttlingHand+1","Shade:Patience+1"],"picked":"Shade:SensePrey","floor":24}],"player_experience":373550,"relics_obtained":[{"floor":6,"key":"Pantograph"},{"floor":9,"key":"Molten Egg 2"},{"floor":26,"key":"aspiration:StickyExplosives_weak"}],"event_choices":[{"damage_healed":0,"gold_gain":0,"player_choice":"Success","damage_taken":12,"relics_obtained":["aspiration:SeaSaltIceCream"],"max_hp_gain":0,"max_hp_loss":0,"event_name":"Scrap Ooze","floor":4,"gold_loss":0},{"damage_healed":0,"gold_gain":0,"player_choice":"Take Damage","damage_taken":17,"relics_obtained":["Golden Idol"],"max_hp_gain":0,"max_hp_loss":0,"event_name":"Golden Idol","floor":5,"gold_loss":0},{"damage_healed":0,"gold_gain":75,"player_choice":"Gather Gold","damage_taken":11,"max_hp_gain":0,"max_hp_loss":0,"event_name":"World of Goop","floor":7,"gold_loss":0},{"damage_healed":0,"gold_gain":70,"player_choice":"Gained Gold","damage_taken":0,"max_hp_gain":0,"max_hp_loss":0,"event_name":"Golden Wing","floor":10,"gold_loss":0},{"damage_healed":0,"gold_gain":0,"player_choice":"Forge","damage_taken":0,"max_hp_gain":0,"max_hp_loss":0,"event_name":"Accursed Blacksmith","floor":19,"gold_loss":0,"cards_upgraded":["Shade:LichForm"]},{"damage_healed":0,"gold_gain":0,"player_choice":"Upgraded Two","damage_taken":0,"max_hp_gain":0,"max_hp_loss":0,"event_name":"Designer","floor":22,"gold_loss":40,"cards_upgraded":["Shade:Strike_Shade","Shade:Strike_Shade"]}],"is_beta":false,"boss_relics":[{"not_picked":["Velvet Choker","Pandora\u0027s Box"],"picked":"Black Star"}],"items_purged_floors":[14],"is_endless":false,"potions_floor_spawned":[2,3,6,12,20,24],"killed_by":"Book of Stabbing","ascension_level":0}}