{"host":"k4v81cw6j0eb8mtc","time":1610597980,"event":{"mods":["BaseMod","BetterRewards","Downfall","GifTheSpireLib","Minty Spire (QoL Compilation)","Quick Restart","Replay The Spire","StSLib"],"gold_per_floor":[99,111,111,130,150,168,168,178,195,216,216,246,264,414,432,432,432,432],"floor_reached":16,"language":"ENG","playtime":997,"items_purged":[],"score":133,"play_id":"4325a401-75a8-48df-8d86-d8c2832e15f1","local_time":"20210113231940","is_ascension_mode":false,"campfire_choices":[{"data":"hexamod:Float","floor":1,"key":"SMITH"},{"floor":11,"key":"RECALL"}],"circlet_count":0,"master_deck":["hexamod:Strike","hexamod:Strike","hexamod:Strike","hexamod:Strike","hexamod:Defend","hexamod:Defend","hexamod:Defend","hexamod:Defend","hexamod:Sear+1","hexamod:Float+1","hexamod:HauntingEcho","hexamod:SecondSeal","hexamod:GhostShield","hexamod:Hexaguard","hexamod:GhostLash","hexamod:ShieldOfDarkness","hexamod:AdvancingGuard","hexamod:SkipABeat","hexamod:NightmareGuise","Slimebound:Icky","hexamod:ThermalTransfer"],"relics":["hexamod:SpiritBrand","Quantum Egg"],"acts_visited":["Exordium"],"potions_floor_usage":[9,12,12],"damage_taken":[{"damage":0,"enemies":"2 Louse","floor":2,"turns":4},{"damage":0,"enemies":"Cultist","floor":4,"turns":3},{"damage":2,"enemies":"Small Slimes","floor":5,"turns":4},{"damage":6,"enemies":"3 Louse","floor":6,"turns":5},{"damage":0,"enemies":"Lots of Slimes","floor":8,"turns":5},{"damage":16,"enemies":"Exordium Thugs","floor":9,"turns":7},{"damage":0,"enemies":"Blue Slaver","floor":10,"turns":4},{"damage":0,"enemies":"Lagavulin","floor":12,"turns":10},{"damage":0,"enemies":"Gremlin Gang","floor":13,"turns":7},{"damage":8,"enemies":"Red Slaver","floor":15,"turns":5},{"damage":21,"enemies":"downfall:Defect","floor":16,"turns":5}],"seed_played":"4894613302012808998","potions_obtained":[{"floor":2,"key":"Dexterity Potion"},{"floor":5,"key":"BlessingOfTheForge"},{"floor":6,"key":"SkillPotion"},{"floor":10,"key":"Elixir"},{"floor":15,"key":"Cursed Concoction"}],"is_trial":false,"path_per_floor":["R","M","?","M","M","M","T","M","M","M","R","E","M","?","M","B"],"character_chosen":"THE_SPIRIT","items_purchased":[],"campfire_rested":0,"item_purchase_floors":[],"current_hp_per_floor":[77,77,77,77,75,69,69,69,53,53,53,53,53,53,45,24,24,24],"gold":432,"neow_bonus":"TEN_PERCENT_HP_BONUS","is_daily":false,"chose_seed":false,"campfire_upgraded":1,"win_rate":0.0,"timestamp":1610597980,"path_taken":["R","M","?","M","M","M","T","?","M","M","R","E","M","?","M","BOSS"],"items_purchased_type":[],"build_version":"2020-12-22","purchased_purges":0,"victory":false,"max_hp_per_floor":[77,77,77,77,77,77,77,77,77,77,77,77,77,77,77,77,77,77],"card_choices":[{"not_picked":["hexamod:DynamicBlow","hexamod:NightmareGuise"],"picked":"hexamod:HauntingEcho","floor":2},{"not_picked":["hexamod:NightmareStrike","hexamod:ExtraCrispy"],"picked":"hexamod:SecondSeal","floor":4},{"not_picked":["hexamod:SpectralAdrenaline","hexamod:RadiantFlame"],"picked":"hexamod:GhostShield","floor":5},{"not_picked":["hexamod:FastForward","hexamod:CatchUp"],"picked":"hexamod:Hexaguard","floor":6},{"not_picked":["hexamod:RainOfEmbers","hexamod:BurningTouch"],"picked":"hexamod:GhostLash","floor":8},{"not_picked":["hexamod:Firestarter","hexamod:FourthSeal"],"picked":"hexamod:ShieldOfDarkness","floor":9},{"not_picked":["hexamod:SoulSteal","hexamod:InspiringFlames"],"picked":"hexamod:AdvancingGuard","floor":10},{"not_picked":["hexamod:CatchUp","hexamod:HexaLevel"],"picked":"hexamod:SkipABeat","floor":12},{"not_picked":["hexamod:RainOfEmbers","hexamod:GhostShield"],"picked":"hexamod:NightmareGuise","floor":13},{"not_picked":["hexamod:FourthSeal","hexamod:SecondSeal"],"picked":"hexamod:ThermalTransfer","floor":15}],"player_experience":224613,"relics_obtained":[{"floor":12,"key":"Quantum Egg"}],"event_choices":[{"damage_healed":0,"gold_gain":0,"player_choice":"Forge","damage_taken":0,"max_hp_gain":0,"max_hp_loss":0,"event_name":"Accursed Blacksmith","floor":3,"gold_loss":0,"cards_upgraded":["hexamod:Sear"]}],"is_beta":false,"boss_relics":[],"items_purged_floors":[],"is_endless":false,"potions_floor_spawned":[2,5,6,10,15],"killed_by":"downfall:Defect","ascension_level":0}}