{"host":"ibonnlq6s1c814xj","time":1610623659,"event":{"mods":["BaseMod","BetterRewards","Good Game Mod","Minty Spire (QoL Compilation)","Shop Mod","【功能Mod】聪明的最终Boss"],"gold_per_floor":[111,123,123,123,138,138,138,138],"floor_reached":7,"language":"ZHS","playtime":419,"items_purged":["Strike_B","Strike_B"],"score":43,"play_id":"5c1372c5-aac7-4075-b34e-325192eab9de","local_time":"20210114192739","is_ascension_mode":true,"campfire_choices":[{"floor":6,"key":"REST"}],"circlet_count":0,"master_deck":["Strike_B","Strike_B","Defend_B","Defend_B","Defend_B","Defend_B","Zap","Dualcast","Loop","Heatsinks","Conserve Battery","Turbo","Self Repair","Ball Lightning","Regret"],"relics":["Cracked Core","REME:ComplimentaryCards","MealTicket","Membership Card","MerchantsRug","Prayer Wheel","Snecko Eye","Golden Idol","Happy Flower"],"acts_visited":["Exordium"],"potions_floor_usage":[],"damage_taken":[{"damage":2,"enemies":"Small Slimes","floor":1,"turns":3},{"damage":4,"enemies":"Jaw Worm","floor":2,"turns":3},{"damage":16,"enemies":"2 Louse","floor":5,"turns":2},{"damage":48,"enemies":"3 Sentries","floor":7,"turns":5}],"seed_played":"4229812440936140770","potions_obtained":[{"floor":5,"key":"Energy Potion"}],"is_trial":false,"path_per_floor":["M","M","?","?","M","R","E"],"character_chosen":"DEFECT","items_purchased":["Loop","Heatsinks","MealTicket","Membership Card","MerchantsRug","Conserve Battery"],"campfire_rested":1,"item_purchase_floors":[0,0,0,0,0,0],"current_hp_per_floor":[38,34,34,34,25,45,0,0],"gold":138,"neow_bonus":"","is_daily":false,"chose_seed":false,"campfire_upgraded":0,"win_rate":0.0,"timestamp":1610623659,"path_taken":["M","M","?","?","M","R","E"],"items_purchased_type":["Card","Card","Relic","Relic","Relic","Card"],"build_version":"2020-12-22","purchased_purges":2,"victory":false,"max_hp_per_floor":[75,75,69,69,69,69,69,69],"card_choices":[{"not_picked":["Streamline","Sweeping Beam"],"picked":"Turbo","floor":1},{"not_picked":["Streamline","Coolheaded"],"picked":"Self Repair","floor":1},{"not_picked":["Cold Snap","Undo"],"picked":"Ball Lightning","floor":2},{"not_picked":["Barrage","Tempest","Auto Shields"],"picked":"SKIP","floor":2},{"not_picked":["Rip and Tear","Reprogram","Gash"],"picked":"SKIP","floor":5},{"not_picked":["Beam Cell","Core Surge","Barrage"],"picked":"SKIP","floor":5}],"player_experience":204347,"relics_obtained":[],"event_choices":[{"damage_healed":0,"gold_gain":0,"player_choice":"Lose Max HP","damage_taken":0,"relics_obtained":["Golden Idol"],"max_hp_gain":0,"max_hp_loss":6,"event_name":"Golden Idol","floor":3,"gold_loss":0},{"damage_healed":0,"gold_gain":0,"player_choice":"Box","damage_taken":0,"relics_obtained":["Happy Flower"],"max_hp_gain":0,"max_hp_loss":0,"event_name":"Big Fish","floor":4,"gold_loss":0,"cards_obtained":["Regret"]}],"is_beta":false,"boss_relics":[],"items_purged_floors":[0,0],"is_endless":false,"potions_floor_spawned":[5],"killed_by":"3 Sentries","ascension_level":1}}