{"host":"cf32014d19ld5mat","time":1610644794,"event":{"mods":["AchievementEnabler","BaseMod","Block Reminder","Minty Spire (QoL Compilation)","Random Character Button","Relic Stats","StSLib"],"gold_per_floor":[109,109,133,154,254,254,39,39,91,116,139,164,164,189,189,309,309,333,378,49,97,120,120,161,161,161,227,19,19,92,133,133,133,133],"floor_reached":33,"language":"ENG","playtime":1469,"items_purged":["Strike_P","Eruption"],"score":422,"play_id":"176a40b4-35b3-48a3-8206-5a5142c72787","local_time":"20210114171954","is_ascension_mode":true,"campfire_choices":[{"data":"FollowUp","floor":6.0,"key":"SMITH"},{"data":"LessonLearned","floor":8.0,"key":"SMITH"},{"floor":15.0,"key":"REST"},{"floor":23,"key":"REST"},{"data":"Wish","floor":32,"key":"SMITH"}],"circlet_count":0,"master_deck":["AscendersBane","Defend_P+1","Defend_P+1","Defend_P+1","Vigilance+1","FollowUp+1","SandsOfTime+1","LessonLearned+1","MentalFortress+1","CrushJoints+1","WheelKick+1","Wallop+1","Wish+1","Halt+1","LikeWater+1","JustLucky+1","WaveOfTheHand+1","Consecrate+1","Alpha","Devotion","Tantrum","Wish","Wallop","MentalFortress"],"relics":["Runic Dome","Golden Idol","Boot","Astrolabe","Singing Bowl","Ancient Tea Set","Pantograph","Smiling Mask"],"acts_visited":["Exordium","TheCity"],"potions_floor_usage":[21,27,33],"damage_taken":[{"damage":7.0,"enemies":"Small Slimes","floor":1.0,"turns":3.0},{"damage":0.0,"enemies":"Jaw Worm","floor":3.0,"turns":3.0},{"damage":2.0,"enemies":"Cultist","floor":4.0,"turns":3.0},{"damage":11.0,"enemies":"Looter","floor":10.0,"turns":4.0},{"damage":15.0,"enemies":"Lots of Slimes","floor":11.0,"turns":4.0},{"damage":10.0,"enemies":"Large Slime","floor":12.0,"turns":3.0},{"damage":0.0,"enemies":"Blue Slaver","floor":14.0,"turns":6.0},{"damage":25.0,"enemies":"The Guardian","floor":16.0,"turns":9.0},{"damage":20.0,"enemies":"Shell Parasite","floor":18.0,"turns":8.0},{"damage":15.0,"enemies":"Spheric Guardian","floor":19.0,"turns":6.0},{"damage":0,"enemies":"Snake Plant","floor":21,"turns":6},{"damage":0,"enemies":"3 Cultists","floor":22,"turns":5},{"damage":10,"enemies":"Book of Stabbing","floor":24,"turns":7},{"damage":3,"enemies":"Slavers","floor":27,"turns":8},{"damage":12,"enemies":"Centurion and Healer","floor":30,"turns":8},{"damage":1,"enemies":"Sentry and Sphere","floor":31,"turns":11},{"damage":46,"enemies":"Collector","floor":33,"turns":5}],"seed_played":"-1802451420146702826","potions_obtained":[{"floor":1.0,"key":"Weak Potion"},{"floor":4.0,"key":"Explosive Potion"},{"floor":11.0,"key":"EssenceOfSteel"},{"floor":18.0,"key":"Block Potion"},{"floor":22,"key":"Fire Potion"},{"floor":27,"key":"Fire Potion"},{"floor":30,"key":"DuplicationPotion"}],"is_trial":false,"path_per_floor":["M","?","M","M","?","R","$","R","T","M","M","M","?","M","R","B",null,"M","M","$","M","M","R","E","?","T","E","$","?","M","M","R","B"],"character_chosen":"WATCHER","items_purchased":["LessonLearned","MentalFortress","Singing Bowl","Wish"],"campfire_rested":2,"item_purchase_floors":[7,7,20,28],"current_hp_per_floor":[58,58,58,56,56,56,56,56,56,45,30,20,20,20,40,15,54,34,19,19,19,21,41,33,33,33,30,30,30,18,17,17,0,0],"gold":133,"neow_bonus":"BOSS_RELIC","is_daily":false,"chose_seed":false,"campfire_upgraded":3,"win_rate":0.0,"timestamp":1610644794,"path_taken":["M","?","M","M","?","R","$","R","T","?","M","M","?","M","R","BOSS","M","?","$","M","M","R","E","?","T","E","$","?","M","M","R","BOSS"],"items_purchased_type":["Card","Card","Relic","Card"],"build_version":"2020-12-22","purchased_purges":2,"victory":false,"max_hp_per_floor":[72,67,67,67,67,67,67,67,67,67,67,67,67,67,67,67,67,67,67,67,67,69,69,71,71,71,71,71,71,71,71,71,71,71],"relic_stats":{"Singing Bowl":4,"counters":[17,99],"Golden Idol":96,"Astrolabe":["Halt","LikeWater","JustLucky"],"Pantograph":25,"Boot":[17],"Smiling Mask":50,"obtain_stats":[{"Runic Dome":0,"Singing Bowl":20,"Golden Idol":2,"Astrolabe":17,"Pantograph":26,"PureWater":0,"Boot":9,"Ancient Tea Set":24,"Smiling Mask":27},{"Runic Dome":0,"Singing Bowl":10,"Golden Idol":1,"Astrolabe":8,"Pantograph":13,"PureWater":0,"Boot":3,"Ancient Tea Set":13,"Smiling Mask":14},{"Runic Dome":0,"Singing Bowl":49,"Golden Idol":3,"Astrolabe":35,"Pantograph":67,"PureWater":0,"Boot":9,"Ancient Tea Set":67,"Smiling Mask":75}]},"card_choices":[{"not_picked":["BattleHymn","Indignation"],"picked":"FollowUp","floor":1.0},{"not_picked":["ThirdEye","Halt"],"picked":"SandsOfTime","floor":3.0},{"not_picked":["FollowUp","Swivel"],"picked":"Protect","floor":4.0},{"not_picked":["Prostrate","BowlingBash"],"picked":"CrushJoints","floor":10.0},{"not_picked":["Worship","MasterReality"],"picked":"CutThroughFate","floor":11.0},{"not_picked":["Consecrate","CutThroughFate"],"picked":"WheelKick","floor":12.0},{"not_picked":["Indignation","Consecrate"],"picked":"Wallop","floor":14.0},{"not_picked":["Alpha","Brilliance"],"picked":"Wish","floor":16.0},{"not_picked":["Protect","MentalFortress"],"picked":"WaveOfTheHand+1","floor":18.0},{"not_picked":["Worship+1","Crescendo","SashWhip"],"picked":"SKIP","floor":19.0},{"not_picked":["EmptyFist","ThirdEye"],"picked":"Consecrate","floor":21},{"not_picked":["ReachHeaven","Pray","FlyingSleeves"],"picked":"Singing Bowl","floor":22},{"not_picked":["Consecrate","CutThroughFate","EmptyBody+1"],"picked":"Singing Bowl","floor":24},{"not_picked":["Evaluate+1","EmptyFist"],"picked":"Tantrum","floor":27},{"not_picked":["FollowUp+1","Halt"],"picked":"Wallop","floor":30},{"not_picked":["BowlingBash","PathToVictory"],"picked":"MentalFortress","floor":31}],"player_experience":970598,"relics_obtained":[{"floor":9.0,"key":"Boot"},{"floor":24,"key":"Ancient Tea Set"},{"floor":26,"key":"Pantograph"},{"floor":27,"key":"Smiling Mask"}],"event_choices":[{"damage_healed":0.0,"max_hp_gain":0.0,"max_hp_loss":5.0,"gold_gain":0.0,"event_name":"Golden Idol","player_choice":"Lose Max HP","floor":2.0,"gold_loss":0.0,"damage_taken":0.0,"relics_obtained":["Golden Idol"]},{"damage_healed":0.0,"max_hp_gain":0.0,"max_hp_loss":0.0,"gold_gain":100.0,"event_name":"Golden Shrine","player_choice":"Pray","floor":5.0,"gold_loss":0.0,"damage_taken":0.0},{"cards_removed":["Strike_P"],"damage_healed":0.0,"max_hp_gain":0.0,"max_hp_loss":0.0,"gold_gain":0.0,"event_name":"Bonfire Elementals","player_choice":"Offered Basic","floor":13.0,"gold_loss":0.0,"damage_taken":0.0},{"damage_healed":0,"gold_gain":0,"cards_transformed":["Protect","CutThroughFate"],"player_choice":"Became Test Subject","damage_taken":0,"max_hp_gain":0,"max_hp_loss":0,"event_name":"Drug Dealer","floor":25,"gold_loss":0,"cards_obtained":["Alpha","Devotion"]},{"damage_healed":0,"gold_gain":0,"player_choice":"Ignored","damage_taken":0,"max_hp_gain":0,"max_hp_loss":0,"event_name":"Vampires","floor":29,"gold_loss":0}],"is_beta":false,"boss_relics":[{"not_picked":["Ectoplasm","Pandora\u0027s Box"],"picked":"Astrolabe"}],"items_purged_floors":[20,28],"is_endless":false,"potions_floor_spawned":[1,4,11,18,22,27,30],"killed_by":"Collector","ascension_level":10}}