{"host":"fc97bmrl7qvj4ruk","time":1610640496,"event":{"mods":["BaseMod","Colored Map","Hubris","Minty Spire (QoL Compilation)","Replay The Spire","StSLib","The Mystic"],"gold_per_floor":[118,68,243,253,269,269,301,318,318,350,366,382,89,89,89,206,206,242,242,13,13,283,283,321,321,321,47,74,98,98],"floor_reached":29,"language":"ZHS","playtime":2150,"items_purged":["mysticmod:Strike_Mystic","Decay","Doubt"],"score":251,"play_id":"78b78fa6-9bf9-4363-bf41-a126ccccce17","local_time":"20210114120816","is_ascension_mode":false,"campfire_choices":[{"data":"mysticmod:EnchantedMoulinet","floor":6,"key":"SMITH"},{"floor":23,"key":"REST"},{"floor":25,"key":"REST"}],"circlet_count":0,"master_deck":["mysticmod:Strike_Mystic","mysticmod:Strike_Mystic","mysticmod:Defend_Mystic","mysticmod:ArcaneDodge","mysticmod:ShockingGrasp","mysticmod:Flurry","mysticmod:DiviningBlow","mysticmod:EnchantedMoulinet+1","mysticmod:PowerSlash","mysticmod:MagicWeapon","mysticmod:MagicWeapon","mysticmod:CorrosiveTouch","mysticmod:EnchantedMoulinet","mysticmod:MightyMagic+1","mysticmod:MightyMagic","mysticmod:EnergizedRift","mysticmod:MirrorEntity","mysticmod:Probe","mysticmod:ComboCaster","Necronomicurse","Dark Shackles","mysticmod:Discipline","mysticmod:ArcaneAccuracy","hubris:DuctTapeCard","mysticmod:Fireball","mysticmod:RapidCaster","mysticmod:SuddenClarity","mysticmod:MirrorStrike+1","mysticmod:CorrosiveTouch"],"relics":["mysticmod:SpellBook","hubris:AstralHammer","hubris:CrystalStatue","Blue Doll","Membership Card","Replay:Bandana","Replay:Ancient Bell","hubris:OldNail","White Beast Statue","Replay:PocketPolymizer","hubris:Icosahedron","hubris:CuriousFeather","Necronomicon","hubris:DuctTape","hubris:DeckOfHolding","Lantern","Strange Spoon"],"acts_visited":["Exordium","TheCity"],"potions_floor_usage":[16,16,29],"damage_taken":[{"damage":3,"enemies":"2 Louse","floor":1,"turns":2},{"damage":1,"enemies":"Small Slimes","floor":4,"turns":4},{"damage":1,"enemies":"Cultist","floor":5,"turns":3},{"damage":8,"enemies":"3 Sentries","floor":7,"turns":4},{"damage":0,"enemies":"Exordium Wildlife","floor":8,"turns":1},{"damage":3,"enemies":"Lagavulin","floor":10,"turns":5},{"damage":0,"enemies":"3 Louse","floor":11,"turns":2},{"damage":0,"enemies":"Lots of Slimes","floor":12,"turns":1},{"damage":32,"enemies":"Hexaghost","floor":16,"turns":5},{"damage":26,"enemies":"Spheric Guardian","floor":18,"turns":4},{"damage":18,"enemies":"Replay:Snechameleon","floor":24,"turns":6},{"damage":18,"enemies":"Shell Parasite","floor":28,"turns":4},{"damage":23,"enemies":"Book of Stabbing","floor":29,"turns":3}],"seed_played":"-5332568448497169976","potions_obtained":[{"floor":1,"key":"FearPotion"},{"floor":4,"key":"Adrenaline Potion"},{"floor":8,"key":"Explosive Potion"},{"floor":18,"key":"Toxic Potion"},{"floor":24,"key":"Swift Potion"},{"floor":28,"key":"Elixir"}],"is_trial":false,"path_per_floor":["M","?","?","M","M","R","E","M","T","E","M","M","$","?","R_BF","B",null,"M","?","$","?","?","R","E","R","T","$","M","E"],"character_chosen":"MYSTIC_CLASS","items_purchased":["Membership Card","Replay:Bandana","mysticmod:MightyMagic","hubris:CuriousFeather","mysticmod:ComboCaster","mysticmod:RapidCaster","mysticmod:SuddenClarity","mysticmod:MirrorStrike+1","Lantern","Strange Spoon"],"campfire_rested":2,"item_purchase_floors":[13,13,13,20,20,27,27,27,27,27],"current_hp_per_floor":[81,81,81,80,79,79,71,71,71,68,68,68,68,68,68,36,84,58,58,58,42,9,34,16,41,41,41,23,0,0],"gold":98,"neow_bonus":"TEN_PERCENT_HP_BONUS","is_daily":false,"chose_seed":false,"campfire_upgraded":1,"win_rate":0.0,"timestamp":1610640496,"path_taken":["M","?","?","M","M","R","E","M","T","E","M","M","$","?","R_BF","BOSS","M","?","$","?","?","R","E","R","T","$","M","E"],"items_purchased_type":["Relic","Relic","Card","Relic","Card","Card","Card","Card","Relic","Relic"],"build_version":"2020-12-22","purchased_purges":3,"victory":false,"max_hp_per_floor":[84,84,84,84,84,84,84,84,84,84,84,84,84,84,84,84,84,84,84,84,84,84,84,84,84,84,84,84,84,84],"card_choices":[{"not_picked":["mysticmod:EnergizedRift","mysticmod:EarthenWall"],"picked":"mysticmod:Flurry","floor":1},{"not_picked":["mysticmod:LightningBolt","mysticmod:SuddenClarity"],"picked":"mysticmod:DiviningBlow","floor":4},{"not_picked":["mysticmod:BladedDash","mysticmod:Alacrity"],"picked":"mysticmod:EnchantedMoulinet","floor":5},{"not_picked":["mysticmod:Shield","mysticmod:LightningBolt"],"picked":"mysticmod:PowerSlash","floor":7},{"not_picked":["mysticmod:Flurry","mysticmod:PunishingArmor"],"picked":"mysticmod:MagicWeapon","floor":8},{"not_picked":["mysticmod:LightningBolt","mysticmod:Dedication"],"picked":"mysticmod:MagicWeapon","floor":10},{"not_picked":["mysticmod:HeavyStrike","mysticmod:Shield"],"picked":"mysticmod:CorrosiveTouch","floor":11},{"not_picked":["mysticmod:HeavyStrike","mysticmod:PowerSlash"],"picked":"mysticmod:EnchantedMoulinet","floor":12},{"not_picked":["mysticmod:Lunge","mysticmod:MysticalShield"],"picked":"mysticmod:MirrorEntity","floor":16},{"not_picked":["Replay:Hysterical Blindness","Pain"],"picked":"ReplayTheSpireMod:Splinters","floor":17},{"not_picked":["Normality","Replay:Hysterical Blindness"],"picked":"Decay","floor":17},{"not_picked":["hubris:Gluttony","Replay:Hysterical Blindness"],"picked":"Hallucinations","floor":17},{"not_picked":["mysticmod:HeavyStrike","mysticmod:DiviningBlow"],"picked":"mysticmod:Probe","floor":18},{"not_picked":["mysticmod:ComponentsPouch","mysticmod:ComboCaster"],"picked":"mysticmod:ArcaneAccuracy","floor":24},{"not_picked":["mysticmod:AllIn","mysticmod:ChargedParry+1"],"picked":"mysticmod:CorrosiveTouch","floor":28}],"player_experience":135025,"relics_obtained":[{"floor":7,"key":"hubris:AstralHammer"},{"floor":9,"key":"hubris:CrystalStatue"},{"floor":10,"key":"Blue Doll"},{"floor":21,"key":"Necronomicon"},{"floor":24,"key":"hubris:DuctTape"},{"floor":26,"key":"hubris:DeckOfHolding"}],"event_choices":[{"cards_removed":["mysticmod:Strike_Mystic"],"damage_healed":0,"gold_gain":0,"player_choice":"Card Removal","damage_taken":0,"max_hp_gain":0,"max_hp_loss":0,"event_name":"The Cleric","floor":2,"gold_loss":50},{"damage_healed":0,"gold_gain":175,"player_choice":"AGREE","damage_taken":0,"max_hp_gain":0,"max_hp_loss":0,"event_name":"Liars Game","floor":3,"gold_loss":0,"cards_obtained":["Doubt"]},{"damage_healed":0,"gold_gain":0,"player_choice":"Upgraded","damage_taken":0,"max_hp_gain":0,"max_hp_loss":0,"event_name":"Upgrade Shrine","floor":14,"gold_loss":0,"cards_upgraded":["mysticmod:MightyMagic"]},{"damage_healed":0,"gold_gain":0,"player_choice":"Obtained Book","damage_taken":16,"max_hp_gain":0,"max_hp_loss":0,"event_name":"Cursed Tome","floor":21,"gold_loss":0},{"damage_healed":0,"gold_gain":270,"player_choice":"GOLD CARD GOLD GOLD ","damage_taken":33,"max_hp_gain":0,"max_hp_loss":0,"event_name":"Knowing Skull","floor":22,"potions_obtained":[],"gold_loss":0,"cards_obtained":["Dark Shackles"]}],"is_beta":false,"boss_relics":[{"not_picked":["Ring of Chaos","Snecko Eye"],"picked":"Replay:Ancient Bell"},{"not_picked":["ReplayTheSpireMod:TigerMarble","ReplayTheSpireMod:Lightbulb"],"picked":"hubris:OldNail"},{"not_picked":["Ornamental Fan","mysticmod:RabbitsFoot"],"picked":"White Beast Statue"},{"not_picked":["Girya","hubris:FunFungus"],"picked":"Replay:PocketPolymizer"}],"items_purged_floors":[13,20,27],"is_endless":false,"potions_floor_spawned":[1,4,8,10,18,24,28],"killed_by":"Book of Stabbing","ascension_level":0}}