{"host":"7tvb1em0d2fx72q7","time":1610602707,"event":{"mods":["BaseMod","Challenge The Spire","Minty Spire (QoL Compilation)","StSLib","everything is the same but u backflip on backflip"],"gold_per_floor":[13,13,13,31,42,42,69,69,115,144,154,168,168,168,168,168,168],"floor_reached":16,"language":"ENG","playtime":617,"items_purged":[],"score":220,"play_id":"de11322e-48e7-4f72-b9b3-c4baaec9b9bd","local_time":"20210114003827","is_ascension_mode":true,"campfire_choices":[{"data":"Coolheaded","floor":6.0,"key":"SMITH"},{"floor":8.0,"key":"REST"},{"floor":15,"key":"REST"}],"circlet_count":0,"master_deck":["AscendersBane","Strike_B","Strike_B+1","Strike_B","Defend_B","Defend_B","Defend_B","Defend_B","Zap","Dualcast","Biased Cognition+1","Barrage+1","Glacier","Coolheaded+1","Sweeping Beam","Compile Driver","Genetic Algorithm","Biased Cognition","Cold Snap"],"relics":["Cracked Core","Nunchaku","Happy Flower","Whetstone"],"acts_visited":["Exordium"],"potions_floor_usage":[10,16,16],"damage_taken":[{"damage":0.0,"enemies":"Cultist","floor":1.0,"turns":2.0},{"damage":12.0,"enemies":"Small Slimes","floor":4.0,"turns":4.0},{"damage":2.0,"enemies":"Jaw Worm","floor":5.0,"turns":3.0},{"damage":29.0,"enemies":"3 Sentries","floor":7.0,"turns":12.0},{"damage":18,"enemies":"Gremlin Nob","floor":10,"turns":4},{"damage":2,"enemies":"2 Fungi Beasts","floor":11,"turns":2},{"damage":18,"enemies":"Large Slime","floor":12,"turns":4},{"damage":25,"enemies":"The Guardian","floor":16,"turns":10}],"seed_played":"-1147401575274462085","potions_obtained":[{"floor":5.0,"key":"FearPotion"},{"floor":7.0,"key":"FearPotion"},{"floor":10,"key":"SteroidPotion"}],"is_trial":false,"path_per_floor":["M","?","?","M","M","R","E","R","T","E","M","M","?","?","R","B"],"character_chosen":"DEFECT","items_purchased":[],"campfire_rested":2,"item_purchase_floors":[],"current_hp_per_floor":[64,64,64,52,50,50,21,42,42,24,22,4,4,4,25,0,0],"gold":168,"neow_bonus":"THREE_RARE_CARDS","is_daily":false,"chose_seed":false,"campfire_upgraded":1,"win_rate":0.0,"timestamp":1610602707,"path_taken":["M","?","?","M","M","R","E","R","T","E","M","?","?","?","R","BOSS"],"items_purchased_type":[],"build_version":"2020-12-22","purchased_purges":0,"victory":false,"max_hp_per_floor":[71,71,71,71,71,71,71,71,71,71,71,71,71,71,71,71,71],"card_choices":[{"not_picked":["Buffer","Thunder Strike"],"picked":"Biased Cognition","floor":0.0},{"not_picked":["Hello World","Turbo"],"picked":"Barrage","floor":1.0},{"not_picked":["Rebound","Sweeping Beam"],"picked":"Coolheaded","floor":4.0},{"not_picked":["Beam Cell","Cold Snap"],"picked":"Sweeping Beam","floor":5.0},{"not_picked":["Darkness","Hello World"],"picked":"Compile Driver","floor":7.0},{"not_picked":["Rebound","Gash"],"picked":"Genetic Algorithm","floor":10},{"not_picked":["Beam Cell","Melter"],"picked":"Biased Cognition","floor":11},{"not_picked":["Sweeping Beam","Redo"],"picked":"Cold Snap","floor":12}],"player_experience":1915491,"relics_obtained":[{"floor":7.0,"key":"Nunchaku"},{"floor":9.0,"key":"Happy Flower"},{"floor":10,"key":"Whetstone"}],"event_choices":[{"damage_healed":0.0,"max_hp_gain":0.0,"max_hp_loss":0.0,"gold_gain":0.0,"event_name":"Living Wall","player_choice":"Grow","floor":2.0,"gold_loss":0.0,"damage_taken":0.0,"cards_upgraded":["Biased Cognition"]},{"damage_healed":0.0,"max_hp_gain":0.0,"max_hp_loss":0.0,"gold_gain":0.0,"cards_transformed":["Strike_B"],"event_name":"Transmorgrifier","player_choice":"Transformed","floor":3.0,"gold_loss":0.0,"damage_taken":0.0,"cards_obtained":["Glacier"]},{"damage_healed":0,"gold_gain":0,"player_choice":"Ignored","damage_taken":0,"max_hp_gain":0,"max_hp_loss":0,"event_name":"Golden Wing","floor":13,"gold_loss":0},{"damage_healed":0,"gold_gain":0,"player_choice":"Ignored","damage_taken":0,"max_hp_gain":0,"max_hp_loss":0,"event_name":"Shining Light","floor":14,"gold_loss":0}],"is_beta":false,"boss_relics":[],"items_purged_floors":[],"is_endless":false,"potions_floor_spawned":[5,7,10,12],"killed_by":"The Guardian","ascension_level":20}}