{"host":"0cm5wy4nhuju7tij","time":1610608559,"event":{"mods":["100% Spire Juice","2.2 Compatiblity","AchievementEnabler","Aspiration","BaseMod","Better Third Choice","BetterRewards","CCEM","CapriCore","Colored Powertips","Curses Come First","Custom Start","Displayed Cursed Tome","Downfall","Energized Spire","Evolution","Filter the Spire","Highlight Path","Jess\u0027s Bottle","Minty Spire (QoL Compilation)","Permanent Neow","QueenMod","Relic Stats","SOS???????","Shop Mod","Spicy Shops","StSLib","The Cursed","The Fake Hero","The Juggle","The Sage","The Vixen","TheFirefly","thorton"],"gold_per_floor":[114,114,126,142,142,173,186,205,255,331,351,351,369,384,384,485,485,500,53,63,74,84,117,117,117,189,203,222,67,77,96,96,96,96],"floor_reached":33,"language":"ENG","playtime":3289,"items_purged":["TheVixenMod:Strike_TheVixen","Writhe"],"score":277,"play_id":"068ff5d3-417e-47bc-adc3-edf2fd0df3f9","local_time":"20210114021559","is_ascension_mode":false,"campfire_choices":[{"data":"TheVixenMod:Overheat","floor":12,"key":"SMITH"},{"floor":15,"key":"REST"},{"floor":24,"key":"REST"},{"floor":32,"key":"REST"}],"circlet_count":0,"master_deck":["TheVixenMod:Strike_TheVixen","TheVixenMod:Strike_TheVixen","TheVixenMod:Strike_TheVixen","TheVixenMod:Defend_TheVixen","TheVixenMod:Defend_TheVixen","TheVixenMod:Defend_TheVixen","TheVixenMod:Defend_TheVixen","TheVixenMod:SunnyDay+1","TheVixenMod:Ember","TheVixenMod:Dazzling+1","TheVixenMod:Overheat+1","TheVixenMod:HeatWave","TheVixenMod:ShadowBall","TheVixenMod:WillOWisp","TheVixenMod:Confusion","TheVixenMod:Hypnosis","TheVixenMod:FireFang","TheVixenMod:FlareBlitz","TheVixenMod:Substitute","TheVixenMod:LavaPlume","TheVixenMod:Drought","TheVixenMod:FlameCharge+1","TheVixenMod:Flamethrower+1","TheVixenMod:Blaze","TheVixenMod:ShadowBall","TheVixenMod:Hypnosis","TheVixenMod:MindReader","TheVixenMod:LightScreen","TheVixenMod:DoubleTeam","TheVixenMod:LavaPlume","TheVixenMod:Blaze+1"],"relics":["TheVixenMod:BurningStick","EVO:Axolotl","TheVixenMod:UmbreonRelic","Happy Flower","TheVixenMod:OranBerry","energizedSpire:NeverEndingSparkler","Bronze Scales","Sling","Regal Pillow","aspiration:FrozenJewel","White Beast Statue"],"acts_visited":["Exordium","TheCity"],"potions_floor_usage":[8,29,33,33,33],"damage_taken":[{"damage":0,"enemies":"2 Louse","floor":1,"turns":3},{"damage":0,"enemies":"2 Louse","floor":2,"turns":5},{"damage":0,"enemies":"Jaw Worm","floor":3,"turns":4},{"damage":0,"enemies":"Small Slimes","floor":4,"turns":2},{"damage":13,"enemies":"3 Sentries","floor":6,"turns":8},{"damage":9,"enemies":"3 Louse","floor":7,"turns":3},{"damage":5,"enemies":"Large Slime","floor":8,"turns":5},{"damage":8,"enemies":"Red Slaver","floor":11,"turns":2},{"damage":6,"enemies":"Lots of Slimes","floor":13,"turns":3},{"damage":10,"enemies":"Looter","floor":14,"turns":2},{"damage":21,"enemies":"Hexaghost","floor":16,"turns":10},{"damage":0,"enemies":"3 Byrds","floor":18,"turns":6},{"damage":0,"enemies":"Spheric Guardian","floor":20,"turns":3},{"damage":0,"enemies":"3 Cultists","floor":21,"turns":4},{"damage":11,"enemies":"Snecko","floor":22,"turns":3},{"damage":21,"enemies":"Gremlin Leader","floor":23,"turns":6},{"damage":8,"enemies":"Cultist and Chosen","floor":27,"turns":4},{"damage":9,"enemies":"Snake Plant","floor":28,"turns":3},{"damage":10,"enemies":"Snecko","floor":30,"turns":4},{"damage":25,"enemies":"3 Cultists","floor":31,"turns":7},{"damage":43,"enemies":"Collector","floor":33,"turns":7}],"seed_played":"2920274104009004095","potions_obtained":[{"floor":3,"key":"sagemod:Wine"},{"floor":4,"key":"Fire Potion"},{"floor":6,"key":"Fruit Juice"},{"floor":8,"key":"Block Potion"},{"floor":30,"key":"Fire Potion"}],"is_trial":false,"path_per_floor":["M","?","M","M","?","E","M","M","T","?","M","R","M","M","R","B",null,"M","$","M","M","M","E","R","?","T","M","M","$","M","M","R","B"],"character_chosen":"THE_VIXEN","items_purchased":["TheVixenMod:Drought","Bronze Scales","Sling","TheVixenMod:LightScreen","TheVixenMod:DoubleTeam"],"campfire_rested":3,"item_purchase_floors":[19,19,19,29,29],"current_hp_per_floor":[70,70,70,70,70,57,48,48,48,48,40,40,34,32,54,41,75,62,62,49,36,33,13,50,50,50,42,41,41,31,6,43,0,0],"gold":96,"neow_bonus":"UPGRADE_CARD","is_daily":false,"chose_seed":false,"campfire_upgraded":1,"win_rate":0.0,"timestamp":1610608559,"path_taken":["M","?","M","M","?","E","M","M","T","?","M","R","M","M","R","BOSS","M","$","M","M","M","E","R","?","T","M","M","$","M","M","R","BOSS"],"items_purchased_type":["Card","Relic","Relic","Card","Card"],"build_version":"2020-12-22","purchased_purges":2,"victory":false,"max_hp_per_floor":[70,70,70,70,70,70,70,75,75,75,75,75,75,75,75,75,75,75,75,75,75,75,75,75,75,75,75,75,75,75,75,75,75,75],"relic_stats":{"Regal Pillow":30,"Happy Flower":[24],"counters":[21,94],"Bronze Scales":[126],"obtain_stats":[{"Regal Pillow":23,"Happy Flower":6,"TheVixenMod:OranBerry":9,"energizedSpire:NeverEndingSparkler":17,"Bronze Scales":19,"EVO:Axolotl":0,"TheVixenMod:BurningStick":0,"Sling":19,"TheVixenMod:UmbreonRelic":2,"aspiration:FrozenJewel":25,"White Beast Statue":26},{"Regal Pillow":16,"Happy Flower":5,"TheVixenMod:OranBerry":7,"energizedSpire:NeverEndingSparkler":11,"Bronze Scales":12,"EVO:Axolotl":0,"TheVixenMod:BurningStick":0,"Sling":12,"TheVixenMod:UmbreonRelic":1,"aspiration:FrozenJewel":16,"White Beast Statue":16},{"Regal Pillow":69,"Happy Flower":22,"TheVixenMod:OranBerry":30,"energizedSpire:NeverEndingSparkler":47,"Bronze Scales":53,"EVO:Axolotl":0,"TheVixenMod:BurningStick":0,"Sling":53,"TheVixenMod:UmbreonRelic":3,"aspiration:FrozenJewel":69,"White Beast Statue":69}]},"card_choices":[{"not_picked":["TheVixenMod:FlameBurst","TheVixenMod:LightScreen"],"picked":"TheVixenMod:Dazzling","floor":1},{"not_picked":["TheVixenMod:Psychic","TheVixenMod:CalmMind"],"picked":"TheVixenMod:Overheat","floor":3},{"not_picked":["TheVixenMod:Confusion","TheVixenMod:Curse"],"picked":"TheVixenMod:HeatWave","floor":4},{"not_picked":["TheVixenMod:Confusion","TheVixenMod:NastyPlot"],"picked":"TheVixenMod:ShadowBall","floor":6},{"not_picked":["TheVixenMod:FireSpin","TheVixenMod:Swagger"],"picked":"TheVixenMod:WillOWisp","floor":7},{"not_picked":["TheVixenMod:Refresh","TheVixenMod:TrumpCard"],"picked":"TheVixenMod:Confusion","floor":8},{"not_picked":["TheVixenMod:PerishSong","TheVixenMod:Swagger"],"picked":"TheVixenMod:Hypnosis","floor":11},{"not_picked":["TheVixenMod:Agility","TheVixenMod:Extrasensory"],"picked":"TheVixenMod:FireFang","floor":13},{"not_picked":["TheVixenMod:FlameCharge","TheVixenMod:Extrasensory"],"picked":"TheVixenMod:FlareBlitz","floor":14},{"not_picked":["TheVixenMod:PsychoShift","TheVixenMod:Endure"],"picked":"TheVixenMod:Substitute","floor":16},{"not_picked":["TheVixenMod:Hypnosis","TheVixenMod:Feint+1"],"picked":"TheVixenMod:LavaPlume","floor":18},{"not_picked":["TheVixenMod:FlareBlitz+1","TheVixenMod:Confusion+1"],"picked":"TheVixenMod:FlameCharge+1","floor":20},{"not_picked":["TheVixenMod:PerishSong","TheVixenMod:Incinerate"],"picked":"TheVixenMod:Flamethrower+1","floor":21},{"not_picked":["TheVixenMod:Substitute","TheVixenMod:Swagger"],"picked":"TheVixenMod:Blaze","floor":22},{"not_picked":["TheVixenMod:Curse","TheVixenMod:Facade"],"picked":"TheVixenMod:ShadowBall","floor":23},{"not_picked":["TheVixenMod:Swagger","TheVixenMod:Feint"],"picked":"TheVixenMod:Hypnosis","floor":27},{"not_picked":["TheVixenMod:FlareBlitz","TheVixenMod:Swagger"],"picked":"TheVixenMod:MindReader","floor":28},{"not_picked":["TheVixenMod:ConfuseRay+1","TheVixenMod:Psybeam"],"picked":"TheVixenMod:LavaPlume","floor":30},{"not_picked":["TheVixenMod:Swagger","TheVixenMod:Flamethrower"],"picked":"TheVixenMod:Blaze+1","floor":31}],"player_experience":208919,"relics_obtained":[{"floor":6,"key":"Happy Flower"},{"floor":9,"key":"TheVixenMod:OranBerry"},{"floor":23,"key":"Regal Pillow"},{"floor":26,"key":"White Beast Statue"}],"event_choices":[{"damage_healed":0,"gold_gain":0,"player_choice":"Fight the Beast\u0027s assailants","damage_taken":0,"relics_obtained":["TheVixenMod:UmbreonRelic"],"max_hp_gain":0,"max_hp_loss":0,"event_name":"Creature of the Night","floor":2,"gold_loss":0},{"damage_healed":0,"gold_gain":0,"player_choice":"Grow","damage_taken":0,"max_hp_gain":0,"max_hp_loss":0,"event_name":"Living Wall","floor":5,"gold_loss":0,"cards_upgraded":["TheVixenMod:Dazzling"]},{"damage_healed":0,"gold_gain":76,"player_choice":"Gained Gold","damage_taken":0,"max_hp_gain":0,"max_hp_loss":0,"event_name":"Golden Wing","floor":10,"gold_loss":0},{"damage_healed":0,"gold_gain":0,"player_choice":"Opened","damage_taken":0,"relics_obtained":["aspiration:FrozenJewel"],"max_hp_gain":0,"max_hp_loss":0,"event_name":"The Mausoleum","floor":25,"gold_loss":0,"cards_obtained":["Writhe"]}],"is_beta":false,"boss_relics":[{"not_picked":["Ectoplasm","energizedSpire:RedRose"],"picked":"energizedSpire:NeverEndingSparkler"}],"items_purged_floors":[19,29],"is_endless":false,"potions_floor_spawned":[3,4,6,7,8,21,22,23,27,28,30,31],"killed_by":"Collector","ascension_level":0}}