{"host":"oigynbtg272c19pw","time":1610618994,"event":{"mods":["BaseMod","Colored Map","Minty Spire (QoL Compilation)","Relic Stats","StSLib"],"gold_per_floor":[111,111,36,48,60,60,94,94,119,119,136,162,63,63,63,63,63],"floor_reached":16,"playtime":481,"items_purged":["Strike_R"],"score":216,"play_id":"4166d3c9-8cfb-426a-a513-c6a44dab8f2e","local_time":"20210114110954","is_ascension_mode":true,"campfire_choices":[{"data":"Feel No Pain","floor":6.0,"key":"SMITH"},{"data":"Carnage","floor":8.0,"key":"SMITH"},{"data":"Uppercut","floor":10.0,"key":"SMITH"},{"data":"Spot Weakness","floor":15.0,"key":"SMITH"}],"circlet_count":0,"master_deck":["AscendersBane","Strike_R","Strike_R","Strike_R","Strike_R","Defend_R","Defend_R","Defend_R","Bash","Perfected Strike","Carnage+1","Feel No Pain+1","Spot Weakness+1","Uppercut+1","Shrug It Off","Barricade","Shrug It Off"],"relics":["Burning Blood","Art of War","Question Card","Golden Idol"],"acts_visited":["Exordium"],"potions_floor_usage":[16],"damage_taken":[{"damage":14.0,"enemies":"Jaw Worm","floor":1.0,"turns":3.0},{"damage":1.0,"enemies":"Cultist","floor":4.0,"turns":3.0},{"damage":8.0,"enemies":"2 Louse","floor":5.0,"turns":3.0},{"damage":26.0,"enemies":"3 Sentries","floor":7.0,"turns":8.0},{"damage":11.0,"enemies":"2 Fungi Beasts","floor":11.0,"turns":3.0},{"damage":6.0,"enemies":"Gremlin Nob","floor":12.0,"turns":3.0},{"damage":40,"enemies":"Slime Boss","floor":16,"turns":8}],"seed_played":"-8302247338043895589","potions_obtained":[{"floor":1.0,"key":"Swift Potion"},{"floor":11.0,"key":"Strength Potion"}],"is_trial":false,"path_per_floor":["M","?","$","M","M","R","E","R","T","R","M","E","$","?","R","B"],"character_chosen":"IRONCLAD","items_purchased":["Carnage","Shrug It Off"],"campfire_rested":0,"item_purchase_floors":[3,13],"current_hp_per_floor":[67,67,67,72,70,70,50,50,50,50,45,45,45,45,45,5,5],"gold":63,"neow_bonus":"TEN_PERCENT_HP_BONUS","is_daily":false,"chose_seed":false,"campfire_upgraded":4,"win_rate":0.0,"timestamp":1610618994,"path_taken":["M","?","$","M","M","R","E","R","T","R","?","E","$","?","R","BOSS"],"items_purchased_type":["Card","Card"],"build_version":"2020-12-13","purchased_purges":1,"victory":false,"max_hp_per_floor":[82,82,82,82,82,82,82,82,82,82,82,82,82,74,74,74,74],"relic_stats":{"counters":[7,31],"Golden Idol":0,"Art of War":[0],"Question Card":0,"obtain_stats":[{"Golden Idol":14,"Art of War":7,"Question Card":12,"Burning Blood":0},{"Golden Idol":6,"Art of War":4,"Question Card":6,"Burning Blood":0},{"Golden Idol":23,"Art of War":17,"Question Card":23,"Burning Blood":0}],"Burning Blood":36},"card_choices":[{"not_picked":["Whirlwind","Infernal Blade"],"picked":"Perfected Strike","floor":1.0},{"not_picked":["Rupture","Perfected Strike"],"picked":"Feel No Pain","floor":4.0},{"not_picked":["Clash","Cleave"],"picked":"Spot Weakness","floor":5.0},{"not_picked":["Metallicize","Hemokinesis"],"picked":"Uppercut","floor":7.0},{"not_picked":["Infernal Blade","Heavy Blade"],"picked":"Shrug It Off","floor":11.0},{"not_picked":["Pommel Strike","Ghostly Armor"],"picked":"Barricade","floor":12.0}],"player_experience":1390210,"relics_obtained":[{"floor":7.0,"key":"Art of War"},{"floor":12.0,"key":"Question Card"}],"event_choices":[{"cards_removed":["Defend_R"],"damage_healed":0.0,"max_hp_gain":0.0,"max_hp_loss":0.0,"gold_gain":0.0,"event_name":"Purifier","player_choice":"Purged","floor":2.0,"gold_loss":0.0,"damage_taken":0.0},{"damage_healed":0.0,"max_hp_gain":0.0,"max_hp_loss":8.0,"gold_gain":0.0,"event_name":"Golden Idol","player_choice":"Lose Max HP","floor":14.0,"gold_loss":0.0,"damage_taken":0.0,"relics_obtained":["Golden Idol"]}],"is_beta":false,"boss_relics":[],"items_purged_floors":[13],"is_endless":false,"potions_floor_spawned":[1,11],"killed_by":"Slime Boss","ascension_level":20}}