{"host":"4cgvt8brk2i8ma1b","time":1610663231,"event":{"mods":["Act Like it!","BaseMod","Better Third Choice","Conspire","Downfall","Hallownest","Hubris","Infinite Spire","Jorbs\u0027s Wanderer Trilogy","Minty Spire (QoL Compilation)","Replay The Spire","StSLib","The Bug Knight","The Jungle","The Necromancer","The Poker Player","The Runesmith"],"gold_per_floor":[359,359,372,323,323,323,323,323,349,349,361,54,81,6,6,111,111,126,126,126,144,164,164,196,219,244,261,278,303,303,303,303,406,406,426,442,455,555,565,618,618,643,643,656,675,126,161,161,161,161,161],"floor_reached":50,"language":"ENG","playtime":3619,"items_purged":["PokerPlayerMod:Club1","infinitespire:FinalStrike"],"score":558,"play_id":"43f3c7e3-a8a1-44aa-99f9-96f6adf92b43","local_time":"20210114162711","is_ascension_mode":false,"metric_token":1106,"campfire_choices":[{"data":"PokerPlayerMod:HeartStrike","floor":6.0,"key":"SMITH"},{"data":"PokerPlayerMod:HeartStrike","floor":8.0,"key":"SMITH"},{"data":"PokerPlayerMod:Diamond1","floor":10.0,"key":"SMITH"},{"data":"PokerPlayerMod:Spade1","floor":15.0,"key":"SMITH"},{"data":"PokerPlayerMod:Spade2","floor":23.0,"key":"SMITH"},{"floor":32.0,"key":"RECALL"},{"data":"PokerPlayerMod:ClubShade","floor":42.0,"key":"SMITH"},{"data":"Replay:Dark Deal","floor":44.0,"key":"SMITH"},{"data":"hubris:Fate","floor":49,"key":"SMITH"}],"circlet_count":0,"master_deck":["PokerPlayerMod:Diamond2","PokerPlayerMod:Diamond2","PokerPlayerMod:Diamond3","PokerPlayerMod:Diamond4","PokerPlayerMod:Diamond5","PokerPlayerMod:Spade2","PokerPlayerMod:Spade3","PokerPlayerMod:Spade3","PokerPlayerMod:Spade4","PokerPlayerMod:Club2","PokerPlayerMod:Heart2","PokerPlayerMod:TrumpStrike+1","PokerPlayerMod:BadJoker","PokerPlayerMod:Mulligan","PokerPlayerMod:HeartStrike+1","PokerPlayerMod:HeartStrike+1","hubris:Fate+1","PokerPlayerMod:Diamond5","PokerPlayerMod:Heart10+","Replay:Dark Deal+1","Specialist","Replay:SS_fish_2","PokerPlayerMod:CloakAndDiamond","PokerPlayerMod:Diamond7","PokerPlayerMod:ClubShade+1","PokerPlayerMod:Spade6","PokerPlayerMod:JackOfSpades+1","PokerPlayerMod:Diamond5","PokerPlayerMod:RiskyBet+1","PokerPlayerMod:WasteCollection","PokerPlayerMod:Club5","infinitespire:Gouge","PokerPlayerMod:JackOfSpades+1"],"relics":["PokerPlayerMod:DeckCase","Tiny Chest","betterThird:SlimedRelic","ReplayTheSpireMod:TigerMarble","Omamori","ReplayTheSpireMod:ShopPack","Simple Rune","Black Star","Onion Ring","Ancient Tea Set","Bronze Scales","Meat on the Bone","PokerPlayerMod:BottledPoker","PreservedInsect","White Beast Statue","Painkiller Herb","hubris:Teleporter","Orichalcum","Pen Nib","Replay:PocketPolymizer","Boot","hubris:CuriousFeather","Nunchaku"],"acts_visited":["Exordium","TheCity","TheBeyond"],"potions_floor_usage":[48,50],"damage_taken":[{"damage":0.0,"enemies":"2 Louse","floor":1.0,"turns":1.0},{"damage":0.0,"enemies":"Cultist","floor":3.0,"turns":3.0},{"damage":0.0,"enemies":"Jaw Worm","floor":11.0,"turns":2.0},{"damage":11.0,"enemies":"Lagavulin","floor":13.0,"turns":3.0},{"damage":5.0,"enemies":"Fading Forest","floor":16.0,"turns":11.0},{"damage":0.0,"enemies":"2 Thieves","floor":18.0,"turns":2.0},{"damage":3.0,"enemies":"Chosen","floor":21.0,"turns":3.0},{"damage":21.0,"enemies":"Centurion and Healer","floor":22.0,"turns":5.0},{"damage":11.0,"enemies":"HollowMod:Nosk","floor":24.0,"turns":5.0},{"damage":7.0,"enemies":"Snecko","floor":27.0,"turns":4.0},{"damage":21.0,"enemies":"Shelled Parasite and Fungi","floor":28.0,"turns":4.0},{"damage":0.0,"enemies":"conspire:Head Lice","floor":29.0,"turns":4.0},{"damage":3.0,"enemies":"conspire:MysteriousRune","floor":33.0,"turns":6.0},{"damage":0.0,"enemies":"3 Shapes","floor":35.0,"turns":2.0},{"damage":4.0,"enemies":"Orb Walker","floor":36.0,"turns":3.0},{"damage":0.0,"enemies":"Jaw Worm Horde","floor":37.0,"turns":2.0},{"damage":7.0,"enemies":"infinitespire:Three Voidlings","floor":38.0,"turns":4.0},{"damage":0.0,"enemies":"Nightmare_Alpha","floor":38.0,"turns":6.0},{"damage":18.0,"enemies":"Writhing Mass","floor":39.0,"turns":4.0},{"damage":0.0,"enemies":"Maw","floor":45.0,"turns":3.0},{"damage":1.0,"enemies":"Jaw Worm Horde","floor":46.0,"turns":2.0},{"damage":2,"enemies":"Nightmare","floor":48,"turns":5},{"damage":72,"enemies":"hubris:GrandSnecko","floor":50,"turns":9}],"seed_played":"-964904494398797137","potions_obtained":[{"floor":1.0,"key":"Ancient Potion"},{"floor":3.0,"key":"SteroidPotion"},{"floor":13.0,"key":"Weak Potion"},{"floor":18.0,"key":"sneckomod:MuddlingPotion"},{"floor":27.0,"key":"PowerPotion"},{"floor":33.0,"key":"FearPotion"},{"floor":35.0,"key":"Adrenaline Potion"},{"floor":36.0,"key":"Reflective Coating"},{"floor":37.0,"key":"Adrenaline Potion"},{"floor":38.0,"key":"PowerPotion"},{"floor":39.0,"key":"ColorlessPotion"},{"floor":45.0,"key":"SteroidPotion"},{"floor":46.0,"key":"AttackPotion"},{"floor":48,"key":"Block Potion"}],"is_trial":false,"path_per_floor":["M","?","M","?","?","R","T","R","T","R","M","$","E","$","R","B",null,"M","?","$","M","M","R","E","T","T","M","M","E","AVR","T","R","B",null,"?","?","?","?","?","T","T","T","T","?","?","T","NM","T","B"],"character_chosen":"THE_POKER_PLAYER","items_purchased":["PokerPlayerMod:Heart10+","ReplayTheSpireMod:ShopPack","Replay:PocketPolymizer","Boot"],"campfire_rested":0,"item_purchase_floors":[12,12,47,47],"current_hp_per_floor":[47,47,47,36,24,24,24,24,24,24,24,24,47,47,47,47,47,47,47,47,47,40,40,47,47,47,40,32,47,47,47,47,47,47,47,47,47,47,29,29,29,29,29,47,46,46,45,45,0,0,0],"gold":161,"neow_bonus":"TWO_FIFTY_GOLD","is_daily":false,"chose_seed":false,"campfire_upgraded":8,"win_rate":0.0,"timestamp":1610663231,"path_taken":["M","?","?","?","?","R","?","R","T","R","M","?","E","$","R","BOSS","M","?","?","M","M","R","E","?","T","M","?","E","AVR","?","R","BOSS","?","?","?","?","?","?","T","T","T","?","?","T","NM","T","BOSS"],"items_purchased_type":["Undefined","Relic","Relic","Relic"],"build_version":"2020-12-22","purchased_purges":2,"victory":false,"max_hp_per_floor":[47,47,47,47,47,47,47,47,47,47,47,47,47,47,47,47,47,47,47,47,47,47,47,47,47,47,47,47,47,47,47,47,47,47,47,47,47,47,47,47,47,47,47,47,47,47,47,47,47,47,47],"card_choices":[{"not_picked":["PokerPlayerMod:Club5","PokerPlayerMod:Diamond1"],"picked":"PokerPlayerMod:HeartStrike","floor":1.0},{"not_picked":["PokerPlayerMod:RiskyBet","PokerPlayerMod:Diamond1"],"picked":"PokerPlayerMod:HeartStrike","floor":3.0},{"not_picked":["hubris:Rewind","infinitespire:Oblivion"],"picked":"hubris:Fate","floor":5.0},{"not_picked":["PokerPlayerMod:Club3","PokerPlayerMod:Diamond4"],"picked":"PokerPlayerMod:Diamond5","floor":11.0},{"not_picked":["HandOfGreed","ReplayUltimateDefense"],"picked":"Replay:Dark Deal","floor":12.0},{"not_picked":["expansioncontent:Torchfire","Flash of Steel"],"picked":"Specialist","floor":12.0},{"not_picked":["Replay:BasicMightCard","Finesse"],"picked":"Replay:SS_fish_2","floor":12.0},{"not_picked":["PokerPlayerMod:DiamondStrike","PokerPlayerMod:Harden"],"picked":"PokerPlayerMod:CloakAndDiamond","floor":13.0},{"not_picked":["PokerPlayerMod:StackedDeck","PokerPlayerMod:VarietyAttack"],"picked":"PokerPlayerMod:Diamond7","floor":16.0},{"not_picked":["PokerPlayerMod:Spade2","PokerPlayerMod:Harden","PokerPlayerMod:Spade3"],"picked":"SKIP","floor":18.0},{"not_picked":["PokerPlayerMod:Diamond2","PokerPlayerMod:HiddenCard"],"picked":"PokerPlayerMod:ClubShade","floor":21.0},{"not_picked":["PokerPlayerMod:Diamond1","PokerPlayerMod:SpadeStrike"],"picked":"PokerPlayerMod:Spade6","floor":22.0},{"not_picked":["PokerPlayerMod:Diamond3","PokerPlayerMod:Heart4"],"picked":"PokerPlayerMod:JackOfSpades+1","floor":24.0},{"not_picked":["PokerPlayerMod:Diamond1","PokerPlayerMod:Diamond3","PokerPlayerMod:DiamondStrike"],"picked":"SKIP","floor":27.0},{"not_picked":["PokerPlayerMod:Raise","PokerPlayerMod:DartThrow"],"picked":"PokerPlayerMod:Diamond5","floor":28.0},{"not_picked":["PokerPlayerMod:Raise","PokerPlayerMod:HiddenCard"],"picked":"PokerPlayerMod:RiskyBet+1","floor":29.0},{"not_picked":["PokerPlayerMod:SecretDealer","PokerPlayerMod:Spade7"],"picked":"PokerPlayerMod:WasteCollection","floor":33.0},{"not_picked":["PokerPlayerMod:Harden","PokerPlayerMod:Trickery"],"picked":"PokerPlayerMod:Club5","floor":35.0},{"not_picked":["PokerPlayerMod:Heart5","PokerPlayerMod:Configure+1","PokerPlayerMod:CardBurn"],"picked":"SKIP","floor":36.0},{"not_picked":["PokerPlayerMod:ClubStrike","PokerPlayerMod:Spade4","PokerPlayerMod:DartThrow"],"picked":"SKIP","floor":37.0},{"not_picked":["infinitespire:SevenWalls","infinitespire:TheBestDefense"],"picked":"infinitespire:Gouge","floor":38.0},{"not_picked":["PokerPlayerMod:Spade4","PokerPlayerMod:Diamond1"],"picked":"PokerPlayerMod:JackOfSpades+1","floor":39.0},{"not_picked":["PokerPlayerMod:Spade4","PokerPlayerMod:Diamond1","PokerPlayerMod:Diamond3"],"picked":"SKIP","floor":45.0},{"not_picked":["PokerPlayerMod:Spade2","PokerPlayerMod:Diamond1","PokerPlayerMod:HotShotCut"],"picked":"SKIP","floor":46.0},{"not_picked":["PokerPlayerMod:CardBurn","PokerPlayerMod:DartThrow+1","PokerPlayerMod:ClubStrike+1"],"picked":"SKIP","floor":48}],"player_experience":336872,"relics_obtained":[{"floor":7.0,"key":"ReplayTheSpireMod:TigerMarble"},{"floor":9.0,"key":"Omamori"},{"floor":13.0,"key":"Simple Rune"},{"floor":24.0,"key":"Onion Ring"},{"floor":24.0,"key":"Ancient Tea Set"},{"floor":26.0,"key":"Bronze Scales"},{"floor":29.0,"key":"Meat on the Bone"},{"floor":29.0,"key":"PokerPlayerMod:BottledPoker"},{"floor":31.0,"key":"White Beast Statue"},{"floor":38.0,"key":"hubris:Teleporter"},{"floor":41.0,"key":"Orichalcum"},{"floor":43.0,"key":"Pen Nib"},{"floor":48,"key":"hubris:CuriousFeather"},{"floor":48,"key":"Nunchaku"}],"event_choices":[{"damage_healed":0.0,"max_hp_gain":0.0,"max_hp_loss":0.0,"gold_gain":0.0,"event_name":"WeMeetAgain","player_choice":"Gave Potion","floor":2.0,"gold_loss":0.0,"damage_taken":0.0,"relics_obtained":["Tiny Chest"]},{"damage_healed":0.0,"max_hp_gain":0.0,"max_hp_loss":0.0,"gold_gain":0.0,"event_name":"betterThird:BetterGoop","player_choice":"Slimed","floor":4.0,"gold_loss":49.0,"damage_taken":11.0},{"damage_healed":0.0,"max_hp_gain":0.0,"max_hp_loss":0.0,"gold_gain":0.0,"event_name":"Ghosts","player_choice":"Ignored","floor":19.0,"gold_loss":0.0,"damage_taken":0.0}],"is_beta":false,"boss_relics":[{"not_picked":["Honey Jar","Cursed Key"],"picked":"Black Star"},{"not_picked":["Velvet Choker","ReplayTheSpireMod:SealedPack"],"picked":"Painkiller Herb"}],"items_purged_floors":[14,47],"is_endless":true,"potions_floor_spawned":[1,3,13,18,22,27,33,35,36,37,38,38,39,45,46,48],"killed_by":"hubris:GrandSnecko","ascension_level":0}}