{"host":"y193d0agu1dp5x1y","time":1610600331,"event":{"mods":["AchievementEnabler","BaseMod","Googly Eyes","Minty Spire (QoL Compilation)"],"gold_per_floor":[116,191,205,155,155,190,190,208,232,249,249,267,267,282,282,377,377,357,357,357,374,152,152,164,164,164],"floor_reached":25,"language":"ENG","playtime":998,"items_purged":["Normality"],"score":228,"play_id":"be69c598-cf58-4b16-ba01-3090faecc53a","local_time":"20210113225851","is_ascension_mode":false,"campfire_choices":[{"data":"Zap","floor":7,"key":"SMITH"},{"data":"Loop","floor":11,"key":"SMITH"},{"floor":15,"key":"REST"},{"floor":23,"key":"REST"}],"circlet_count":0,"master_deck":["Strike_B","Strike_B","Strike_B","Strike_B","Defend_B","Defend_B","Defend_B","Defend_B","Zap+1","Steam","Go for the Eyes","Beam Cell","Loop+1","Gash","Steam","Capacitor","Conserve Battery","Amplify","Loop+1","Gash","Barrage"],"relics":["Cracked Core","NeowsBlessing","Ancient Tea Set","Regal Pillow","Inserter","MutagenicStrength","Oddly Smooth Stone"],"acts_visited":["Exordium","TheCity"],"potions_floor_usage":[],"damage_taken":[{"damage":0,"enemies":"2 Louse","floor":1,"turns":1},{"damage":0,"enemies":"Small Slimes","floor":3,"turns":1},{"damage":0,"enemies":"3 Sentries","floor":6,"turns":2},{"damage":0,"enemies":"Jaw Worm","floor":8,"turns":2},{"damage":0,"enemies":"Large Slime","floor":10,"turns":4},{"damage":8,"enemies":"Red Slaver","floor":12,"turns":3},{"damage":15,"enemies":"Exordium Wildlife","floor":14,"turns":6},{"damage":49,"enemies":"Slime Boss","floor":16,"turns":12},{"damage":19,"enemies":"2 Thieves","floor":18,"turns":4},{"damage":21,"enemies":"Spheric Guardian","floor":21,"turns":4},{"damage":38,"enemies":"Cultist and Chosen","floor":24,"turns":7},{"damage":34,"enemies":"Slavers","floor":25,"turns":3}],"seed_played":"1660098591056229186","potions_obtained":[{"floor":3,"key":"Ancient Potion"},{"floor":6,"key":"FocusPotion"},{"floor":12,"key":"Weak Potion"}],"is_trial":false,"path_per_floor":["M","?","M","?","?","E","R","M","T","M","R","M","?","M","R","B",null,"M","?","?","M","$","R","M","E"],"character_chosen":"DEFECT","items_purchased":["Oddly Smooth Stone"],"campfire_rested":2,"item_purchase_floors":[22],"current_hp_per_floor":[75,64,64,64,64,64,64,64,64,64,64,56,56,41,75,26,75,56,56,56,35,35,72,34,0,0],"gold":164,"neow_bonus":"THREE_ENEMY_KILL","is_daily":false,"chose_seed":false,"campfire_upgraded":2,"win_rate":0.0,"timestamp":1610600331,"path_taken":["M","?","M","?","?","E","R","M","T","?","R","M","?","M","R","BOSS","M","?","?","M","$","R","M","E"],"items_purchased_type":["Relic"],"build_version":"2020-12-22","purchased_purges":1,"victory":false,"max_hp_per_floor":[75,75,75,75,75,75,75,75,75,75,75,75,75,75,75,75,75,75,75,75,75,75,75,75,75,75],"card_choices":[{"not_picked":["Ball Lightning","Force Field"],"picked":"Steam","floor":1},{"not_picked":["Coolheaded","Turbo"],"picked":"Go for the Eyes","floor":3},{"not_picked":["Barrage","Chill"],"picked":"Beam Cell","floor":6},{"not_picked":["Sweeping Beam","Barrage"],"picked":"Loop","floor":8},{"not_picked":["Redo","Ball Lightning"],"picked":"Gash","floor":10},{"not_picked":["Hologram","Fission"],"picked":"Steam","floor":12},{"not_picked":["Undo","Streamline"],"picked":"Conserve Battery","floor":14},{"not_picked":["All For One","Multi-Cast"],"picked":"Amplify","floor":16},{"not_picked":["Barrage","Scrape"],"picked":"Loop+1","floor":18},{"not_picked":["Turbo","Auto Shields"],"picked":"Barrage","floor":21},{"not_picked":["Rip and Tear","Blizzard","Reinforced Body"],"picked":"SKIP","floor":24}],"player_experience":76483,"relics_obtained":[{"floor":6,"key":"Ancient Tea Set"},{"floor":9,"key":"Regal Pillow"}],"event_choices":[{"damage_healed":0,"gold_gain":75,"player_choice":"Gather Gold","damage_taken":11,"max_hp_gain":0,"max_hp_loss":0,"event_name":"World of Goop","floor":2,"gold_loss":0},{"cards_removed":["Dualcast"],"damage_healed":0,"gold_gain":0,"player_choice":"Card Removal","damage_taken":0,"max_hp_gain":0,"max_hp_loss":0,"event_name":"The Cleric","floor":4,"gold_loss":50},{"damage_healed":0,"gold_gain":0,"player_choice":"Ignored","damage_taken":0,"max_hp_gain":0,"max_hp_loss":0,"event_name":"Golden Idol","floor":5,"gold_loss":0},{"damage_healed":0,"gold_gain":0,"player_choice":"2 cards matched","damage_taken":0,"max_hp_gain":0,"max_hp_loss":0,"event_name":"Match and Keep!","floor":13,"gold_loss":0,"cards_obtained":["Normality","Capacitor"]},{"damage_healed":0,"gold_gain":0,"player_choice":"Inject Mutagens","damage_taken":0,"relics_obtained":["MutagenicStrength"],"max_hp_gain":0,"max_hp_loss":0,"event_name":"Drug Dealer","floor":19,"gold_loss":0},{"damage_healed":0,"gold_gain":0,"player_choice":"Read","damage_taken":0,"max_hp_gain":0,"max_hp_loss":0,"event_name":"The Library","floor":20,"gold_loss":0,"cards_obtained":["Gash"]}],"is_beta":false,"boss_relics":[{"not_picked":["Black Star","Velvet Choker"],"picked":"Inserter"}],"items_purged_floors":[22],"is_endless":false,"potions_floor_spawned":[3,6,12,14,21,24],"killed_by":"Slavers","ascension_level":0}}