{"host":"qik6c64y69p9jmph","time":1610659187,"event":{"mods":["AchievementEnabler","BaseMod","BetterRewards","Highlight Path","Minty Spire (QoL Compilation)","Quick Restart","Replay The Spire","StSLib","Synergy Search"],"gold_per_floor":[114,114,114,126,142,142,172,185,185,198,198,229,106,122,122,122,122],"floor_reached":16,"language":"ENG","playtime":1113,"items_purged":["Exhume"],"score":194,"play_id":"8d2ed652-e834-42b4-9f9b-da7aee3160e3","local_time":"20210114161947","is_ascension_mode":true,"campfire_choices":[{"data":"Entrench","floor":6,"key":"SMITH"},{"floor":11,"key":"REST"},{"floor":15,"key":"REST"}],"circlet_count":0,"master_deck":["Strike_R","Strike_R","Strike_R","Strike_R","Strike_R","Defend_R","Defend_R","Defend_R","Defend_R","Bash","Body Slam+1","True Grit","Entrench+1","Flame Barrier","ReplayTheSpireMod:Stacked"],"relics":["Burning Blood","Self Forming Clay","Calipers","BranchBurnRelic","Mummified Hand"],"acts_visited":["Exordium"],"potions_floor_usage":[7,12,16,16,16],"damage_taken":[{"damage":11,"enemies":"Small Slimes","floor":1,"turns":4},{"damage":10,"enemies":"Cultist","floor":4,"turns":4},{"damage":1,"enemies":"2 Louse","floor":5,"turns":3},{"damage":40,"enemies":"Lagavulin","floor":7,"turns":9},{"damage":20,"enemies":"Gremlin Gang","floor":8,"turns":10},{"damage":13,"enemies":"Large Slime","floor":10,"turns":8},{"damage":28,"enemies":"3 Sentries","floor":12,"turns":10},{"damage":3,"enemies":"Exordium Wildlife","floor":14,"turns":8},{"damage":98,"enemies":"Hexaghost","floor":16,"turns":16}],"seed_played":"-1326639193449403186","potions_obtained":[{"floor":5,"key":"Languid Potion"},{"floor":8,"key":"FearPotion"},{"floor":10,"key":"Strength Potion"},{"floor":12,"key":"SpeedPotion"}],"is_trial":false,"path_per_floor":["M","?","?","M","M","R","E","M","T","M","R","E","$","M","R","B"],"character_chosen":"IRONCLAD","items_purchased":["Body Slam","True Grit","BloodPotion"],"campfire_rested":2,"item_purchase_floors":[0,0,13],"current_hp_per_floor":[75,72,72,68,73,73,39,25,25,18,42,35,35,38,62,0,0],"gold":122,"neow_bonus":"","is_daily":false,"chose_seed":false,"campfire_upgraded":1,"win_rate":0.0,"timestamp":1610659187,"path_taken":["M","?","?","M","?","R","E","M","T","?","R","E","?","M","R","BOSS"],"items_purchased_type":["Card","Card","Potion"],"build_version":"2020-12-22","purchased_purges":1,"victory":false,"max_hp_per_floor":[80,80,80,80,80,80,80,80,80,80,80,80,80,80,80,80,80],"card_choices":[{"not_picked":["True Grit","Flex"],"picked":"Entrench","floor":1},{"not_picked":["ReplayTheSpireMod:Strike From Hell","Headbutt"],"picked":"Flame Barrier","floor":4},{"not_picked":["True Grit","Anger","Pommel Strike"],"picked":"SKIP","floor":5},{"not_picked":["Headbutt","Anger"],"picked":"Exhume","floor":7},{"not_picked":["Replay:Undeath\u0027s Touch","ReplayTheSpireMod:Corrosion Curse","Flex"],"picked":"SKIP","floor":8},{"not_picked":["Wild Strike","Iron Wave"],"picked":"ReplayTheSpireMod:Stacked","floor":10},{"not_picked":["Whirlwind","ReplayTheSpireMod:Strike From Hell","Twin Strike"],"picked":"SKIP","floor":12},{"not_picked":["Warcry","Flex","Run Through"],"picked":"SKIP","floor":14}],"player_experience":495880,"relics_obtained":[{"floor":7,"key":"Dead Branch"},{"floor":9,"key":"Calipers"},{"floor":12,"key":"Mummified Hand"}],"event_choices":[{"damage_healed":0,"gold_gain":0,"player_choice":"Success","damage_taken":3,"relics_obtained":["Self Forming Clay"],"max_hp_gain":0,"max_hp_loss":0,"event_name":"Scrap Ooze","floor":2,"gold_loss":0},{"damage_healed":0,"gold_gain":0,"player_choice":"Upgraded","damage_taken":0,"max_hp_gain":0,"max_hp_loss":0,"event_name":"Upgrade Shrine","floor":3,"gold_loss":0,"cards_upgraded":["Body Slam"]}],"is_beta":false,"boss_relics":[],"items_purged_floors":[13],"is_endless":false,"potions_floor_spawned":[5,8,10,12,14],"killed_by":"Hexaghost","ascension_level":4}}