{"host":"2lo6hma6kymb0g9i","time":1610653140,"event":{"mods":["BaseMod","Colored Map","DeckTracker","Minty Spire (QoL Compilation)"],"gold_per_floor":[112,112,130,130,145,145,145,165,236,256,269,282,282,179,179,179,179],"floor_reached":16,"language":"JPN","playtime":921,"items_purged":["Strike_B"],"score":183,"play_id":"0230cd94-305a-4e7a-882d-b2df870fa6a3","local_time":"20210115043900","is_ascension_mode":true,"campfire_choices":[{"data":"Streamline","floor":6,"key":"SMITH"},{"data":"Hologram","floor":13,"key":"SMITH"},{"floor":15,"key":"REST"}],"circlet_count":0,"master_deck":["AscendersBane","Defend_B","Defend_B","Defend_B","Defend_B","Zap","Dualcast","Reinforced Body","Multi-Cast","Gash","Streamline+1","Go for the Eyes","Core Surge","Conserve Battery","Hologram+1"],"relics":["Cracked Core","The Courier","Sundial"],"acts_visited":["Exordium"],"potions_floor_usage":[16,16],"damage_taken":[{"damage":4,"enemies":"Jaw Worm","floor":1,"turns":5},{"damage":5,"enemies":"Small Slimes","floor":3,"turns":4},{"damage":0,"enemies":"2 Louse","floor":5,"turns":2},{"damage":7,"enemies":"Exordium Thugs","floor":8,"turns":4},{"damage":0,"enemies":"Looter","floor":10,"turns":2},{"damage":22,"enemies":"Exordium Wildlife","floor":11,"turns":3},{"damage":0,"enemies":"Large Slime","floor":12,"turns":5},{"damage":33,"enemies":"Hexaghost","floor":16,"turns":10}],"seed_played":"-2559958189106449837","potions_obtained":[{"floor":10,"key":"Weak Potion"}],"is_trial":false,"path_per_floor":["M","?","M","?","M","R","T","M","T","M","M","M","R","$","R","B"],"character_chosen":"DEFECT","items_purchased":["Energy Potion"],"campfire_rested":1,"item_purchase_floors":[14],"current_hp_per_floor":[42,47,42,35,35,35,35,28,28,28,6,6,6,6,28,0,0],"gold":179,"neow_bonus":"TRANSFORM_TWO_CARDS","is_daily":false,"chose_seed":false,"campfire_upgraded":2,"win_rate":0.0,"timestamp":1610653140,"path_taken":["M","?","M","?","M","R","?","M","T","M","M","?","R","$","R","BOSS"],"items_purchased_type":["Potion"],"build_version":"2020-12-22","purchased_purges":1,"victory":false,"max_hp_per_floor":[71,76,76,76,76,76,76,76,76,76,76,76,76,76,76,76,76],"card_choices":[{"not_picked":["Redo","Ball Lightning"],"picked":"Gash","floor":1},{"not_picked":["Beam Cell","Chaos"],"picked":"Streamline","floor":3},{"not_picked":["Gash","Sweeping Beam"],"picked":"Go for the Eyes","floor":5},{"not_picked":["Redo","Steam"],"picked":"Core Surge","floor":8},{"not_picked":["Hologram","Leap"],"picked":"Conserve Battery","floor":10},{"not_picked":["Sweeping Beam","Gash","Go for the Eyes"],"picked":"SKIP","floor":11},{"not_picked":["Barrage","Sweeping Beam"],"picked":"Hologram","floor":12}],"player_experience":1074493,"relics_obtained":[{"floor":7,"key":"The Courier"},{"floor":9,"key":"Sundial"}],"event_choices":[{"damage_healed":0,"gold_gain":0,"player_choice":"Donut","damage_taken":0,"max_hp_gain":5,"max_hp_loss":0,"event_name":"Big Fish","floor":2,"gold_loss":0},{"cards_removed":["Strike_B"],"damage_healed":0,"gold_gain":0,"player_choice":"Card Removal","damage_taken":7,"max_hp_gain":0,"max_hp_loss":0,"event_name":"Golden Wing","floor":4,"gold_loss":0}],"is_beta":false,"boss_relics":[],"items_purged_floors":[14],"is_endless":false,"potions_floor_spawned":[10],"killed_by":"Hexaghost","ascension_level":19}}