{"host":"ch74xfb1n85e86fc","time":1610619051,"event":{"mods":["AchievementEnabler","BaseMod","Colored Map","DeckTracker","Minty Spire (QoL Compilation)","Relic Stats","StSLib","SuperFastMode","everything is the same but u backflip on backflip"],"gold_per_floor":[118,130,55,25,37,66,66,101,124,142,142,158,173,191,191,289,289,300,300,314,330,345,345,21,53,53,68,88,101,101,117,117,220,220,232,232,232],"floor_reached":36,"language":"KOR","playtime":1119,"items_purged":["Strike_R"],"score":462,"play_id":"5262c30a-dbd5-42ff-b21c-20426fc6ee3b","local_time":"20210114191051","is_ascension_mode":true,"campfire_choices":[{"data":"Armaments","floor":11.0,"key":"SMITH"},{"data":"Bash","floor":15.0,"key":"SMITH"},{"data":"Evolve","floor":23.0,"key":"SMITH"},{"data":"Immolate","floor":30.0,"key":"SMITH"},{"data":"Shockwave","floor":32.0,"key":"SMITH"}],"circlet_count":0,"master_deck":["Strike_R","Strike_R","Strike_R","Strike_R","Defend_R","Defend_R","Defend_R","Defend_R","Bash+1","Twin Strike","Thunderclap","Wild Strike","Pommel Strike","Armaments+1","Metallicize","Clothesline","Feel No Pain","Juggernaut+1","Evolve+1","Metallicize","Immolate+1","Shockwave+1","Impervious"],"relics":["Burning Blood","NeowsBlessing","Blood Vial","CultistMask","Lantern","Orichalcum","Snecko Eye","Self Forming Clay","Bag of Preparation","InkBottle","Sozu"],"acts_visited":["Exordium","TheCity","TheBeyond"],"potions_floor_usage":[],"damage_taken":[{"damage":0.0,"enemies":"Cultist","floor":1.0,"turns":1.0},{"damage":0.0,"enemies":"2 Louse","floor":2.0,"turns":1.0},{"damage":0.0,"enemies":"Small Slimes","floor":5.0,"turns":1.0},{"damage":26.0,"enemies":"Gremlin Nob","floor":6.0,"turns":4.0},{"damage":40.0,"enemies":"3 Sentries","floor":8.0,"turns":7.0},{"damage":5.0,"enemies":"Gremlin Gang","floor":10.0,"turns":4.0},{"damage":1.0,"enemies":"Exordium Thugs","floor":12.0,"turns":3.0},{"damage":2.0,"enemies":"Lots of Slimes","floor":13.0,"turns":2.0},{"damage":3.0,"enemies":"Blue Slaver","floor":14.0,"turns":3.0},{"damage":26.0,"enemies":"Hexaghost","floor":16.0,"turns":12.0},{"damage":14.0,"enemies":"Spheric Guardian","floor":18.0,"turns":4.0},{"damage":3.0,"enemies":"Chosen","floor":20.0,"turns":4.0},{"damage":21.0,"enemies":"3 Cultists","floor":21.0,"turns":5.0},{"damage":8.0,"enemies":"Snecko","floor":22.0,"turns":4.0},{"damage":19.0,"enemies":"Gremlin Leader","floor":25.0,"turns":6.0},{"damage":24.0,"enemies":"Snake Plant","floor":27.0,"turns":4.0},{"damage":15.0,"enemies":"Sentry and Sphere","floor":28.0,"turns":4.0},{"damage":17.0,"enemies":"Shelled Parasite and Fungi","floor":29.0,"turns":4.0},{"damage":7.0,"enemies":"Snecko","floor":31.0,"turns":3.0},{"damage":4.0,"enemies":"Collector","floor":33.0,"turns":5.0},{"damage":0.0,"enemies":"3 Shapes","floor":35.0,"turns":3.0},{"damage":0,"enemies":"3 Darklings","floor":36,"turns":1}],"seed_played":"6295894051816779561","potions_obtained":[{"floor":1.0,"key":"SkillPotion"},{"floor":4.0,"key":"PowerPotion"},{"floor":4.0,"key":"Energy Potion"},{"floor":5.0,"key":"Fruit Juice"},{"floor":8.0,"key":"DistilledChaos"},{"floor":13.0,"key":"Regen Potion"},{"floor":25.0,"key":"Block Potion"},{"floor":29.0,"key":"PowerPotion"},{"floor":31.0,"key":"EntropicBrew"},{"floor":33.0,"key":"SpeedPotion"}],"is_trial":false,"path_per_floor":["M","M","$","?","M","E","?","E","T","M","R","M","M","M","R","B",null,"M","?","M","M","M","R","$","E","T","M","M","M","R","M","R","B",null,"M","M"],"character_chosen":"IRONCLAD","items_purchased":["Metallicize","Self Forming Clay"],"campfire_rested":0,"item_purchase_floors":[24,24],"current_hp_per_floor":[80,80,80,80,80,60,60,28,28,31,31,38,49,54,54,36,85,77,77,82,69,69,69,69,58,58,42,35,26,26,27,27,45,85,85,85,85],"gold":232,"neow_bonus":"THREE_ENEMY_KILL","is_daily":false,"chose_seed":false,"campfire_upgraded":5,"win_rate":0.0,"timestamp":1610619051,"path_taken":["M","M","?","?","?","E","?","E","T","?","R","?","M","M","R","BOSS","M","?","M","?","M","R","$","E","T","M","M","M","R","M","R","BOSS","M","M"],"items_purchased_type":["Card","Relic"],"build_version":"2020-12-22","purchased_purges":1,"victory":false,"max_hp_per_floor":[80,80,80,80,80,80,80,80,80,80,80,80,85,85,85,85,85,85,85,85,85,85,85,85,85,85,85,85,85,85,85,85,85,85,85,85,85],"relic_stats":{"Blood Vial":30,"Sozu":1,"counters":[22,85],"Self Forming Clay":[45],"Snecko Eye":[79,100,80,96],"Bag of Preparation":[14],"Orichalcum":[150],"obtain_stats":[{"Blood Vial":6,"Sozu":34,"Lantern":8,"NeowsBlessing":0,"Self Forming Clay":24,"Snecko Eye":17,"CultistMask":7,"Bag of Preparation":25,"Orichalcum":9,"Burning Blood":0,"InkBottle":26},{"Blood Vial":4,"Sozu":20,"Lantern":5,"NeowsBlessing":0,"Self Forming Clay":14,"Snecko Eye":10,"CultistMask":4,"Bag of Preparation":15,"Orichalcum":5,"Burning Blood":0,"InkBottle":15},{"Blood Vial":7,"Sozu":81,"Lantern":14,"NeowsBlessing":0,"Self Forming Clay":55,"Snecko Eye":38,"CultistMask":7,"Bag of Preparation":61,"Orichalcum":14,"Burning Blood":0,"InkBottle":61}],"Burning Blood":102,"InkBottle":[7]},"card_choices":[{"not_picked":["Dual Wield","Warcry"],"picked":"Twin Strike","floor":1.0},{"not_picked":["Ghostly Armor","Havoc"],"picked":"Thunderclap","floor":2.0},{"not_picked":["Havoc","Spot Weakness"],"picked":"Wild Strike","floor":5.0},{"not_picked":["Bloodletting","Sword Boomerang"],"picked":"Pommel Strike","floor":6.0},{"not_picked":["Armaments","Dual Wield","Flex"],"picked":"SKIP","floor":8.0},{"not_picked":["True Grit","Havoc"],"picked":"Armaments","floor":10.0},{"not_picked":["Armaments","Clash"],"picked":"Metallicize","floor":12.0},{"not_picked":["Brutality","Headbutt"],"picked":"Clothesline","floor":13.0},{"not_picked":["Anger","Warcry"],"picked":"Feel No Pain","floor":14.0},{"not_picked":["Reaper","Barricade"],"picked":"Juggernaut","floor":16.0},{"not_picked":["Cleave","Wild Strike","Flex"],"picked":"SKIP","floor":18.0},{"not_picked":["Wild Strike+1","Pommel Strike","Havoc"],"picked":"SKIP","floor":20.0},{"not_picked":["Cleave","Blood for Blood+1"],"picked":"Evolve","floor":21.0},{"not_picked":["Perfected Strike","Fire Breathing+1","Havoc"],"picked":"SKIP","floor":22.0},{"not_picked":["Cleave","Perfected Strike"],"picked":"Immolate","floor":25.0},{"not_picked":["Battle Trance","Thunderclap","Sentinel"],"picked":"SKIP","floor":27.0},{"not_picked":["Spot Weakness","Cleave"],"picked":"Shockwave","floor":28.0},{"not_picked":["Cleave","Perfected Strike","Searing Blow"],"picked":"SKIP","floor":29.0},{"not_picked":["Twin Strike+1","Clothesline","Entrench"],"picked":"SKIP","floor":31.0},{"not_picked":["Exhume","Juggernaut"],"picked":"Impervious","floor":33.0},{"not_picked":["Iron Wave","Fire Breathing","Anger"],"picked":"SKIP","floor":35.0}],"player_experience":42559,"relics_obtained":[{"floor":6.0,"key":"Blood Vial"},{"floor":8.0,"key":"Lantern"},{"floor":9.0,"key":"Orichalcum"},{"floor":25.0,"key":"Bag of Preparation"},{"floor":26.0,"key":"InkBottle"}],"event_choices":[{"damage_healed":0.0,"max_hp_gain":0.0,"max_hp_loss":0.0,"gold_gain":0.0,"event_name":"The Woman in Blue","player_choice":"Bought 2 Potions","floor":4.0,"gold_loss":0.0,"damage_taken":0.0},{"damage_healed":0.0,"max_hp_gain":0.0,"max_hp_loss":0.0,"gold_gain":0.0,"event_name":"FaceTrader","player_choice":"Trade","floor":7.0,"gold_loss":0.0,"damage_taken":0.0,"relics_obtained":["CultistMask"]},{"damage_healed":0.0,"max_hp_gain":0.0,"max_hp_loss":0.0,"gold_gain":0.0,"event_name":"Accursed Blacksmith","player_choice":"Forge","floor":19.0,"gold_loss":0.0,"damage_taken":0.0,"cards_upgraded":["Juggernaut"]}],"is_beta":false,"boss_relics":[{"not_picked":["Runic Dome","Busted Crown"],"picked":"Snecko Eye"},{"not_picked":["Pandora\u0027s Box","Runic Pyramid"],"picked":"Sozu"}],"items_purged_floors":[3],"is_endless":false,"potions_floor_spawned":[1,5,8,13,14,16,22,25,29,31,33,35],"killed_by":"3 Darklings","ascension_level":3}}