{"host":"yn1175etg9ni8l0q","time":1610617741,"event":{"mods":["AchievementEnabler","BaseMod","Colored Map","Colored Powertips","DeckTracker","Minty Spire (QoL Compilation)","Rare Cards Sparkle","Relic Stats","SuperFastMode","everything is the same but u backflip on backflip"],"gold_per_floor":[112,125,16,29,45,59,59,73,73,73,73,87,87,98,98,193,193,210,210,210,34,50,50,66,84,158,172,192,202,202,219,219,319,319,332,332,345,363,20,49,65,15,15,46,46,66,66,77,77,77,77,77,41,76,76],"floor_reached":56,"language":"KOR","playtime":1872,"items_purged":["Defend_B","Strike_B"],"score":1259,"play_id":"5b0f89e1-ead9-4640-9dfb-79501c1ce0d7","local_time":"20210114184901","is_ascension_mode":false,"campfire_choices":[{"data":"Defragment","floor":7.0,"key":"SMITH"},{"data":"Dualcast","floor":11.0,"key":"SMITH"},{"floor":13.0,"key":"REST"},{"data":"Go for the Eyes","floor":15.0,"key":"SMITH"},{"data":"Defragment","floor":23.0,"key":"SMITH"},{"floor":32.0,"key":"REST"},{"data":"Seek","floor":45.0,"key":"SMITH"},{"floor":49.0,"key":"RECALL"},{"data":"Coolheaded","floor":52.0,"key":"SMITH"}],"circlet_count":0,"master_deck":["Defend_B","Defend_B","Zap","Dualcast+1","Go for the Eyes+1","Defragment+1","Ball Lightning","Coolheaded+1","Melter","Biased Cognition","Ball Lightning","Seek+1","Defragment+1","Self Repair","Aggregate+1","Conserve Battery+1","White Noise+1","Electrodynamics","Doom and Gloom+1","Cold Snap+1","Meteor Strike+1","Cold Snap+1","Glacier+1","Reboot","Coolheaded+1","White Noise+1","Capacitor"],"relics":["Cracked Core","StoneCalendar","SacredBark","Bottled Lightning","Astrolabe","Calipers","Pen Nib","DataDisk","HornCleat","Lizard Tail"],"acts_visited":["Exordium","TheCity","TheBeyond","TheEnding"],"potions_floor_usage":[55,55,55],"damage_taken":[{"damage":1.0,"enemies":"Cultist","floor":1.0,"turns":4.0},{"damage":5.0,"enemies":"Small Slimes","floor":2.0,"turns":3.0},{"damage":6.0,"enemies":"Jaw Worm","floor":4.0,"turns":4.0},{"damage":22.0,"enemies":"Gremlin Gang","floor":5.0,"turns":4.0},{"damage":13.0,"enemies":"Exordium Thugs","floor":6.0,"turns":4.0},{"damage":4.0,"enemies":"Red Slaver","floor":8.0,"turns":3.0},{"damage":2.0,"enemies":"Looter","floor":12.0,"turns":3.0},{"damage":12.0,"enemies":"Gremlin Gang","floor":14.0,"turns":3.0},{"damage":6.0,"enemies":"The Guardian","floor":16.0,"turns":9.0},{"damage":0.0,"enemies":"Spheric Guardian","floor":18.0,"turns":1.0},{"damage":5.0,"enemies":"Chosen","floor":22.0,"turns":4.0},{"damage":19.0,"enemies":"Centurion and Healer","floor":24.0,"turns":6.0},{"damage":6.0,"enemies":"Snecko","floor":25.0,"turns":5.0},{"damage":18.0,"enemies":"Snake Plant","floor":27.0,"turns":3.0},{"damage":27.0,"enemies":"Chosen and Byrds","floor":28.0,"turns":6.0},{"damage":14.0,"enemies":"Sentry and Sphere","floor":29.0,"turns":3.0},{"damage":0.0,"enemies":"3 Cultists","floor":31.0,"turns":1.0},{"damage":13.0,"enemies":"Champ","floor":33.0,"turns":11.0},{"damage":20.0,"enemies":"Orb Walker","floor":35.0,"turns":3.0},{"damage":4.0,"enemies":"3 Shapes","floor":37.0,"turns":2.0},{"damage":26.0,"enemies":"3 Darklings","floor":38.0,"turns":3.0},{"damage":7.0,"enemies":"Reptomancer","floor":40.0,"turns":6.0},{"damage":3.0,"enemies":"Jaw Worm Horde","floor":41.0,"turns":3.0},{"damage":0.0,"enemies":"Giant Head","floor":44.0,"turns":8.0},{"damage":0.0,"enemies":"Sphere and 2 Shapes","floor":46.0,"turns":4.0},{"damage":8.0,"enemies":"Writhing Mass","floor":48.0,"turns":5.0},{"damage":57.0,"enemies":"Donu and Deca","floor":50.0,"turns":10.0},{"damage":33.0,"enemies":"Shield and Spear","floor":54.0,"turns":7.0},{"damage":0,"enemies":"The Heart","floor":55,"turns":9}],"seed_played":"-4625825434735639181","potions_obtained":[{"floor":2.0,"key":"SpeedPotion"},{"floor":5.0,"key":"AttackPotion"},{"floor":6.0,"key":"SneckoOil"},{"floor":18.0,"key":"Dexterity Potion"},{"floor":24.0,"key":"PowerPotion"},{"floor":36.0,"key":"Explosive Potion"},{"floor":36.0,"key":"AttackPotion"},{"floor":36.0,"key":"AttackPotion"},{"floor":37.0,"key":"Ancient Potion"}],"is_trial":false,"path_per_floor":["M","M","$","M","M","M","R","M","T","?","R","M","R","M","R","B",null,"M","?","?","$","M","R","M","M","T","M","M","M","T","M","R","B",null,"M","?","M","M","$","E","M","$","T","E","R","M","?","M","R","B",null,"R","$","E","B",null],"character_chosen":"DEFECT","items_purchased":["Defragment","Defragment","Calipers","PowerPotion","Swift Potion","Capacitor"],"campfire_rested":2,"item_purchase_floors":[3,21,39,39,42,53],"current_hp_per_floor":[74,69,69,63,41,28,28,24,24,24,24,22,44,32,32,26,75,75,75,75,75,70,70,58,59,59,41,21,14,14,21,43,37,75,55,55,51,32,32,32,36,36,36,50,50,57,75,74,74,24,75,75,75,49,56],"gold":76,"neow_bonus":"REMOVE_CARD","is_daily":false,"chose_seed":false,"campfire_upgraded":6,"win_rate":0.0,"timestamp":1610617741,"path_taken":["M","M","?","M","M","M","R","M","T","?","R","M","R","M","R","BOSS","M","?","?","$","?","R","M","M","T","M","M","M","?","M","R","BOSS","M","?","M","M","$","E","M","$","T","E","R","?","?","M","R","BOSS","R","$","E","BOSS"],"items_purchased_type":["Card","Card","Relic","Potion","Potion","Card"],"build_version":"2020-12-22","purchased_purges":2,"victory":true,"max_hp_per_floor":[75,75,75,75,75,75,75,75,75,75,75,75,75,75,75,75,75,75,75,75,75,75,75,75,75,75,75,75,75,75,75,75,75,75,75,75,75,75,75,75,75,75,75,75,75,75,75,75,75,75,75,75,75,75,75],"relic_stats":{"Lizard Tail":0,"counters":[29,137],"Astrolabe":["Doom and Gloom","Cold Snap","Meteor Strike"],"StoneCalendar":[284],"Pen Nib":[7],"obtain_stats":[{"DataDisk":43,"Lizard Tail":54,"Calipers":39,"HornCleat":44,"SacredBark":17,"Astrolabe":34,"StoneCalendar":9,"Pen Nib":40,"Bottled Lightning":30,"Cracked Core":0},{"DataDisk":23,"Lizard Tail":28,"Calipers":21,"HornCleat":24,"SacredBark":9,"Astrolabe":18,"StoneCalendar":6,"Pen Nib":22,"Bottled Lightning":16,"Cracked Core":0},{"DataDisk":94,"Lizard Tail":128,"Calipers":85,"HornCleat":102,"SacredBark":37,"Astrolabe":77,"StoneCalendar":22,"Pen Nib":91,"Bottled Lightning":65,"Cracked Core":0}]},"card_choices":[{"not_picked":["Conserve Battery","Steam"],"picked":"Go for the Eyes","floor":1.0},{"not_picked":["Rebound","Go for the Eyes","Compile Driver"],"picked":"SKIP","floor":2.0},{"not_picked":["Force Field","Beam Cell"],"picked":"Ball Lightning","floor":4.0},{"not_picked":["Turbo","Undo"],"picked":"Coolheaded","floor":5.0},{"not_picked":["Redo","White Noise","Go for the Eyes"],"picked":"SKIP","floor":6.0},{"not_picked":["Rebound","Beam Cell","Barrage"],"picked":"SKIP","floor":8.0},{"not_picked":["Double Energy","Redo"],"picked":"Melter","floor":12.0},{"not_picked":["Blizzard","Fusion","Chaos"],"picked":"SKIP","floor":14.0},{"not_picked":["Meteor Strike","Fission"],"picked":"Biased Cognition","floor":16.0},{"not_picked":["Compile Driver+1","Beam Cell"],"picked":"Ball Lightning","floor":18.0},{"not_picked":["Beam Cell","Lockon+1"],"picked":"Self Repair","floor":22.0},{"not_picked":["Consume+1","Hologram","Self Repair+1"],"picked":"SKIP","floor":24.0},{"not_picked":["Sweeping Beam","Steam Power"],"picked":"Aggregate+1","floor":25.0},{"not_picked":["Aggregate","Go for the Eyes"],"picked":"Conserve Battery+1","floor":27.0},{"not_picked":["Hologram","Reprogram+1"],"picked":"White Noise+1","floor":28.0},{"not_picked":["Genetic Algorithm+1","Self Repair+1","Rebound"],"picked":"SKIP","floor":29.0},{"not_picked":["Stack","Redo","Sweeping Beam"],"picked":"SKIP","floor":31.0},{"not_picked":["Meteor Strike","Buffer"],"picked":"Electrodynamics","floor":33.0},{"not_picked":["Loop","Melter"],"picked":"Cold Snap+1","floor":35.0},{"not_picked":["Steam+1","Stack","Barrage"],"picked":"SKIP","floor":37.0},{"not_picked":["Recycle","Gash+1"],"picked":"Glacier+1","floor":38.0},{"not_picked":["Darkness","Conserve Battery+1"],"picked":"Reboot","floor":40.0},{"not_picked":["Streamline","Compile Driver","Sweeping Beam+1"],"picked":"SKIP","floor":41.0},{"not_picked":["Hologram+1","Steam+1"],"picked":"Coolheaded+1","floor":44.0},{"not_picked":["Lockon+1","Darkness+1","Conserve Battery+1"],"picked":"SKIP","floor":46.0},{"not_picked":["Turbo","Rebound"],"picked":"White Noise+1","floor":48.0},{"not_picked":["Conserve Battery+1","Recycle","Storm"],"picked":"SKIP","floor":54.0}],"player_experience":327269,"relics_obtained":[{"floor":9.0,"key":"StoneCalendar"},{"floor":30.0,"key":"Bottled Lightning"},{"floor":40.0,"key":"Pen Nib"},{"floor":43.0,"key":"DataDisk"},{"floor":44.0,"key":"HornCleat"},{"floor":54.0,"key":"Lizard Tail"}],"event_choices":[{"damage_healed":0.0,"max_hp_gain":0.0,"max_hp_loss":0.0,"gold_gain":0.0,"event_name":"Liars Game","player_choice":"Ignored","floor":10.0,"gold_loss":0.0,"damage_taken":0.0},{"damage_healed":0.0,"max_hp_gain":0.0,"max_hp_loss":0.0,"gold_gain":0.0,"event_name":"The Mausoleum","player_choice":"Ignored","floor":19.0,"gold_loss":0.0,"damage_taken":0.0},{"damage_healed":0.0,"max_hp_gain":0.0,"max_hp_loss":0.0,"gold_gain":0.0,"event_name":"Match and Keep!","player_choice":"1 cards matched","floor":20.0,"gold_loss":0.0,"damage_taken":0.0,"cards_obtained":["Seek"]},{"damage_healed":0.0,"max_hp_gain":0.0,"max_hp_loss":0.0,"gold_gain":0.0,"event_name":"Lab","player_choice":"Got Potions","floor":36.0,"gold_loss":0.0,"damage_taken":0.0},{"damage_healed":18.0,"max_hp_gain":0.0,"max_hp_loss":0.0,"gold_gain":0.0,"event_name":"Wheel of Change","player_choice":"Full Heal","floor":47.0,"gold_loss":0.0,"damage_taken":0.0}],"is_beta":false,"boss_relics":[{"not_picked":["Coffee Dripper","SlaversCollar"],"picked":"SacredBark"},{"not_picked":["Tiny House","Pandora\u0027s Box"],"picked":"Astrolabe"}],"items_purged_floors":[3,21],"is_endless":false,"potions_floor_spawned":[2,5,6,12,18,24,37,38,44,46,54],"ascension_level":0}}