{"host":"oi6p1guiqfwwvxym","time":1610606184,"event":{"mods":["BaseMod","Colored Map","Minty Spire (QoL Compilation)"],"gold_per_floor":[111,54,67,84,84,112,131,131,131,149,149,149,180,193,193,265,265,281,296,296,316,366,366,376,376,376],"floor_reached":25,"language":"ENG","playtime":1283,"items_purged":[],"score":398,"play_id":"25e6af03-a32f-44cf-8252-e0d8c45c6500","local_time":"20210113223624","is_ascension_mode":true,"campfire_choices":[{"data":"Immolate","floor":8,"key":"SMITH"},{"data":"Bash","floor":15,"key":"SMITH"},{"data":"Disarm","floor":23,"key":"SMITH"}],"circlet_count":0,"master_deck":["AscendersBane","Strike_R","Strike_R","Strike_R","Strike_R","Defend_R","Defend_R","Defend_R","Defend_R","Bash+1","Shrug It Off","Wild Strike","Bloodletting","Carnage","Headbutt","Immolate+1","Burning Pact","Armaments","Impervious","Dark Embrace","Disarm+1","Evolve"],"relics":["Burning Blood","NeowsBlessing","Anchor","Kunai","Toy Ornithopter","InkBottle","Snecko Eye"],"acts_visited":["Exordium","TheCity"],"potions_floor_usage":[16],"damage_taken":[{"damage":0,"enemies":"Cultist","floor":1,"turns":1},{"damage":0,"enemies":"2 Louse","floor":3,"turns":1},{"damage":0,"enemies":"Small Slimes","floor":4,"turns":1},{"damage":10,"enemies":"3 Sentries","floor":6,"turns":8},{"damage":18,"enemies":"Exordium Thugs","floor":7,"turns":5},{"damage":0,"enemies":"3 Louse","floor":10,"turns":2},{"damage":33,"enemies":"Lagavulin","floor":13,"turns":5},{"damage":1,"enemies":"Looter","floor":14,"turns":2},{"damage":31,"enemies":"Slime Boss","floor":16,"turns":8},{"damage":9,"enemies":"Shell Parasite","floor":18,"turns":2},{"damage":0,"enemies":"2 Thieves","floor":19,"turns":3},{"damage":24,"enemies":"Snecko","floor":21,"turns":5},{"damage":4,"enemies":"3 Cultists","floor":24,"turns":4},{"damage":50,"enemies":"Book of Stabbing","floor":25,"turns":7}],"seed_played":"155841659046520250","potions_obtained":[{"floor":1,"key":"Block Potion"},{"floor":6,"key":"Dexterity Potion"},{"floor":7,"key":"CultistPotion"},{"floor":14,"key":"Weak Potion"},{"floor":16,"key":"BlessingOfTheForge"}],"is_trial":false,"path_per_floor":["M","$","M","M","?","E","M","R","T","M","?","?","E","M","R","B",null,"M","M","?","M","?","R","M","E"],"character_chosen":"IRONCLAD","items_purchased":["Wild Strike"],"campfire_rested":0,"item_purchase_floors":[2],"current_hp_per_floor":[74,74,75,75,57,53,41,41,41,47,40,65,38,43,43,23,62,59,65,65,47,47,47,49,0,0],"gold":376,"neow_bonus":"THREE_ENEMY_KILL","is_daily":false,"chose_seed":false,"campfire_upgraded":3,"win_rate":0.0,"timestamp":1610606184,"path_taken":["M","$","?","M","?","E","M","R","T","M","?","?","E","M","R","BOSS","M","M","?","M","?","R","M","E"],"items_purchased_type":["Card"],"build_version":"2020-12-22","purchased_purges":0,"victory":false,"max_hp_per_floor":[75,75,75,75,75,75,75,75,75,75,75,75,75,75,75,75,75,75,75,75,75,75,75,75,75,75],"card_choices":[{"not_picked":["Body Slam","True Grit"],"picked":"Shrug It Off","floor":1},{"not_picked":["Flex","Havoc"],"picked":"Bloodletting","floor":3},{"not_picked":["Entrench","True Grit"],"picked":"Carnage","floor":4},{"not_picked":["Wild Strike","Dual Wield"],"picked":"Headbutt","floor":6},{"not_picked":["Infernal Blade","Cleave"],"picked":"Immolate","floor":7},{"not_picked":["Wild Strike","Warcry"],"picked":"Burning Pact","floor":10},{"not_picked":["Body Slam","Carnage","Headbutt"],"picked":"SKIP","floor":13},{"not_picked":["Havoc","Anger"],"picked":"Armaments","floor":14},{"not_picked":["Barricade","Fiend Fire"],"picked":"Impervious","floor":16},{"not_picked":["Clothesline","Armaments"],"picked":"Dark Embrace","floor":18},{"not_picked":["Cleave","Carnage"],"picked":"Disarm","floor":19},{"not_picked":["Perfected Strike","Burning Pact"],"picked":"Evolve","floor":21},{"not_picked":["Wild Strike","Shrug It Off","Warcry"],"picked":"SKIP","floor":24}],"player_experience":363803,"relics_obtained":[{"floor":6,"key":"Kunai"},{"floor":9,"key":"Toy Ornithopter"},{"floor":13,"key":"InkBottle"}],"event_choices":[{"damage_healed":0,"gold_gain":0,"player_choice":"Success","damage_taken":18,"relics_obtained":["Anchor"],"max_hp_gain":0,"max_hp_loss":0,"event_name":"Scrap Ooze","floor":5,"gold_loss":0},{"cards_removed":["Strike_R"],"damage_healed":0,"gold_gain":0,"player_choice":"Card Removal","damage_taken":7,"max_hp_gain":0,"max_hp_loss":0,"event_name":"Golden Wing","floor":11,"gold_loss":0},{"damage_healed":25,"gold_gain":0,"player_choice":"Banana","damage_taken":0,"max_hp_gain":0,"max_hp_loss":0,"event_name":"Big Fish","floor":12,"gold_loss":0},{"damage_healed":0,"gold_gain":0,"player_choice":"Ignored","damage_taken":0,"max_hp_gain":0,"max_hp_loss":0,"event_name":"Vampires","floor":20,"gold_loss":0},{"damage_healed":0,"gold_gain":50,"player_choice":"Stole From Cult","damage_taken":0,"max_hp_gain":0,"max_hp_loss":0,"event_name":"Nest","floor":22,"gold_loss":0}],"is_beta":false,"boss_relics":[{"not_picked":["Ectoplasm","Calling Bell"],"picked":"Snecko Eye"}],"items_purged_floors":[],"is_endless":false,"potions_floor_spawned":[1,6,7,14,16,19],"killed_by":"Book of Stabbing","ascension_level":17}}