{"host":"nolo0osttpwefhwj","time":1610630148,"event":{"mods":["AchievementEnabler","BaseMod","Bestiary","Colored Powertips","Minty Spire (QoL Compilation)","Permanent Neow","Quick Restart","Relic Stats"],"gold_per_floor":[112,112,125,136,136,170,170,199,279,297,326,346,47,47,47,143,143,155,155,172,97,97,97,127,127,127,127,146,146,178,93,93,191,191,202,221,271,290,309,336,336,351,351,404,423,453,468,483,483,483,483,483,128,158,158],"floor_reached":56,"language":"ENG","playtime":3581,"items_purged":["Strike_G"],"score":1844,"play_id":"a7a39122-2f61-4538-af8a-c01a120e5a6c","local_time":"20210114141548","is_ascension_mode":true,"campfire_choices":[{"data":"Blade Dance","floor":7.0,"key":"SMITH"},{"data":"Terror","floor":15.0,"key":"SMITH"},{"data":"Blade Dance","floor":23.0,"key":"SMITH"},{"data":"Backstab","floor":25.0,"key":"SMITH"},{"data":"Riddle With Holes","floor":29.0,"key":"SMITH"},{"data":"Dash","floor":32.0,"key":"SMITH"},{"floor":41.0,"key":"RECALL"},{"data":"Burst","floor":49.0,"key":"SMITH"},{"data":"Strike_G","floor":52.0,"key":"PURGE"}],"circlet_count":0,"master_deck":["Strike_G","Strike_G","Defend_G","Defend_G","Defend_G","Defend_G","Defend_G","Survivor","Neutralize+1","Blade Dance+1","Dash+1","Terror+1","Burst+1","Backstab+1","Blade Dance+1","Malaise","Leg Sweep","Corpse Explosion+1","Backstab+1","Riddle With Holes+1","Acrobatics+1","Backflip+1","Dash+1","Blade Dance+1","Prepared+1","Accuracy+1","Deflect+1","Footwork+1","Blur+1","Backflip+1","Purity","Venomology"],"relics":["Ring of the Snake","CaptainsWheel","Incense Burner","Toy Ornithopter","Bottled Lightning","Lantern","Medical Kit","Omamori","Calling Bell","Vajra","Singing Bowl","Lizard Tail","Necronomicon","Mango","Matryoshka","Calipers","Juzu Bracelet","Coffee Dripper","Peace Pipe","Blood Vial","Whetstone","Bird Faced Urn","Gambling Chip","War Paint","Blue Candle"],"acts_visited":["Exordium","TheCity","TheBeyond","TheEnding"],"potions_floor_usage":[55,55,55,55],"damage_taken":[{"damage":1.0,"enemies":"Cultist","floor":1.0,"turns":5.0},{"damage":0.0,"enemies":"Jaw Worm","floor":3.0,"turns":2.0},{"damage":0.0,"enemies":"2 Louse","floor":4.0,"turns":3.0},{"damage":7.0,"enemies":"3 Sentries","floor":6.0,"turns":8.0},{"damage":0.0,"enemies":"Lagavulin","floor":8.0,"turns":7.0},{"damage":0.0,"enemies":"Looter","floor":10.0,"turns":2.0},{"damage":0.0,"enemies":"Gremlin Nob","floor":11.0,"turns":3.0},{"damage":0.0,"enemies":"3 Louse","floor":12.0,"turns":2.0},{"damage":8.0,"enemies":"Slime Boss","floor":16.0,"turns":12.0},{"damage":1.0,"enemies":"Spheric Guardian","floor":18.0,"turns":4.0},{"damage":0.0,"enemies":"Chosen","floor":20.0,"turns":3.0},{"damage":7.0,"enemies":"Slavers","floor":24.0,"turns":5.0},{"damage":0.0,"enemies":"Snecko","floor":28.0,"turns":2.0},{"damage":6.0,"enemies":"Book of Stabbing","floor":30.0,"turns":3.0},{"damage":25.0,"enemies":"Champ","floor":33.0,"turns":10.0},{"damage":0.0,"enemies":"3 Darklings","floor":35.0,"turns":6.0},{"damage":0.0,"enemies":"3 Shapes","floor":36.0,"turns":2.0},{"damage":1.0,"enemies":"Mind Bloom Boss Battle","floor":37.0,"turns":4.0},{"damage":0.0,"enemies":"Writhing Mass","floor":38.0,"turns":5.0},{"damage":0.0,"enemies":"3 Darklings","floor":39.0,"turns":2.0},{"damage":0.0,"enemies":"Giant Head","floor":40.0,"turns":5.0},{"damage":0.0,"enemies":"Sphere and 2 Shapes","floor":42.0,"turns":3.0},{"damage":2.0,"enemies":"2 Orb Walkers","floor":44.0,"turns":4.0},{"damage":0.0,"enemies":"Maw","floor":45.0,"turns":5.0},{"damage":15.0,"enemies":"Reptomancer","floor":46.0,"turns":11.0},{"damage":0.0,"enemies":"4 Shapes","floor":47.0,"turns":3.0},{"damage":0.0,"enemies":"Sphere and 2 Shapes","floor":48.0,"turns":1.0},{"damage":0.0,"enemies":"Awakened One","floor":50.0,"turns":21.0},{"damage":19,"enemies":"Shield and Spear","floor":54,"turns":6},{"damage":97,"enemies":"The Heart","floor":55,"turns":13}],"seed_played":"-5699832653352125785","potions_obtained":[{"floor":1.0,"key":"EssenceOfSteel"},{"floor":3.0,"key":"Dexterity Potion"},{"floor":5.0,"key":"DuplicationPotion"},{"floor":5.0,"key":"Strength Potion"},{"floor":6.0,"key":"BlessingOfTheForge"},{"floor":11.0,"key":"AttackPotion"},{"floor":20.0,"key":"Energy Potion"},{"floor":28.0,"key":"SkillPotion"},{"floor":35.0,"key":"Poison Potion"},{"floor":39.0,"key":"FearPotion"},{"floor":40.0,"key":"Dexterity Potion"},{"floor":42.0,"key":"BlessingOfTheForge"},{"floor":46.0,"key":"EssenceOfSteel"}],"is_trial":false,"path_per_floor":["M","?","M","M","?","E","R","E","T","M","E","M","$","$","R","B",null,"M","?","M","?","?","R","E","R","T","?","M","R","E","?","R","B",null,"M","M","?","M","M","E","R","M","T","?","M","E","M","M","R","B",null,"R","$","E","B",null],"character_chosen":"THE_SILENT","items_purchased":["Medical Kit","Omamori","Backflip","War Paint","Purity"],"campfire_rested":0,"item_purchase_floors":[13,13,53,53,53],"current_hp_per_floor":[62,62,62,62,62,55,55,55,55,55,55,55,55,55,55,52,66,65,65,67,67,51,51,65,65,65,65,67,67,63,63,63,45,80,82,82,86,86,86,88,88,95,95,93,95,80,88,90,90,96,97,97,97,82,48],"gold":158,"neow_bonus":"ONE_RARE_RELIC","is_daily":false,"chose_seed":false,"campfire_upgraded":7,"win_rate":0.0,"timestamp":1610630148,"path_taken":["M","?","?","M","?","E","R","E","T","M","E","M","?","$","R","BOSS","M","?","M","?","?","R","E","R","T","?","M","R","E","?","R","BOSS","M","M","?","M","M","E","R","M","T","?","M","E","M","M","R","BOSS","R","$","E","BOSS"],"items_purchased_type":["Relic","Relic","Card","Relic","Card"],"build_version":"2020-12-22","purchased_purges":1,"victory":true,"max_hp_per_floor":[70,70,70,70,70,70,70,70,70,70,70,70,70,70,70,70,70,70,70,72,69,69,69,85,85,85,85,87,87,89,89,89,91,91,93,93,93,93,93,95,95,95,95,95,95,95,97,97,97,97,97,97,97,97,97],"relic_stats":{"Singing Bowl":16,"counters":[30,162],"Blue Candle":[0],"Juzu Bracelet":0,"Whetstone":["Dash","Neutralize"],"War Paint":["Corpse Explosion","Backflip"],"Medical Kit":[6],"Peace Pipe":3,"Blood Vial":12,"Lizard Tail":48,"Bird Faced Urn":[12],"Gambling Chip":[8],"Necronomicon":[53],"obtain_stats":[{"Lantern":11,"Calipers":30,"Singing Bowl":17,"Vajra":17,"Mango":24,"Incense Burner":6,"Juzu Bracelet":31,"Whetstone":43,"Blood Vial":40,"Lizard Tail":17,"Matryoshka":26,"Gambling Chip":46,"Necronomicon":22,"Ring of the Snake":0,"Blue Candle":54,"Omamori":13,"War Paint":53,"Medical Kit":13,"Calling Bell":17,"Peace Pipe":37,"CaptainsWheel":0,"Bird Faced Urn":44,"Coffee Dripper":34,"Bottled Lightning":9,"Toy Ornithopter":8},{"Lantern":7,"Calipers":14,"Singing Bowl":9,"Vajra":9,"Mango":12,"Incense Burner":4,"Juzu Bracelet":14,"Whetstone":22,"Blood Vial":21,"Lizard Tail":9,"Matryoshka":12,"Gambling Chip":25,"Necronomicon":11,"Ring of the Snake":0,"Blue Candle":29,"Omamori":8,"War Paint":28,"Medical Kit":8,"Calling Bell":9,"Peace Pipe":18,"CaptainsWheel":0,"Bird Faced Urn":23,"Coffee Dripper":15,"Bottled Lightning":5,"Toy Ornithopter":5},{"Lantern":30,"Calipers":61,"Singing Bowl":44,"Vajra":44,"Mango":56,"Incense Burner":18,"Juzu Bracelet":61,"Whetstone":98,"Blood Vial":95,"Lizard Tail":44,"Matryoshka":56,"Gambling Chip":118,"Necronomicon":51,"Ring of the Snake":0,"Blue Candle":149,"Omamori":32,"War Paint":143,"Medical Kit":32,"Calling Bell":44,"Peace Pipe":83,"CaptainsWheel":0,"Bird Faced Urn":102,"Coffee Dripper":71,"Bottled Lightning":25,"Toy Ornithopter":25}],"Toy Ornithopter":38,"Ring of the Snake":[60]},"card_choices":[{"not_picked":["Dagger Throw","Well Laid Plans"],"picked":"Blade Dance","floor":1.0},{"not_picked":["Escape Plan","Deadly Poison"],"picked":"Terror","floor":3.0},{"not_picked":["Poisoned Stab","Flying Knee","Outmaneuver"],"picked":"SKIP","floor":4.0},{"not_picked":["Choke","Cloak And Dagger"],"picked":"Burst","floor":6.0},{"not_picked":["Choke","Dagger Throw"],"picked":"Backstab","floor":8.0},{"not_picked":["Bouncing Flask","Crippling Poison"],"picked":"Blade Dance","floor":10.0},{"not_picked":["Blur","Dagger Spray"],"picked":"Malaise","floor":11.0},{"not_picked":["Poisoned Stab","Outmaneuver"],"picked":"Leg Sweep","floor":12.0},{"not_picked":["Phantasmal Killer","Night Terror"],"picked":"Corpse Explosion","floor":16.0},{"not_picked":["Dodge and Roll+1","Backflip"],"picked":"Backstab+1","floor":18.0},{"not_picked":["Deadly Poison+1","Quick Slash+1","Sucker Punch"],"picked":"Singing Bowl","floor":20.0},{"not_picked":["Flechettes","Dodge and Roll","Distraction+1"],"picked":"Singing Bowl","floor":24.0},{"not_picked":["Sucker Punch","Cloak And Dagger","Acrobatics"],"picked":"Singing Bowl","floor":28.0},{"not_picked":["Caltrops","Storm of Steel","PiercingWail"],"picked":"Singing Bowl","floor":30.0},{"not_picked":["Envenom","Doppelganger","Glass Knife"],"picked":"Singing Bowl","floor":33.0},{"not_picked":["Slice","Underhanded Strike","Outmaneuver+1"],"picked":"Singing Bowl","floor":35.0},{"not_picked":["Cloak And Dagger","Backflip"],"picked":"Acrobatics+1","floor":36.0},{"not_picked":["Outmaneuver+1","Deflect"],"picked":"Backflip+1","floor":37.0},{"not_picked":["Slice","Terror"],"picked":"Dash","floor":38.0},{"not_picked":["Deadly Poison","Grand Finale"],"picked":"Blade Dance+1","floor":39.0},{"not_picked":["Blade Dance+1","Skewer","Caltrops+1"],"picked":"Singing Bowl","floor":40.0},{"not_picked":["Expertise","Backstab"],"picked":"Prepared+1","floor":42.0},{"not_picked":["Leg Sweep","Blade Dance+1"],"picked":"Accuracy+1","floor":44.0},{"not_picked":["Blade Dance","Outmaneuver"],"picked":"Deflect+1","floor":45.0},{"not_picked":["Tools of the Trade","PiercingWail"],"picked":"Footwork+1","floor":46.0},{"not_picked":["Cloak And Dagger","Poisoned Stab","Dodge and Roll"],"picked":"Singing Bowl","floor":47.0},{"not_picked":["Prepared+1","Terror+1"],"picked":"Blur+1","floor":48.0},{"not_picked":["Dagger Spray","Sucker Punch"],"picked":"Venomology","floor":54}],"player_experience":224413,"relics_obtained":[{"floor":6.0,"key":"Incense Burner"},{"floor":8.0,"key":"Toy Ornithopter"},{"floor":9.0,"key":"Bottled Lightning"},{"floor":11.0,"key":"Lantern"},{"floor":17.0,"key":"Vajra"},{"floor":17.0,"key":"Singing Bowl"},{"floor":17.0,"key":"Lizard Tail"},{"floor":22.0,"key":"Necronomicon"},{"floor":24.0,"key":"Mango"},{"floor":26.0,"key":"Matryoshka"},{"floor":30.0,"key":"Calipers"},{"floor":37.0,"key":"Peace Pipe"},{"floor":40.0,"key":"Blood Vial"},{"floor":43.0,"key":"Whetstone"},{"floor":44.0,"key":"Bird Faced Urn"},{"floor":46.0,"key":"Gambling Chip"},{"floor":54,"key":"Blue Candle"}],"event_choices":[{"damage_healed":0.0,"max_hp_gain":0.0,"max_hp_loss":0.0,"gold_gain":0.0,"cards_transformed":["Strike_G"],"event_name":"Transmorgrifier","player_choice":"Transformed","floor":2.0,"gold_loss":0.0,"damage_taken":0.0,"cards_obtained":["Dash"]},{"damage_healed":0.0,"max_hp_gain":0.0,"max_hp_loss":0.0,"gold_gain":0.0,"event_name":"Lab","player_choice":"Got Potions","floor":5.0,"gold_loss":0.0,"damage_taken":0.0},{"damage_healed":0.0,"max_hp_gain":0.0,"max_hp_loss":0.0,"gold_gain":0.0,"event_name":"Vampires","player_choice":"Ignored","floor":19.0,"gold_loss":0.0,"damage_taken":0.0},{"cards_removed":["Parasite"],"damage_healed":0.0,"max_hp_gain":0.0,"max_hp_loss":0.0,"gold_gain":0.0,"event_name":"Beggar","player_choice":"Gave Gold","floor":21.0,"gold_loss":75.0,"damage_taken":0.0},{"damage_healed":0.0,"max_hp_gain":0.0,"max_hp_loss":0.0,"gold_gain":0.0,"event_name":"Cursed Tome","player_choice":"Obtained Book","floor":22.0,"gold_loss":0.0,"damage_taken":16.0},{"damage_healed":0.0,"max_hp_gain":0.0,"max_hp_loss":0.0,"gold_gain":0.0,"event_name":"The Library","player_choice":"Read","floor":27.0,"gold_loss":0.0,"damage_taken":0.0,"cards_obtained":["Riddle With Holes"]},{"damage_healed":0.0,"max_hp_gain":0.0,"max_hp_loss":0.0,"gold_gain":0.0,"event_name":"Addict","player_choice":"Obtained Relic","floor":31.0,"gold_loss":85.0,"damage_taken":0.0,"relics_obtained":["Juzu Bracelet"]},{"damage_healed":0.0,"max_hp_gain":0.0,"max_hp_loss":0.0,"gold_gain":0.0,"event_name":"MindBloom","player_choice":"Fight","floor":37.0,"gold_loss":0.0,"damage_taken":0.0},{"damage_healed":0.0,"max_hp_gain":0.0,"max_hp_loss":0.0,"gold_gain":0.0,"event_name":"Mysterious Sphere","player_choice":"Fight","floor":44.0,"gold_loss":0.0,"damage_taken":0.0}],"is_beta":false,"boss_relics":[{"not_picked":["Sozu","Runic Dome"],"picked":"Calling Bell"},{"not_picked":["SacredBark","Philosopher\u0027s Stone"],"picked":"Coffee Dripper"}],"items_purged_floors":[53],"is_endless":false,"potions_floor_spawned":[1,3,6,11,20,28,35,39,40,42,46],"ascension_level":8}}