{"host":"x21cvmfdo17nyhii","time":1610603454,"event":{"mods":["AchievementEnabler","BaseMod","Colored Map","Colored Powertips","DeckTracker","Highlight Path","Minty Spire (QoL Compilation)","Quick Restart","Rare Cards Sparkle","SuperFastMode"],"gold_per_floor":[114,39,39,39,39,71,36,36,36,36,55,67,81,111,111,111,111],"floor_reached":16,"language":"ENG","playtime":926,"items_purged":["Defend_B"],"score":160,"play_id":"1c27002a-4e2e-44d8-b824-e8b608262266","local_time":"20210113215054","is_ascension_mode":true,"campfire_choices":[{"data":"Zap","floor":8,"key":"SMITH"},{"floor":15,"key":"REST"}],"circlet_count":0,"master_deck":["Strike_B","Strike_B","Strike_B","Strike_B","Defend_B","Defend_B","Zap+1","Dualcast","Undo","Leap","Redo","Hologram","Hologram","Undo","Recycle"],"relics":["Nuclear Battery","CaptainsWheel","Prayer Wheel","Sundial","Torii","Bottled Lightning"],"acts_visited":["Exordium"],"potions_floor_usage":[],"damage_taken":[{"damage":0,"enemies":"Small Slimes","floor":1,"turns":3},{"damage":33,"enemies":"Gremlin Nob","floor":6,"turns":6},{"damage":0,"enemies":"2 Louse","floor":11,"turns":3},{"damage":0,"enemies":"Jaw Worm","floor":12,"turns":3},{"damage":7,"enemies":"Large Slime","floor":13,"turns":7},{"damage":0,"enemies":"Lagavulin","floor":14,"turns":8},{"damage":72,"enemies":"Hexaghost","floor":16,"turns":16}],"seed_played":"-7464513620018071876","potions_obtained":[{"floor":6,"key":"SteroidPotion"},{"floor":12,"key":"LiquidMemories"}],"is_trial":false,"path_per_floor":["M","$","?","?","T","E","?","R","T","T","M","M","M","E","R","B"],"character_chosen":"DEFECT","items_purchased":[],"campfire_rested":1,"item_purchase_floors":[],"current_hp_per_floor":[75,75,75,68,68,35,53,53,53,53,53,53,46,46,68,0,0],"gold":111,"neow_bonus":"BOSS_RELIC","is_daily":false,"chose_seed":false,"campfire_upgraded":1,"win_rate":0.0,"timestamp":1610603454,"path_taken":["M","$","?","?","?","E","?","R","T","?","?","M","M","E","R","BOSS"],"items_purchased_type":[],"build_version":"2020-12-22","purchased_purges":1,"victory":false,"max_hp_per_floor":[75,75,75,75,75,75,75,75,75,75,75,75,75,75,75,75,75],"card_choices":[{"not_picked":["Compile Driver","Sweeping Beam"],"picked":"Undo","floor":1},{"not_picked":["Steam","Coolheaded"],"picked":"Leap","floor":6},{"not_picked":["Rip and Tear","Streamline"],"picked":"Redo","floor":11},{"not_picked":["Turbo","Melter"],"picked":"Hologram","floor":11},{"not_picked":["Redo","Heatsinks"],"picked":"Hologram","floor":12},{"not_picked":["Barrage","Ball Lightning","Auto Shields"],"picked":"SKIP","floor":12},{"not_picked":["Barrage","Ball Lightning","Auto Shields"],"picked":"SKIP","floor":12},{"not_picked":["Chill","Go for the Eyes"],"picked":"Undo","floor":13},{"not_picked":["Reprogram","Streamline","Static Discharge"],"picked":"SKIP","floor":13},{"not_picked":["Stack","Loop"],"picked":"Recycle","floor":14}],"player_experience":362582,"relics_obtained":[{"floor":5,"key":"CaptainsWheel"},{"floor":6,"key":"Prayer Wheel"},{"floor":9,"key":"Sundial"},{"floor":10,"key":"Torii"},{"floor":14,"key":"Bottled Lightning"}],"event_choices":[{"damage_healed":0,"gold_gain":0,"player_choice":"Ignored","damage_taken":0,"max_hp_gain":0,"max_hp_loss":0,"event_name":"Liars Game","floor":3,"gold_loss":0},{"cards_removed":["Defend_B"],"damage_healed":0,"gold_gain":0,"player_choice":"Card Removal","damage_taken":7,"max_hp_gain":0,"max_hp_loss":0,"event_name":"Golden Wing","floor":4,"gold_loss":0},{"damage_healed":18,"gold_gain":0,"player_choice":"Healed","damage_taken":0,"max_hp_gain":0,"max_hp_loss":0,"event_name":"The Cleric","floor":7,"gold_loss":35}],"is_beta":false,"boss_relics":[],"items_purged_floors":[2],"is_endless":false,"potions_floor_spawned":[6,12],"killed_by":"Hexaghost","ascension_level":4}}