{"host":"dw2ay8i719i7xlef","time":1610664020,"event":{"mods":["BaseMod","Minty Spire (QoL Compilation)"],"gold_per_floor":[117,134,151,163,178,178,178,213,237,237,237,272,272,307,307,402,402,421,421,440,31,44,76,76,92,92,92,102,102,132,150,150,249,249,260,280,280,300,318,318,344,344,370,370,388,403,475,100,100,100],"floor_reached":51,"playtime":19847,"items_purged":["Strike_G"],"score":1184,"play_id":"03cc9b9f-c62a-4415-ae42-e6ced85f8069","local_time":"20210114164020","is_ascension_mode":true,"campfire_choices":[{"floor":6.0,"key":"REST"},{"floor":10.0,"key":"REST"},{"floor":15.0,"key":"REST"},{"data":"Wraith Form v2","floor":24.0,"key":"SMITH"},{"data":"Skewer","floor":27.0,"key":"SMITH"},{"data":"PiercingWail","floor":29.0,"key":"SMITH"},{"data":"SpiritShield","floor":32.0,"key":"SMITH"},{"floor":40,"key":"REST"},{"floor":42,"key":"REST"},{"data":"Blasphemy","floor":49,"key":"SMITH"}],"circlet_count":0,"master_deck":["AscendersBane","Strike_G","Strike_G","Strike_G","Defend_G","Defend_G+1","Defend_G","Defend_G","Survivor","Neutralize","Sucker Punch+1","Cloak And Dagger","Dagger Spray","Poisoned Stab+1","Backflip","Skewer+1","Dagger Spray","All Out Attack","Wraith Form v2+1","PiercingWail+1","Cloak And Dagger","Crippling Poison","Creative AI","Acrobatics+1","SpiritShield+1","Blasphemy+1","Backflip+1","Terror"],"relics":["Philosopher\u0027s Stone","Prayer Wheel","PreservedInsect","Mercury Hourglass","Anchor","Potion Belt","Snecko Eye","PrismaticShard","InkBottle","Pantograph","Lizard Tail","Bronze Scales","Busted Crown","Bird Faced Urn","Orichalcum","White Beast Statue"],"acts_visited":["Exordium","TheCity","TheBeyond"],"potions_floor_usage":[38,41,50,50,50,50],"damage_taken":[{"damage":0.0,"enemies":"2 Louse","floor":1.0,"turns":5.0},{"damage":8.0,"enemies":"Jaw Worm","floor":2.0,"turns":4.0},{"damage":3.0,"enemies":"Cultist","floor":3.0,"turns":4.0},{"damage":22.0,"enemies":"Exordium Thugs","floor":4.0,"turns":6.0},{"damage":8.0,"enemies":"2 Fungi Beasts","floor":5.0,"turns":3.0},{"damage":26.0,"enemies":"Gremlin Nob","floor":8.0,"turns":5.0},{"damage":0.0,"enemies":"3 Sentries","floor":12.0,"turns":4.0},{"damage":0.0,"enemies":"Gremlin Nob","floor":14.0,"turns":3.0},{"damage":15.0,"enemies":"Slime Boss","floor":16.0,"turns":9.0},{"damage":0.0,"enemies":"Spheric Guardian","floor":18.0,"turns":4.0},{"damage":0.0,"enemies":"Chosen","floor":20.0,"turns":4.0},{"damage":0.0,"enemies":"Sentry and Sphere","floor":22.0,"turns":3.0},{"damage":13.0,"enemies":"Slavers","floor":23.0,"turns":6.0},{"damage":1.0,"enemies":"3 Cultists","floor":25.0,"turns":4.0},{"damage":1.0,"enemies":"Snake Plant","floor":28.0,"turns":4.0},{"damage":0.0,"enemies":"Gremlin Leader","floor":30.0,"turns":4.0},{"damage":0.0,"enemies":"Centurion and Healer","floor":31.0,"turns":7.0},{"damage":47.0,"enemies":"Collector","floor":33.0,"turns":11.0},{"damage":0,"enemies":"Orb Walker","floor":35,"turns":3},{"damage":0,"enemies":"3 Darklings","floor":36,"turns":1},{"damage":13,"enemies":"Maw","floor":38,"turns":8},{"damage":10,"enemies":"Spire Growth","floor":39,"turns":5},{"damage":27,"enemies":"Nemesis","floor":41,"turns":7},{"damage":0,"enemies":"Sphere and 2 Shapes","floor":45,"turns":6},{"damage":6,"enemies":"Writhing Mass","floor":46,"turns":7},{"damage":42,"enemies":"Awakened One","floor":50,"turns":11}],"seed_played":"-2237750504108389213","potions_obtained":[{"floor":4.0,"key":"Block Potion"},{"floor":8.0,"key":"Ancient Potion"},{"floor":14.0,"key":"EntropicBrew"},{"floor":23.0,"key":"PowerPotion"},{"floor":25.0,"key":"Energy Potion"},{"floor":28.0,"key":"LiquidMemories"},{"floor":30.0,"key":"Dexterity Potion"},{"floor":39,"key":"SkillPotion"},{"floor":45,"key":"EssenceOfSteel"}],"is_trial":false,"path_per_floor":["M","M","M","M","M","R","?","E","T","R","T","E","?","E","R","B",null,"M","?","M","$","M","E","R","M","T","R","M","R","E","M","R","B",null,"M","M","?","M","M","R","E","R","T","?","M","M","T","$","R","B",null],"character_chosen":"THE_SILENT","items_purchased":["PrismaticShard","InkBottle","CultistPotion","Terror","CunningPotion","SteroidPotion"],"campfire_rested":5,"item_purchase_floors":[21,21,48,48,48,48],"current_hp_per_floor":[63,55,52,30,22,43,43,17,17,38,38,38,24,24,45,30,60,60,60,60,60,60,47,47,46,46,46,45,45,45,45,45,23,58,58,58,58,45,35,56,29,50,50,50,62,64,64,64,64,34],"gold":100,"neow_bonus":"BOSS_RELIC","is_daily":false,"chose_seed":false,"campfire_upgraded":5,"win_rate":0.0,"timestamp":1610664020,"path_taken":["M","M","M","M","M","R","?","E","T","R","?","E","?","E","R","BOSS","M","?","M","$","M","E","R","M","T","R","M","R","E","?","R","BOSS","M","M","?","M","M","R","E","R","T","?","M","M","?","$","R","BOSS"],"items_purchased_type":["Relic","Relic","Potion","Card","Potion","Potion"],"build_version":"2020-12-22","purchased_purges":1,"victory":true,"max_hp_per_floor":[70,70,70,70,70,70,70,70,70,70,70,70,70,70,70,70,70,70,70,70,70,70,70,70,70,70,70,70,70,70,70,70,70,70,70,70,70,70,70,70,70,70,70,70,70,70,70,70,70,70],"card_choices":[{"not_picked":["Acrobatics","Eviscerate"],"picked":"Sucker Punch","floor":1.0},{"not_picked":["Calculated Gamble","Reflex"],"picked":"Cloak And Dagger","floor":2.0},{"not_picked":["PiercingWail","Dodge and Roll"],"picked":"Dagger Spray","floor":3.0},{"not_picked":["Acrobatics","Slice"],"picked":"Poisoned Stab","floor":4.0},{"not_picked":["Prepared","Finisher"],"picked":"Backflip","floor":5.0},{"not_picked":["Prepared","Grand Finale"],"picked":"Skewer","floor":8.0},{"not_picked":["Flying Knee","Tactician"],"picked":"Dagger Spray","floor":12.0},{"not_picked":["Deadly Poison","Outmaneuver"],"picked":"All Out Attack","floor":14.0},{"not_picked":["Night Terror","Envenom"],"picked":"Wraith Form v2","floor":16.0},{"not_picked":["Eviscerate+1","Footwork"],"picked":"PiercingWail","floor":18.0},{"not_picked":["Endless Agony+1","Bane","Flying Knee"],"picked":"SKIP","floor":18.0},{"not_picked":["Dagger Throw","Backflip"],"picked":"Crippling Poison","floor":20.0},{"not_picked":["Bane","Dagger Throw","Well Laid Plans"],"picked":"SKIP","floor":20.0},{"not_picked":["Turbo","Go for the Eyes+1","Prepared"],"picked":"SKIP","floor":22.0},{"not_picked":["Dark Embrace","ForeignInfluence","ThirdEye"],"picked":"SKIP","floor":22.0},{"not_picked":["Hologram","Iron Wave"],"picked":"Creative AI","floor":23.0},{"not_picked":["Evaluate","Wireheading","Forethought"],"picked":"SKIP","floor":25.0},{"not_picked":["Metallicize+1","ForeignInfluence+1","Gash"],"picked":"SKIP","floor":25.0},{"not_picked":["ForeignInfluence+1","Redo"],"picked":"Acrobatics+1","floor":28.0},{"not_picked":["Flash of Steel+1","FollowUp","FlurryOfBlows+1"],"picked":"SKIP","floor":28.0},{"not_picked":["Blizzard","Rage","Outmaneuver"],"picked":"SKIP","floor":30.0},{"not_picked":["Prostrate","Heavy Blade"],"picked":"SpiritShield","floor":31.0},{"not_picked":["Thunderclap","Flying Knee","Poisoned Stab+1"],"picked":"SKIP","floor":31.0},{"not_picked":["Core Surge","Electrodynamics"],"picked":"Blasphemy","floor":33.0},{"not_picked":["Leap"],"picked":"SKIP","floor":35},{"not_picked":["Underhanded Strike"],"picked":"SKIP","floor":35},{"not_picked":["Flying Knee"],"picked":"SKIP","floor":36},{"not_picked":["Deadly Poison"],"picked":"SKIP","floor":36},{"not_picked":[],"picked":"Backflip+1","floor":38},{"not_picked":["Body Slam"],"picked":"SKIP","floor":38},{"not_picked":["CrushJoints+1"],"picked":"SKIP","floor":39},{"not_picked":["FlurryOfBlows"],"picked":"SKIP","floor":39},{"not_picked":["Stack+1"],"picked":"SKIP","floor":41},{"not_picked":["Dodge and Roll"],"picked":"SKIP","floor":45},{"not_picked":["Juggernaut"],"picked":"SKIP","floor":45},{"not_picked":["EmptyBody"],"picked":"SKIP","floor":46},{"not_picked":["Lockon"],"picked":"SKIP","floor":46}],"player_experience":1244919,"relics_obtained":[{"floor":8.0,"key":"Prayer Wheel"},{"floor":9.0,"key":"PreservedInsect"},{"floor":11.0,"key":"Mercury Hourglass"},{"floor":12.0,"key":"Anchor"},{"floor":14.0,"key":"Potion Belt"},{"floor":23.0,"key":"Pantograph"},{"floor":26.0,"key":"Lizard Tail"},{"floor":30.0,"key":"Bronze Scales"},{"floor":41,"key":"Bird Faced Urn"},{"floor":43,"key":"Orichalcum"},{"floor":47,"key":"White Beast Statue"}],"event_choices":[{"damage_healed":0.0,"max_hp_gain":0.0,"max_hp_loss":0.0,"gold_gain":0.0,"event_name":"Living Wall","player_choice":"Grow","floor":7.0,"gold_loss":0.0,"damage_taken":0.0,"cards_upgraded":["Sucker Punch"]},{"damage_healed":0.0,"max_hp_gain":0.0,"max_hp_loss":0.0,"gold_gain":0.0,"event_name":"Shining Light","player_choice":"Entered Light","floor":13.0,"gold_loss":0.0,"damage_taken":14.0,"cards_upgraded":["Poisoned Stab","Defend_G"]},{"damage_healed":0.0,"max_hp_gain":0.0,"max_hp_loss":0.0,"gold_gain":0.0,"cards_transformed":["Strike_G"],"event_name":"Transmorgrifier","player_choice":"Transformed","floor":19.0,"gold_loss":0.0,"damage_taken":0.0,"cards_obtained":["Cloak And Dagger"]},{"damage_healed":0,"gold_gain":0,"player_choice":"Memory 1","damage_taken":0,"max_hp_gain":0,"max_hp_loss":0,"event_name":"SensoryStone","floor":37,"gold_loss":0},{"cards_removed":["Defend_G"],"damage_healed":0,"gold_gain":0,"player_choice":"Removed Skill","damage_taken":0,"max_hp_gain":0,"max_hp_loss":0,"event_name":"Falling","floor":44,"gold_loss":0}],"is_beta":false,"boss_relics":[{"not_picked":["Astrolabe","Ectoplasm"],"picked":"Snecko Eye"},{"not_picked":["Velvet Choker","Runic Dome"],"picked":"Busted Crown"}],"items_purged_floors":[48],"is_endless":false,"potions_floor_spawned":[4,8,14,23,25,28,30,39,45],"ascension_level":10}}