{"host":"obplhmlw33xb91v8","time":1610640603,"event":{"mods":["BaseMod","Block Reminder","Curses Come First","Evolution","Minty Spire (QoL Compilation)","Quick Restart","Relic Stats","Spicy Shops","StSLib","Uncapped","Waifu the Spire","slay the spire mod where everything is the same but ironclad has a cowboy hat"],"gold_per_floor":[112,112,137,54,129,169,183,183,237,258,258,39,63,77,77,197,197,210,63,63,77,77,77,77],"floor_reached":23,"language":"ENG","playtime":719,"items_purged":[],"score":259,"play_id":"b1d2330f-d95a-495a-8271-39c04b1c684e","local_time":"20210114111003","is_ascension_mode":true,"campfire_choices":[{"data":"White Noise","floor":8,"key":"SMITH"},{"data":"Dualcast","floor":15,"key":"SMITH"}],"circlet_count":0,"master_deck":["Sweeping Beam","Sweeping Beam","Strike_B","Defend_B","Defend_B","Defend_B","Defend_B","Zap","Dualcast+1","Leap","Genetic Algorithm","Self Repair","White Noise+1","Seek","Conserve Battery","Core Surge","Perseverance+1"],"relics":["Cracked Core","EVO:Axolotl","NeowsBlessing","Bloody Idol","Lizard Tail","Strawberry","Juzu Bracelet","DataDisk","Philosopher\u0027s Stone","PrismaticShard"],"acts_visited":["Exordium","TheCity"],"potions_floor_usage":[16,16,23,23],"damage_taken":[{"damage":0,"enemies":"Jaw Worm","floor":1,"turns":1},{"damage":0,"enemies":"2 Louse","floor":3,"turns":1},{"damage":0,"enemies":"Gremlin Nob","floor":6,"turns":1},{"damage":2,"enemies":"Small Slimes","floor":7,"turns":4},{"damage":0,"enemies":"Red Slaver","floor":10,"turns":4},{"damage":10,"enemies":"2 Fungi Beasts","floor":13,"turns":3},{"damage":1,"enemies":"Blue Slaver","floor":14,"turns":4},{"damage":76,"enemies":"Hexaghost","floor":16,"turns":15},{"damage":13,"enemies":"Spheric Guardian","floor":18,"turns":6},{"damage":22,"enemies":"3 Byrds","floor":21,"turns":3},{"damage":68,"enemies":"Book of Stabbing","floor":23,"turns":7}],"seed_played":"5752874594524141837","potions_obtained":[{"floor":6,"key":"SkillPotion"},{"floor":13,"key":"Swift Potion"},{"floor":16,"key":"GamblersBrew"},{"floor":18,"key":"SkillPotion"}],"is_trial":false,"path_per_floor":["M","?","M","$","?","E","M","R","T","M","?","$","M","M","R","B",null,"M","$","?","M","?","E"],"character_chosen":"DEFECT","items_purchased":["Lizard Tail","DataDisk","Seek","PrismaticShard"],"campfire_rested":0,"item_purchase_floors":[4,12,12,19],"current_hp_per_floor":[75,57,57,57,46,53,58,58,58,65,65,65,62,68,68,48,82,76,76,76,61,61,0,0],"gold":77,"neow_bonus":"THREE_ENEMY_KILL","is_daily":false,"chose_seed":false,"campfire_upgraded":2,"win_rate":0.0,"timestamp":1610640603,"path_taken":["M","?","M","$","?","E","M","R","T","M","?","$","M","M","R","BOSS","M","$","?","M","?","E"],"items_purchased_type":["Relic","Relic","Card","Relic"],"build_version":"2020-12-22","purchased_purges":0,"victory":false,"max_hp_per_floor":[75,75,75,75,75,82,82,82,82,82,82,82,82,82,82,82,82,82,82,82,82,82,82,82],"relic_stats":{"Lizard Tail":41,"counters":[11,49],"Bloody Idol":0,"Juzu Bracelet":0,"obtain_stats":[{"Lizard Tail":4,"DataDisk":12,"NeowsBlessing":0,"Golden Idol":2,"Strawberry":6,"Bloody Idol":22,"Philosopher\u0027s Stone":17,"Juzu Bracelet":9,"EVO:Axolotl":0,"Cracked Core":0,"PrismaticShard":19},{"Lizard Tail":2,"DataDisk":5,"NeowsBlessing":0,"Golden Idol":1,"Strawberry":3,"Bloody Idol":10,"Philosopher\u0027s Stone":8,"Juzu Bracelet":4,"EVO:Axolotl":0,"Cracked Core":0,"PrismaticShard":9},{"Lizard Tail":2,"DataDisk":11,"NeowsBlessing":0,"Golden Idol":1,"Strawberry":3,"Bloody Idol":42,"Philosopher\u0027s Stone":33,"Juzu Bracelet":7,"EVO:Axolotl":0,"Cracked Core":0,"PrismaticShard":39}]},"card_choices":[{"not_picked":["Beam Cell","Sweeping Beam"],"picked":"Leap","floor":1},{"not_picked":["Self Repair","Conserve Battery"],"picked":"Genetic Algorithm","floor":3},{"not_picked":["Gash","Compile Driver"],"picked":"Self Repair","floor":6},{"not_picked":["Self Repair","Skim"],"picked":"White Noise","floor":7},{"not_picked":["Static Discharge","Steam","Heatsinks"],"picked":"SKIP","floor":10},{"not_picked":["Steam","Hologram"],"picked":"Conserve Battery","floor":13},{"not_picked":["Leap","Multi-Cast","Coolheaded"],"picked":"SKIP","floor":14},{"not_picked":["Amplify","Hyperbeam"],"picked":"Core Surge","floor":16},{"not_picked":["Lockon","Coolheaded","Leap"],"picked":"SKIP","floor":18},{"not_picked":["All Out Attack+1","Coolheaded"],"picked":"Perseverance+1","floor":21}],"player_experience":192483,"relics_obtained":[{"floor":6,"key":"Strawberry"},{"floor":9,"key":"Juzu Bracelet"}],"event_choices":[{"damage_healed":0,"gold_gain":0,"player_choice":"Take Damage","damage_taken":18,"relics_obtained":["Golden Idol"],"max_hp_gain":0,"max_hp_loss":0,"event_name":"Golden Idol","floor":2,"gold_loss":0},{"damage_healed":0,"gold_gain":75,"player_choice":"Gather Gold","damage_taken":11,"max_hp_gain":0,"max_hp_loss":0,"event_name":"World of Goop","floor":5,"gold_loss":0},{"cards_removed":["Strike_B"],"damage_healed":0,"gold_gain":0,"player_choice":"Purged","damage_taken":0,"max_hp_gain":0,"max_hp_loss":0,"event_name":"Purifier","floor":11,"gold_loss":0},{"damage_healed":0,"gold_gain":0,"player_choice":"Gave Idol","damage_taken":0,"relics_obtained":["Bloody Idol"],"max_hp_gain":0,"max_hp_loss":0,"event_name":"Forgotten Altar","floor":22,"relics_lost":["Golden Idol"],"gold_loss":0}],"is_beta":false,"boss_relics":[{"not_picked":["Sozu","SacredBark"],"picked":"Philosopher\u0027s Stone"}],"items_purged_floors":[],"is_endless":false,"potions_floor_spawned":[6,13,16,18],"killed_by":"Book of Stabbing","ascension_level":4}}