{"host":"Rowan","time":1610598634,"event":{"mods":["BaseMod","Minty Spire (QoL Compilation)"],"gold_per_floor":[109,126,3,17,17,17,31,31,31,57,72,86,86,102,102,207,207,218,218,218,198,198,198,198,218,290,59,59,77,77,112,112,112,112],"floor_reached":33,"language":"ENG","playtime":1675,"items_purged":["Strike_G"],"score":290,"play_id":"1dc87bcb-8ed6-454a-bc87-955b6957da45","local_time":"20210113203034","is_ascension_mode":false,"campfire_choices":[{"data":"Caltrops","floor":6,"key":"SMITH"},{"floor":15,"key":"RECALL"},{"floor":23,"key":"REST"},{"data":"Burst","floor":28,"key":"SMITH"},{"floor":30,"key":"REST"},{"floor":32,"key":"REST"}],"circlet_count":0,"master_deck":["Strike_G","Strike_G","Strike_G","Strike_G+1","Defend_G","Defend_G","Defend_G","Defend_G","Defend_G+1","Survivor","Neutralize","Sucker Punch","Bouncing Flask","Deadly Poison","Caltrops+1","Dagger Spray","Bouncing Flask","Burst+1","Slice","Escape Plan","Dagger Throw","Die Die Die","CurseOfTheBell","Leg Sweep+1","Dagger Throw+1","Bane"],"relics":["Runic Pyramid","Pantograph","Juzu Bracelet","Calling Bell","Akabeko","Blue Candle","Mango","CultistMask","TwistedFunnel","Regal Pillow"],"acts_visited":["Exordium","TheCity"],"potions_floor_usage":[4,10,18,25,31,31,33],"damage_taken":[{"damage":0,"enemies":"Jaw Worm","floor":1,"turns":6},{"damage":0,"enemies":"2 Louse","floor":2,"turns":3},{"damage":0,"enemies":"Small Slimes","floor":4,"turns":3},{"damage":9,"enemies":"Gremlin Gang","floor":7,"turns":4},{"damage":35,"enemies":"Gremlin Nob","floor":10,"turns":4},{"damage":7,"enemies":"Exordium Thugs","floor":11,"turns":5},{"damage":2,"enemies":"Blue Slaver","floor":12,"turns":4},{"damage":9,"enemies":"Red Slaver","floor":14,"turns":4},{"damage":46,"enemies":"Slime Boss","floor":16,"turns":15},{"damage":30,"enemies":"Spheric Guardian","floor":18,"turns":6},{"damage":5,"enemies":"Chosen","floor":25,"turns":5},{"damage":24,"enemies":"Centurion and Healer","floor":29,"turns":5},{"damage":26,"enemies":"Book of Stabbing","floor":31,"turns":5},{"damage":134,"enemies":"Champ","floor":33,"turns":15}],"seed_played":"-4195328174384269177","potions_obtained":[{"floor":4,"key":"EntropicBrew"},{"floor":11,"key":"FairyPotion"},{"floor":16,"key":"PowerPotion"},{"floor":18,"key":"AttackPotion"},{"floor":21,"key":"CunningPotion"},{"floor":29,"key":"Explosive Potion"},{"floor":31,"key":"Explosive Potion"}],"is_trial":false,"path_per_floor":["M","M","$","M","?","R","M","$","T","E","M","M","?","M","R","B",null,"M","?","?","?","?","R","?","M","T","$","R","M","R","E","R","B"],"character_chosen":"THE_SILENT","items_purchased":["Deadly Poison","Caltrops","TwistedFunnel"],"campfire_rested":3,"item_purchase_floors":[3,3,27],"current_hp_per_floor":[70,70,70,70,70,70,61,61,61,26,19,17,3,21,21,21,84,54,54,54,54,38,64,58,53,53,53,53,29,55,29,70,0,0],"gold":112,"neow_bonus":"BOSS_RELIC","is_daily":false,"chose_seed":false,"campfire_upgraded":2,"win_rate":0.0,"timestamp":1610598634,"path_taken":["M","M","$","M","?","R","M","$","T","E","M","M","?","M","R","BOSS","M","?","?","?","?","R","?","M","T","$","R","M","R","E","R","BOSS"],"items_purchased_type":["Card","Card","Relic"],"build_version":"2020-12-18","purchased_purges":1,"victory":false,"max_hp_per_floor":[70,70,70,70,70,70,70,70,70,70,70,70,70,70,70,70,84,84,84,84,84,89,89,89,89,89,89,89,89,89,89,89,89,89],"card_choices":[{"not_picked":["Blade Dance","Deflect"],"picked":"Sucker Punch","floor":1},{"not_picked":["Backstab","Concentrate"],"picked":"Bouncing Flask","floor":2},{"not_picked":["PiercingWail","Accuracy"],"picked":"Dagger Spray","floor":4},{"not_picked":["Dodge and Roll","Calculated Gamble"],"picked":"Bouncing Flask","floor":7},{"not_picked":["Poisoned Stab","Concentrate"],"picked":"Burst","floor":10},{"not_picked":["Calculated Gamble","Acrobatics"],"picked":"Slice","floor":11},{"not_picked":["Deadly Poison","PiercingWail"],"picked":"Escape Plan","floor":12},{"not_picked":["Masterful Stab","Dagger Spray"],"picked":"Dagger Throw","floor":14},{"not_picked":["Tools of the Trade","Glass Knife"],"picked":"Die Die Die","floor":16},{"not_picked":["Blade Dance","Calculated Gamble"],"picked":"Leg Sweep+1","floor":18},{"not_picked":["Blade Dance+1","Masterful Stab"],"picked":"Dagger Throw+1","floor":25},{"not_picked":["Slice","Dodge and Roll+1"],"picked":"Bane","floor":29},{"not_picked":["Bane","Cloak And Dagger","Bullet Time"],"picked":"SKIP","floor":31}],"player_experience":358965,"relics_obtained":[{"floor":9,"key":"Pantograph"},{"floor":10,"key":"Juzu Bracelet"},{"floor":17,"key":"Akabeko"},{"floor":17,"key":"Blue Candle"},{"floor":17,"key":"Mango"},{"floor":31,"key":"Regal Pillow"}],"event_choices":[{"damage_healed":0,"gold_gain":0,"player_choice":"Ignored","damage_taken":0,"max_hp_gain":0,"max_hp_loss":0,"event_name":"Liars Game","floor":5,"gold_loss":0},{"damage_healed":0,"gold_gain":0,"player_choice":"Entered Light","damage_taken":14,"max_hp_gain":0,"max_hp_loss":0,"event_name":"Shining Light","floor":13,"gold_loss":0,"cards_upgraded":["Strike_G","Defend_G"]},{"damage_healed":0,"gold_gain":0,"player_choice":"Trade","damage_taken":0,"relics_obtained":["CultistMask"],"max_hp_gain":0,"max_hp_loss":0,"event_name":"FaceTrader","floor":19,"gold_loss":0},{"damage_healed":0,"gold_gain":0,"player_choice":"Ignored","damage_taken":0,"max_hp_gain":0,"max_hp_loss":0,"event_name":"Ghosts","floor":20,"gold_loss":0},{"damage_healed":0,"gold_gain":0,"player_choice":"Bought 1 Potion","damage_taken":0,"max_hp_gain":0,"max_hp_loss":0,"event_name":"The Woman in Blue","floor":21,"gold_loss":0},{"damage_healed":0,"gold_gain":0,"player_choice":"Shed Blood","damage_taken":21,"max_hp_gain":5,"max_hp_loss":0,"event_name":"Forgotten Altar","floor":22,"gold_loss":0},{"damage_healed":0,"gold_gain":0,"player_choice":"","damage_taken":6,"max_hp_gain":0,"max_hp_loss":0,"event_name":"Knowing Skull","floor":24,"potions_obtained":[],"gold_loss":0,"cards_obtained":[]}],"is_beta":true,"boss_relics":[{"not_picked":["HoveringKite","Velvet Choker"],"picked":"Calling Bell"}],"items_purged_floors":[27],"is_endless":false,"potions_floor_spawned":[4,11,16,18,29,31],"killed_by":"Champ","ascension_level":0}}