{"host":"640uue19m79c7wbt","time":1610591733,"event":{"mods":["BaseMod","Colored Map","Googly Eyes","Highlight Path","Minty Spire (QoL Compilation)","Quick Restart","StSLib"],"gold_per_floor":[134,134,172,61,11,11,53,53,53,53,86,121,187,62,62,166,166,209,209,220,245,245],"floor_reached":21,"language":"ENG","playtime":664,"items_purged":["Normality","Strike_G"],"score":260,"play_id":"3d652594-1c7a-440f-a140-722581ef1a7d","local_time":"20210113213533","is_ascension_mode":true,"campfire_choices":[{"data":"HandOfGreed","floor":6.0,"key":"SMITH"},{"data":"Cloak And Dagger","floor":8.0,"key":"SMITH"},{"data":"Distraction","floor":10.0,"key":"SMITH"},{"floor":15.0,"key":"REST"}],"circlet_count":0,"master_deck":["Strike_G","Strike_G","Strike_G","Defend_G","Defend_G","Defend_G","Defend_G","Defend_G","Survivor","Neutralize","HandOfGreed+1","Cloak And Dagger+1","Acrobatics","Well Laid Plans","Distraction+1","Crippling Poison","Blade Dance","Underhanded Strike","Corpse Explosion","Accuracy","Poisoned Stab+1"],"relics":["Ring of the Snake","Darkstone Periapt","Vajra","SlaversCollar"],"acts_visited":["Exordium","TheCity"],"potions_floor_usage":[],"damage_taken":[{"damage":0.0,"enemies":"2 Louse","floor":1.0,"turns":2.0},{"damage":17.0,"enemies":"Cultist","floor":3.0,"turns":8.0},{"damage":0.0,"enemies":"Jaw Worm","floor":7.0,"turns":1.0},{"damage":7.0,"enemies":"Gremlin Nob","floor":11.0,"turns":3.0},{"damage":1.0,"enemies":"Blue Slaver","floor":12.0,"turns":3.0},{"damage":0.0,"enemies":"3 Louse","floor":13.0,"turns":3.0},{"damage":30.0,"enemies":"The Guardian","floor":16.0,"turns":10.0},{"damage":25.0,"enemies":"Spheric Guardian","floor":18.0,"turns":4.0},{"damage":2.0,"enemies":"3 Byrds","floor":20.0,"turns":3.0},{"damage":30,"enemies":"Sentry and Sphere","floor":21,"turns":5}],"seed_played":"-1696114114350731113","potions_obtained":[{"floor":2.0,"key":"Strength Potion"},{"floor":2.0,"key":"Fire Potion"},{"floor":2.0,"key":"Block Potion"},{"floor":7.0,"key":"Weak Potion"},{"floor":12.0,"key":"Ancient Potion"},{"floor":13.0,"key":"Explosive Potion"},{"floor":16.0,"key":"SkillPotion"},{"floor":18.0,"key":"FearPotion"}],"is_trial":false,"path_per_floor":["M","?","M","$","?","R","M","R","T","R","E","M","M","$","R","B",null,"M","?","M","M"],"character_chosen":"THE_SILENT","items_purchased":["Well Laid Plans","Underhanded Strike"],"campfire_rested":1,"item_purchase_floors":[4,14],"current_hp_per_floor":[63,63,46,46,46,46,46,46,46,46,39,38,38,38,59,29,60,35,35,33,3,3],"gold":245,"neow_bonus":"RANDOM_COLORLESS_2","is_daily":false,"chose_seed":false,"campfire_upgraded":3,"win_rate":0.0,"timestamp":1610591733,"path_taken":["M","?","M","?","?","R","M","R","T","R","E","M","?","$","R","BOSS","M","?","M","M"],"items_purchased_type":["Card","Card"],"build_version":"2020-12-22","purchased_purges":2,"victory":false,"max_hp_per_floor":[70,70,70,70,70,70,70,70,70,70,70,70,70,70,70,70,70,70,70,70,70,70],"card_choices":[{"not_picked":["The Bomb","Transmutation"],"picked":"HandOfGreed","floor":0.0},{"not_picked":["Sucker Punch","Dodge and Roll"],"picked":"Cloak And Dagger","floor":1.0},{"not_picked":["Dodge and Roll","Calculated Gamble"],"picked":"Acrobatics","floor":3.0},{"not_picked":["All Out Attack","Outmaneuver"],"picked":"Distraction","floor":7.0},{"not_picked":["Grand Finale","Slice"],"picked":"Crippling Poison","floor":11.0},{"not_picked":["Acrobatics","Quick Slash","Prepared"],"picked":"SKIP","floor":12.0},{"not_picked":["Acrobatics","Distraction"],"picked":"Blade Dance","floor":13.0},{"not_picked":["After Image","Grand Finale"],"picked":"Corpse Explosion","floor":16.0},{"not_picked":["Poisoned Stab","Finisher"],"picked":"Accuracy","floor":18.0},{"not_picked":["Slice","Calculated Gamble"],"picked":"Poisoned Stab+1","floor":20.0}],"player_experience":581345,"relics_obtained":[{"floor":9.0,"key":"Darkstone Periapt"},{"floor":11.0,"key":"Vajra"}],"event_choices":[{"damage_healed":0.0,"max_hp_gain":0.0,"max_hp_loss":0.0,"gold_gain":0.0,"event_name":"Lab","player_choice":"Got Potions","floor":2.0,"gold_loss":0.0,"damage_taken":0.0},{"cards_removed":["Strike_G"],"damage_healed":0.0,"max_hp_gain":0.0,"max_hp_loss":0.0,"gold_gain":0.0,"event_name":"The Cleric","player_choice":"Card Removal","floor":5.0,"gold_loss":50.0,"damage_taken":0.0},{"damage_healed":0.0,"max_hp_gain":0.0,"max_hp_loss":0.0,"gold_gain":0.0,"event_name":"Ghosts","player_choice":"Ignored","floor":19.0,"gold_loss":0.0,"damage_taken":0.0}],"is_beta":false,"boss_relics":[{"not_picked":["Runic Pyramid","Philosopher\u0027s Stone"],"picked":"SlaversCollar"}],"items_purged_floors":[4,14],"is_endless":false,"potions_floor_spawned":[7,12,13,16,18],"killed_by":"Sentry and Sphere","ascension_level":9}}