{"host":"i1h39d0gfh5c6uxl","time":1610593693,"event":{"mods":["AchievementEnabler","BaseMod","Colored Map","Colored Powertips","Highlight Path","Minty Spire (QoL Compilation)"],"gold_per_floor":[112,129,54,74,89,117,117,144,226,77,95,95,95,107,107,209,209,224,323,323,341,354,383,383,411,411,411,411],"floor_reached":27,"language":"ENG","playtime":973,"items_purged":["Strike_P","Strike_P"],"score":288,"play_id":"19e2c935-cadf-472f-9b36-63f0626b8fd7","local_time":"20210114110813","is_ascension_mode":false,"campfire_choices":[{"data":"Eruption","floor":7.0,"key":"SMITH"},{"floor":12.0,"key":"REST"},{"data":"Alpha","floor":15.0,"key":"SMITH"},{"data":"Ragnarok","floor":24.0,"key":"SMITH"}],"circlet_count":0,"master_deck":["Strike_P","Strike_P","Defend_P","Defend_P","Defend_P","Defend_P","Eruption+1","Vigilance","CutThroughFate","CarveReality","Alpha+1","ThirdEye","Conclude","BowlingBash","ThirdEye","Judgement","EmptyBody+1","CutThroughFate","WheelKick","Ragnarok+1","DeusExMachina"],"relics":["Sozu"],"acts_visited":["Exordium","TheCity"],"potions_floor_usage":[],"damage_taken":[{"damage":1.0,"enemies":"2 Louse","floor":1.0,"turns":2.0},{"damage":0.0,"enemies":"Cultist","floor":2.0,"turns":4.0},{"damage":1.0,"enemies":"Jaw Worm","floor":4.0,"turns":2.0},{"damage":0.0,"enemies":"3 Louse","floor":5.0,"turns":4.0},{"damage":15.0,"enemies":"3 Sentries","floor":6.0,"turns":5.0},{"damage":13.0,"enemies":"Lagavulin","floor":8.0,"turns":5.0},{"damage":4.0,"enemies":"Blue Slaver","floor":11.0,"turns":4.0},{"damage":13.0,"enemies":"Large Slime","floor":14.0,"turns":5.0},{"damage":17.0,"enemies":"The Guardian","floor":16.0,"turns":7.0},{"damage":0.0,"enemies":"Spheric Guardian","floor":18.0,"turns":2.0},{"damage":12.0,"enemies":"2 Thieves","floor":21.0,"turns":3.0},{"damage":16.0,"enemies":"Centurion and Healer","floor":22.0,"turns":4.0},{"damage":0.0,"enemies":"Gremlin Leader","floor":23.0,"turns":5.0},{"damage":33,"enemies":"Slavers","floor":25,"turns":5},{"damage":11,"enemies":"Cultist and Chosen","floor":27,"turns":4}],"seed_played":"-5710852801164711081","potions_obtained":[],"is_trial":false,"path_per_floor":["M","M","$","M","M","E","R","E","T","$","M","R","?","M","R","B",null,"M","?","?","M","M","E","R","E","T","M"],"character_chosen":"WATCHER","items_purchased":["ThirdEye"],"campfire_rested":1,"item_purchase_floors":[10],"current_hp_per_floor":[71,71,71,70,70,55,55,42,42,42,38,59,59,46,46,29,72,72,72,72,60,44,44,44,11,11,0,0],"gold":411,"neow_bonus":"BOSS_RELIC","is_daily":false,"chose_seed":false,"campfire_upgraded":3,"win_rate":0.0,"timestamp":1610593693,"path_taken":["M","M","$","M","M","E","R","E","T","$","M","R","?","M","R","BOSS","M","?","?","M","M","E","R","E","T","M"],"items_purchased_type":["Card"],"build_version":"2020-12-22","purchased_purges":2,"victory":false,"max_hp_per_floor":[72,72,72,72,72,72,72,72,72,72,72,72,72,72,72,72,72,72,72,72,72,72,72,72,72,72,72,72],"card_choices":[{"not_picked":["Prostrate","Vengeance"],"picked":"CutThroughFate","floor":1.0},{"not_picked":["SashWhip","CrushJoints"],"picked":"CarveReality","floor":2.0},{"not_picked":["TalkToTheHand","BowlingBash"],"picked":"Alpha","floor":4.0},{"not_picked":["Weave","Prostrate"],"picked":"ThirdEye","floor":5.0},{"not_picked":["BowlingBash","Crescendo"],"picked":"Conclude","floor":6.0},{"not_picked":["Conclude","FlurryOfBlows"],"picked":"BowlingBash","floor":8.0},{"not_picked":["Conclude","Consecrate","CrushJoints"],"picked":"SKIP","floor":11.0},{"not_picked":["SignatureMove","Nirvana","Prostrate"],"picked":"SKIP","floor":14.0},{"not_picked":["Establishment","Wish"],"picked":"Judgement","floor":16.0},{"not_picked":["FlurryOfBlows","SandsOfTime+1"],"picked":"EmptyBody+1","floor":18.0},{"not_picked":["EmptyFist","DeceiveReality"],"picked":"CutThroughFate","floor":21.0},{"not_picked":["Adaptation","ClearTheMind+1"],"picked":"WheelKick","floor":22.0},{"not_picked":["TalkToTheHand","Prostrate"],"picked":"Ragnarok","floor":23.0},{"not_picked":["FollowUp","SashWhip"],"picked":"DeusExMachina","floor":25}],"player_experience":1365499,"relics_obtained":[],"event_choices":[{"damage_healed":0.0,"max_hp_gain":0.0,"max_hp_loss":0.0,"gold_gain":0.0,"event_name":"The Woman in Blue","player_choice":"Bought 0 Potions","floor":13.0,"gold_loss":0.0,"damage_taken":0.0},{"damage_healed":0.0,"max_hp_gain":0.0,"max_hp_loss":0.0,"gold_gain":99.0,"event_name":"Nest","player_choice":"Stole From Cult","floor":19.0,"gold_loss":0.0,"damage_taken":0.0},{"damage_healed":0.0,"max_hp_gain":0.0,"max_hp_loss":0.0,"gold_gain":0.0,"event_name":"Cursed Tome","player_choice":"Ignored","floor":20.0,"gold_loss":0.0,"damage_taken":0.0}],"is_beta":false,"boss_relics":[{"not_picked":["Cursed Key","Ectoplasm","Velvet Choker"]}],"items_purged_floors":[3,10],"is_endless":false,"potions_floor_spawned":[2,6,11,16,21,22],"killed_by":"Cultist and Chosen","ascension_level":0}}