{"host":"e73i1h3j8sub0lkx","time":1610595113,"event":{"mods":["BaseMod","Minty Spire (QoL Compilation)","Quick Restart","Small Relic Pack","StSLib","The Animator","Trackpad"],"gold_per_floor":[126,126,126,146,171,171,191,191,191,204,218,218,251,263,263,366,366,379,130,130,145,164,164,79,79,156,181,181,193,212,222,222,326,326,350,350,199,299,331,358,371,383,383,383,452,452,560,121,121,121,121,121,469,519,574,645,645,645,645,645],"floor_reached":59,"language":"ENG","playtime":4596,"items_purged":["animator:Strike","animator:Strike_NoGameNoLife"],"score":821,"play_id":"bfe03224-4c68-4317-b08b-a74b203b4098","local_time":"20210113223153","is_ascension_mode":false,"campfire_choices":[{"floor":6,"key":"REST"},{"floor":12,"key":"REST"},{"data":"animator:DolaSchwi","floor":15,"key":"SMITH"},{"floor":23,"key":"REST"},{"floor":29,"key":"REST"},{"data":"animator:DolaCouronne","floor":32,"key":"SMITH"},{"floor":42,"key":"REST"},{"floor":44,"key":"RECALL"},{"floor":49,"key":"REST"},{"data":"animator:Tyuule","floor":52,"key":"SMITH"},{"floor":58,"key":"REST"}],"circlet_count":0,"master_deck":["animator:Defend_NoGameNoLife","animator:Defend+1","animator:Defend","animator:Defend","animator:DolaSchwi","animator:DolaCouronne+1","animator:Mitsuba","animator:ElricEdward","animator:Jibril","animator:ElricEdward","animator:Archer","animator:ShinjiMatou","animator:Envy+1","animator:Scar","animator:Saber","animator:DolaCouronne","animator:ElricAlphonse","animator:ShinjiMatou","animator:Mitsuba","animator:DolaRiku","animator:DolaStephanie","animator:ShinjiMatou","animator:Shigure","animator:Albedo","animator:Tyuule","animator:YaoHaDucy","animator:TukaLunaMarceau","animator:IzunaHatsuse","animator:WinryRockbell","animator:HiiragiShinya","animator:Yuuichirou","animator:Shinoa","animator:Mikaela","animator:Shigure+1","animator:Hibiki"],"relics":["animator:TheEgnaroPiece","animator:LivingPicture","animator:TheMissingPiece","animator:AncientMedallion"],"acts_visited":["Exordium","TheCity","TheBeyond","TheEnding","EYB:TheUnnamedReign"],"potions_floor_usage":[13,59,59],"damage_taken":[{"damage":5,"enemies":"Small Slimes","floor":1,"turns":4},{"damage":1,"enemies":"Jaw Worm","floor":4,"turns":4},{"damage":0,"enemies":"Cultist","floor":5,"turns":3},{"damage":3,"enemies":"Large Slime","floor":7,"turns":5},{"damage":0,"enemies":"Red Slaver","floor":10,"turns":4},{"damage":5,"enemies":"2 Fungi Beasts","floor":11,"turns":4},{"damage":2,"enemies":"Lagavulin","floor":13,"turns":6},{"damage":16,"enemies":"3 Louse","floor":14,"turns":4},{"damage":1,"enemies":"Hexaghost","floor":16,"turns":7},{"damage":1,"enemies":"Chosen","floor":18,"turns":4},{"damage":4,"enemies":"3 Byrds","floor":21,"turns":3},{"damage":21,"enemies":"Snecko","floor":22,"turns":5},{"damage":4,"enemies":"animator:HornedBat","floor":27,"turns":4},{"damage":8,"enemies":"Centurion and Healer","floor":30,"turns":2},{"damage":0,"enemies":"3 Cultists","floor":31,"turns":2},{"damage":7,"enemies":"Champ","floor":33,"turns":7},{"damage":10,"enemies":"3 Darklings","floor":35,"turns":3},{"damage":8,"enemies":"Mind Bloom Boss Battle","floor":38,"turns":6},{"damage":4,"enemies":"Orb Walker","floor":39,"turns":3},{"damage":0,"enemies":"Nemesis","floor":40,"turns":3},{"damage":30,"enemies":"Writhing Mass","floor":41,"turns":4},{"damage":0,"enemies":"Maw","floor":45,"turns":5},{"damage":20,"enemies":"Reptomancer","floor":47,"turns":5},{"damage":34,"enemies":"Time Eater","floor":50,"turns":11},{"damage":9,"enemies":"animator:UNNAMED_CULTIST_1","floor":54,"turns":13},{"damage":72,"enemies":"animator:TRIPLE_SHAPES_WEAK","floor":55,"turns":8},{"damage":47,"enemies":"animator:UNNAMED_CULTIST_2","floor":59,"turns":8}],"seed_played":"8369527402280283627","potions_obtained":[{"floor":5,"key":"ColorlessPotion"},{"floor":11,"key":"SteroidPotion"},{"floor":54,"key":"animator:FalseLifePotion"},{"floor":55,"key":"animator:FalseLifePotion"}],"is_trial":false,"path_per_floor":["M","?","?","M","M","R","M","?","T","M","M","R","E","M","R","B",null,"M","$","?","M","M","R","?","?","T","E","?","R","M","M","R","B",null,"M","?","$","?","M","E","M","R","T","R","M","?","E","$","R","B",null,"R","??","M","M","T","?","R","M"],"character_chosen":"THE_ANIMATOR","items_purchased":["animator:ElricAlphonse","Juzu Bracelet","Oddly Smooth Stone","trackpad:PetRock","InkBottle"],"campfire_rested":7,"item_purchase_floors":[19,19,37,48,48],"current_hp_per_floor":[61,26,26,25,25,44,41,41,41,41,36,55,53,37,37,36,66,65,65,53,49,28,49,49,33,33,30,30,51,43,44,44,37,73,63,63,63,56,52,53,23,45,45,45,46,46,26,26,50,16,78,78,86,77,14,14,14,39,0,0],"gold":645,"neow_bonus":"RANDOM_COMMON_RELIC","is_daily":false,"chose_seed":false,"campfire_upgraded":3,"win_rate":0.0,"timestamp":1610595113,"path_taken":["M","?","?","M","?","R","M","?","T","?","M","R","E","M","R","BOSS","M","$","?","M","M","R","?","?","T","E","?","R","M","M","R","BOSS","M","?","$","?","M","E","M","R","T","R","M","?","E","$","R","BOSS","R","??","M","M","T","?","R","M"],"items_purchased_type":["Card","Relic","Relic","Relic","Relic"],"build_version":"2020-12-22","purchased_purges":2,"victory":false,"max_hp_per_floor":[66,66,66,66,66,66,66,66,66,66,66,66,66,66,66,66,66,66,66,71,71,71,71,71,71,71,72,72,72,72,73,73,73,73,73,73,73,74,74,75,75,75,75,75,76,76,76,76,78,78,78,78,86,86,86,86,86,86,86,86],"card_choices":[{"not_picked":["animator:DolaSchwi","animator:Illya"],"picked":"animator:Mitsuba","floor":1},{"not_picked":["animator:Rider","animator:PandorasActor"],"picked":"animator:ElricEdward","floor":4},{"not_picked":["animator:TukaLunaMarceau","animator:Scar"],"picked":"animator:Jibril","floor":5},{"not_picked":["animator:RoyMustang","animator:Gluttony"],"picked":"animator:ElricEdward","floor":7},{"not_picked":["animator:HiiragiShinya","animator:KyokoSakura"],"picked":"animator:Archer","floor":10},{"not_picked":["animator:Mikaela","animator:IrohaTamaki"],"picked":"animator:ShinjiMatou","floor":11},{"not_picked":["animator:Mikaela","animator:FielNirvalen"],"picked":"animator:Envy","floor":13},{"not_picked":["animator:Sloth","animator:MaesHughes"],"picked":"animator:Scar","floor":14},{"not_picked":["animator:HomuraAkemi","animator:Ainz"],"picked":"animator:Saber","floor":16},{"not_picked":["animator:TukaLunaMarceau+1","animator:PandorasActor"],"picked":"animator:DolaCouronne+1","floor":18},{"not_picked":["animator:Berserker+1","animator:Cocytus"],"picked":"animator:ShinjiMatou","floor":21},{"not_picked":["animator:SuzuneAmano+1","animator:Berserker+1"],"picked":"animator:Mitsuba+1","floor":22},{"not_picked":["animator:DolaStephanie","animator:DolaSchwi"],"picked":"animator:DolaRiku","floor":27},{"not_picked":["animator:Archer","animator:SakuraMatou"],"picked":"animator:DolaStephanie+1","floor":29},{"not_picked":["animator:Berserker","animator:Shigure"],"picked":"animator:ShinjiMatou","floor":30},{"not_picked":["animator:YaoHaDucy","animator:Yuuichirou"],"picked":"animator:Shigure","floor":31},{"not_picked":["animator:MadokaKaname","animator:Envy"],"picked":"animator:Albedo","floor":33},{"not_picked":["animator:Alexander+1","animator:KyokoSakura"],"picked":"animator:Tyuule","floor":35},{"not_picked":["animator:Tyuule","animator:Alexander+1"],"picked":"animator:YaoHaDucy+1","floor":38},{"not_picked":["animator:Kuribayashi","animator:Bozes"],"picked":"animator:TukaLunaMarceau","floor":39},{"not_picked":["animator:Ainz","animator:Guren"],"picked":"animator:IzunaHatsuse","floor":40},{"not_picked":["animator:DolaSchwi+1","animator:Shigure"],"picked":"animator:WinryRockbell","floor":41},{"not_picked":["animator:Pride","animator:MamiTomoe+1"],"picked":"animator:HiiragiShinya+1","floor":42},{"not_picked":["animator:Jibril","animator:Berserker+1"],"picked":"animator:Yuuichirou","floor":45},{"not_picked":["animator:Yoichi","animator:Shigure"],"picked":"animator:Shinoa","floor":47},{"not_picked":["animator:SayakaMiki","animator:Kuribayashi"],"picked":"animator:Mikaela","floor":49},{"not_picked":["animator:ShinjiMatou","animator:OrikoMikuni"],"picked":"animator:Shigure+1","floor":54},{"not_picked":["animator:Shigure","animator:Illya","animator:Cocytus+1"],"picked":"SKIP","floor":55},{"not_picked":["animator:QuestionMark","animator:Kuroyukihime"],"picked":"animator:Hibiki","floor":57}],"player_experience":476061,"relics_obtained":[{"floor":13,"key":"Lantern"},{"floor":25,"key":"Necronomicon"},{"floor":26,"key":"trackpad:DisasterInABottle"},{"floor":27,"key":"Shuriken"},{"floor":38,"key":"trackpad:FieryHotPepper"},{"floor":40,"key":"CloakClasp"},{"floor":43,"key":"Mercury Hourglass"},{"floor":47,"key":"Blue Candle"},{"floor":53,"key":"animator:TheEgnaroPiece"},{"floor":56,"key":"animator:AncientMedallion"}],"event_choices":[{"cards_removed":["animator:Strike"],"damage_healed":0,"gold_gain":0,"player_choice":"Card Removal","damage_taken":0,"max_hp_gain":0,"max_hp_loss":0,"event_name":"Wheel of Change","floor":3,"gold_loss":0},{"cards_removed":["animator:Strike"],"damage_healed":0,"gold_gain":0,"player_choice":"Purged","damage_taken":0,"max_hp_gain":0,"max_hp_loss":0,"event_name":"Purifier","floor":8,"gold_loss":0},{"damage_healed":0,"gold_gain":0,"player_choice":"Shed Blood","damage_taken":17,"max_hp_gain":5,"max_hp_loss":0,"event_name":"Forgotten Altar","floor":20,"gold_loss":0},{"damage_healed":0,"gold_gain":0,"player_choice":"Obtained Relic","damage_taken":0,"relics_obtained":["Dream Catcher"],"max_hp_gain":0,"max_hp_loss":0,"event_name":"Addict","floor":24,"gold_loss":85},{"damage_healed":0,"gold_gain":0,"player_choice":"Obtained Book","damage_taken":16,"max_hp_gain":0,"max_hp_loss":0,"event_name":"Cursed Tome","floor":25,"gold_loss":0},{"damage_healed":0,"gold_gain":0,"player_choice":"Inject Mutagens","damage_taken":0,"relics_obtained":["MutagenicStrength"],"max_hp_gain":0,"max_hp_loss":0,"event_name":"Drug Dealer","floor":28,"gold_loss":0},{"damage_healed":0,"gold_gain":0,"player_choice":"Fight","damage_taken":0,"max_hp_gain":0,"max_hp_loss":0,"event_name":"MindBloom","floor":38,"gold_loss":0},{"damage_healed":0,"gold_gain":0,"player_choice":"Memory 1","damage_taken":0,"max_hp_gain":0,"max_hp_loss":0,"event_name":"SensoryStone","floor":57,"gold_loss":0}],"is_beta":false,"boss_relics":[{"not_picked":["Philosopher\u0027s Stone","Tiny House"],"picked":"Sozu"},{"not_picked":["SacredBark","trackpad:Coffee"],"picked":"relicPack:KazumaCape"}],"items_purged_floors":[19,48],"is_endless":false,"potions_floor_spawned":[5,11,22,30,31,33,39,40,47,55],"killed_by":"animator:UNNAMED_CULTIST_2","ascension_level":0}}