{"host":"y3h3n3f7seyagppx","time":1610647513,"event":{"mods":["AlwaysNeverKeys","BaseMod","Better Vampires","Colored Powertips","DeckTracker","Emptier Cage","Minty Spire (QoL Compilation)","Permanent Neow","Quick Restart","Rare Cards Sparkle","Relic Sorter","Relic Stats","StSLib","Transform Curses"],"gold_per_floor":[360,373,385,460,6,38,57,57,57,57,69,94,94,120,120,199,199,209,209,209,209,41,69,88,122,122,138,138,12,12,38,38,109,109,121,121,134,147,97,130,142,142,142,170,90,118,134,154,154,154,154,154,154,62,91,91],"floor_reached":57,"language":"ENG","playtime":7439,"items_purged":["Strike_R","Writhe","Anger","Bite"],"score":3036,"play_id":"5c68ef3d-e055-4a70-86bc-5ff11f582e0d","local_time":"20210114130513","is_ascension_mode":true,"campfire_choices":[{"floor":8,"key":"REST"},{"data":"Armaments","floor":13,"key":"SMITH"},{"data":"Immolate","floor":15,"key":"SMITH"},{"data":"Corruption","floor":28,"key":"SMITH"},{"data":"Body Slam","floor":30,"key":"SMITH"},{"data":"Clothesline","floor":32,"key":"SMITH"},{"data":"Dark Embrace","floor":42,"key":"SMITH"},{"floor":49,"key":"REST"},{"floor":53,"key":"REST"}],"circlet_count":0,"master_deck":["AscendersBane","Defend_R","Defend_R","Defend_R","Defend_R","Bash","Clothesline+1","Rage","Armaments+1","Feed","Corruption+1","Immolate+1","Barricade","Body Slam+1","Bite","Bite","Dark Embrace+1","Battle Trance+1","Entrench","Exhume","Sentinel","Exhume","Shockwave","Shockwave","Shrug It Off","Dual Wield","Dropkick","Seeing Red+1"],"relics":["Burning Blood","MealTicket","Dream Catcher","Charon\u0027s Ashes","Du-Vu Doll","Pocketwatch","HornCleat","Philosopher\u0027s Stone","Boot","Vajra","Smiling Mask","Toy Ornithopter","Matryoshka","Regal Pillow","Sozu","Frozen Egg 2","Art of War","Mummified Hand","InkBottle","Anchor","Bag of Marbles"],"acts_visited":["Exordium","TheCity","TheBeyond","TheEnding"],"potions_floor_usage":[6,16,31,35,56],"damage_taken":[{"damage":1,"enemies":"Cultist","floor":1,"turns":3},{"damage":7,"enemies":"Jaw Worm","floor":2,"turns":3},{"damage":7,"enemies":"2 Louse","floor":3,"turns":3},{"damage":29,"enemies":"Gremlin Nob","floor":6,"turns":4},{"damage":11,"enemies":"Large Slime","floor":7,"turns":6},{"damage":21,"enemies":"Exordium Thugs","floor":11,"turns":4},{"damage":5,"enemies":"3 Sentries","floor":12,"turns":6},{"damage":6,"enemies":"Lagavulin","floor":14,"turns":7},{"damage":5,"enemies":"The Guardian","floor":16,"turns":12},{"damage":12,"enemies":"Shell Parasite","floor":18,"turns":3},{"damage":13,"enemies":"Gremlin Leader","floor":23,"turns":5},{"damage":0,"enemies":"Spheric Guardian","floor":24,"turns":4},{"damage":38,"enemies":"Slavers","floor":25,"turns":5},{"damage":10,"enemies":"Centurion and Healer","floor":27,"turns":8},{"damage":6,"enemies":"Book of Stabbing","floor":31,"turns":5},{"damage":0,"enemies":"Champ","floor":33,"turns":12},{"damage":0,"enemies":"3 Shapes","floor":35,"turns":3},{"damage":2,"enemies":"Orb Walker","floor":37,"turns":4},{"damage":19,"enemies":"Writhing Mass","floor":38,"turns":5},{"damage":1,"enemies":"Giant Head","floor":40,"turns":8},{"damage":18,"enemies":"Transient","floor":41,"turns":6},{"damage":12,"enemies":"Reptomancer","floor":44,"turns":4},{"damage":0,"enemies":"Giant Head","floor":46,"turns":3},{"damage":0,"enemies":"Spire Growth","floor":47,"turns":3},{"damage":10,"enemies":"Jaw Worm Horde","floor":48,"turns":5},{"damage":30,"enemies":"Awakened One","floor":50,"turns":26},{"damage":44,"enemies":"Time Eater","floor":51,"turns":7},{"damage":56,"enemies":"Shield and Spear","floor":55,"turns":12},{"damage":94,"enemies":"The Heart","floor":56,"turns":7}],"seed_played":"-5689718104422244844","potions_obtained":[{"floor":1,"key":"SkillPotion"},{"floor":2,"key":"DuplicationPotion"},{"floor":3,"key":"PowerPotion"},{"floor":7,"key":"CultistPotion"},{"floor":16,"key":"LiquidBronze"},{"floor":25,"key":"SteroidPotion"},{"floor":31,"key":"SpeedPotion"},{"floor":33,"key":"DistilledChaos"}],"is_trial":false,"path_per_floor":["M","M","M","?","$","E","M","R","T","?","M","E","R","E","R","B",null,"M","?","?","?","$","E","M","E","T","M","R","$","R","E","R","B",null,"M","?","M","M","$","E","M","R","T","E","$","E","M","M","R","B","B",null,"R","$","E","B",null],"character_chosen":"IRONCLAD","items_purchased":["MealTicket","Dream Catcher","Anger","Vajra","Entrench","Shockwave","Dropkick"],"campfire_rested":3,"item_purchase_floors":[5,5,5,22,29,45,54],"current_hp_per_floor":[55,54,53,42,42,19,14,36,36,36,24,29,29,33,33,38,77,75,75,75,75,77,81,85,68,68,84,84,91,91,91,91,95,95,103,103,103,97,107,111,109,109,109,115,115,119,123,135,135,139,116,136,142,142,140,63],"gold":91,"neow_bonus":"TWO_FIFTY_GOLD","is_daily":false,"chose_seed":false,"campfire_upgraded":6,"win_rate":0.0,"timestamp":1610647513,"path_taken":["M","M","?","?","$","E","M","R","T","?","M","E","R","E","R","BOSS","M","?","?","?","$","E","M","E","T","?","R","?","R","E","R","BOSS","M","?","M","M","?","E","M","R","T","E","$","E","M","M","R","BOSS","BOSS","R","$","E","BOSS"],"items_purchased_type":["Relic","Relic","Card","Relic","Card","Card","Card"],"build_version":"2020-12-22","purchased_purges":4,"victory":true,"max_hp_per_floor":[75,75,75,75,75,75,75,75,75,75,78,82,82,86,86,90,90,94,94,77,77,77,81,85,88,88,91,91,91,91,91,91,95,95,103,103,103,107,107,111,111,111,111,115,115,119,123,135,135,139,142,142,142,142,142,142],"relic_stats":{"Regal Pillow":0,"counters":[29,183],"Charon\u0027s Ashes":[840],"Boot":[4],"Smiling Mask":225,"Burning Blood":115,"Sozu":5,"Dream Catcher":3,"Mummified Hand":[31],"MealTicket":19,"Art of War":[10],"obtain_stats":[{"Regal Pillow":31,"Vajra":22,"Charon\u0027s Ashes":6,"Frozen Egg 2":40,"Boot":19,"Smiling Mask":23,"Burning Blood":0,"Du-Vu Doll":9,"Sozu":34,"Dream Catcher":5,"Anchor":46,"HornCleat":14,"Matryoshka":26,"Mummified Hand":43,"MealTicket":5,"Philosopher\u0027s Stone":17,"Art of War":43,"Bag of Marbles":55,"Toy Ornithopter":25,"InkBottle":44,"Pocketwatch":12},{"Regal Pillow":15,"Vajra":10,"Charon\u0027s Ashes":4,"Frozen Egg 2":20,"Boot":10,"Smiling Mask":11,"Burning Blood":0,"Du-Vu Doll":5,"Sozu":16,"Dream Catcher":3,"Anchor":23,"HornCleat":8,"Matryoshka":13,"Mummified Hand":21,"MealTicket":3,"Philosopher\u0027s Stone":9,"Art of War":21,"Bag of Marbles":28,"Toy Ornithopter":13,"InkBottle":22,"Pocketwatch":7},{"Regal Pillow":78,"Vajra":51,"Charon\u0027s Ashes":13,"Frozen Egg 2":110,"Boot":51,"Smiling Mask":56,"Burning Blood":0,"Du-Vu Doll":19,"Sozu":90,"Dream Catcher":9,"Anchor":123,"HornCleat":36,"Matryoshka":65,"Mummified Hand":116,"MealTicket":9,"Philosopher\u0027s Stone":48,"Art of War":116,"Bag of Marbles":176,"Toy Ornithopter":65,"InkBottle":120,"Pocketwatch":29}],"Toy Ornithopter":5,"InkBottle":[27],"Pocketwatch":[234]},"card_choices":[{"not_picked":["Heavy Blade","True Grit"],"picked":"Clothesline","floor":1},{"not_picked":["Rage","Bloodletting","Havoc"],"picked":"SKIP","floor":2},{"not_picked":["Bloodletting","Havoc"],"picked":"Rage","floor":2},{"not_picked":["Perfected Strike","True Grit","Clothesline"],"picked":"SKIP","floor":3},{"not_picked":["Wild Strike","Thunderclap","Cleave"],"picked":"SKIP","floor":6},{"not_picked":["Wild Strike","Thunderclap","Cleave"],"picked":"SKIP","floor":6},{"not_picked":["Warcry","Blood for Blood"],"picked":"Armaments","floor":7},{"not_picked":["Havoc","Clothesline"],"picked":"Feed","floor":8},{"not_picked":["Dual Wield","Havoc","Wild Strike"],"picked":"SKIP","floor":11},{"not_picked":["Fire Breathing","Heavy Blade","Searing Blow"],"picked":"SKIP","floor":12},{"not_picked":["Iron Wave","Reckless Charge"],"picked":"Immolate","floor":14},{"not_picked":["Fiend Fire","Limit Break"],"picked":"Barricade","floor":16},{"not_picked":["Havoc","Hemokinesis"],"picked":"Body Slam","floor":18},{"not_picked":["Hemokinesis+1","Iron Wave"],"picked":"Dark Embrace","floor":23},{"not_picked":["Shrug It Off","Sentinel"],"picked":"Battle Trance+1","floor":24},{"not_picked":["Heavy Blade","Metallicize","Headbutt"],"picked":"SKIP","floor":25},{"not_picked":["Havoc+1","Pummel","Heavy Blade"],"picked":"SKIP","floor":27},{"not_picked":["Rupture","Anger","Rampage"],"picked":"SKIP","floor":31},{"not_picked":["Fiend Fire","Demon Form"],"picked":"Exhume","floor":33},{"not_picked":["Heavy Blade+1","Armaments","Cleave"],"picked":"SKIP","floor":35},{"not_picked":["Havoc","Headbutt"],"picked":"Sentinel","floor":37},{"not_picked":["Iron Wave","Pommel Strike","Clash"],"picked":"SKIP","floor":38},{"not_picked":["Wild Strike+1","Dropkick"],"picked":"Exhume","floor":40},{"not_picked":["Sword Boomerang+1","Uppercut","Twin Strike+1"],"picked":"SKIP","floor":41},{"not_picked":["Rage","True Grit","Thunderclap+1"],"picked":"SKIP","floor":44},{"not_picked":["Power Through","Reckless Charge"],"picked":"Shockwave","floor":46},{"not_picked":["Flex","Iron Wave","Warcry"],"picked":"SKIP","floor":47},{"not_picked":["Hemokinesis","Warcry"],"picked":"Shrug It Off","floor":48},{"not_picked":["Bludgeon","Ghostly Armor"],"picked":"Dual Wield","floor":53},{"not_picked":["Power Through+1","Sword Boomerang"],"picked":"Seeing Red+1","floor":55}],"player_experience":20878621,"relics_obtained":[{"floor":6,"key":"Charon\u0027s Ashes"},{"floor":9,"key":"Du-Vu Doll"},{"floor":12,"key":"Pocketwatch"},{"floor":14,"key":"HornCleat"},{"floor":23,"key":"Smiling Mask"},{"floor":25,"key":"Toy Ornithopter"},{"floor":26,"key":"Matryoshka"},{"floor":31,"key":"Regal Pillow"},{"floor":40,"key":"Frozen Egg 2"},{"floor":43,"key":"Art of War"},{"floor":43,"key":"Mummified Hand"},{"floor":44,"key":"InkBottle"},{"floor":46,"key":"Anchor"},{"floor":55,"key":"Bag of Marbles"}],"event_choices":[{"damage_healed":0,"gold_gain":75,"player_choice":"Gather Gold","damage_taken":11,"max_hp_gain":0,"max_hp_loss":0,"event_name":"World of Goop","floor":4,"gold_loss":0},{"damage_healed":0,"gold_gain":0,"cards_transformed":["Strike_R"],"player_choice":"Change","damage_taken":0,"max_hp_gain":0,"max_hp_loss":0,"event_name":"Living Wall","floor":10,"gold_loss":0,"cards_obtained":["Corruption"]},{"damage_healed":0,"gold_gain":0,"player_choice":"Opened","damage_taken":0,"relics_obtained":["Boot"],"max_hp_gain":0,"max_hp_loss":0,"event_name":"The Mausoleum","floor":19,"gold_loss":0,"cards_obtained":["Writhe"]},{"damage_healed":0,"gold_gain":0,"player_choice":"Became a vampire","damage_taken":0,"max_hp_gain":0,"max_hp_loss":17,"event_name":"Vampires","floor":20,"gold_loss":0,"cards_obtained":["Bite","Bite","Bite"]},{"damage_healed":0,"gold_gain":0,"player_choice":"0 cards matched","damage_taken":0,"max_hp_gain":0,"max_hp_loss":0,"event_name":"Match and Keep!","floor":21,"gold_loss":0,"cards_obtained":[]},{"damage_healed":0,"gold_gain":0,"player_choice":"0 cards matched","damage_taken":0,"max_hp_gain":0,"max_hp_loss":0,"event_name":"Match and Keep!","floor":21,"gold_loss":0,"cards_obtained":[]},{"damage_healed":0,"gold_gain":0,"player_choice":"Ignored","damage_taken":0,"max_hp_gain":0,"max_hp_loss":0,"event_name":"Tomb of Lord Red Mask","floor":36,"gold_loss":0}],"is_beta":false,"boss_relics":[{"not_picked":["Empty Cage","SlaversCollar"],"picked":"Philosopher\u0027s Stone"},{"not_picked":["Pandora\u0027s Box","Runic Cube"],"picked":"Sozu"}],"items_purged_floors":[5,29,39,54],"is_endless":false,"potions_floor_spawned":[1,2,3,7,16,25,27,31,33,35,37,40,46,48],"ascension_level":20}}