{"host":"l4kdldlios54gl54","time":1610649639,"event":{"mods":["AchievementEnabler","BaseMod","Colored Map","Colored Powertips","Minty Spire (QoL Compilation)","Random Character Button"],"gold_per_floor":[119,133,146,20,20,20,41,41,41,64,64,97,97,121,121,220,220,239,239,257,169,188,188,188,212,235,78,78,78,78],"floor_reached":29,"language":"ENG","playtime":1136,"items_purged":["Strike_P","Writhe"],"score":575,"play_id":"de49c86e-f224-4d56-9ebb-c3d315504730","local_time":"20210114194039","is_ascension_mode":true,"campfire_choices":[{"data":"SandsOfTime","floor":6,"key":"SMITH"},{"data":"Protect","floor":8,"key":"SMITH"},{"data":"Eruption","floor":11,"key":"SMITH"},{"data":"Perseverance","floor":15,"key":"SMITH"},{"data":"Establishment","floor":23,"key":"SMITH"}],"circlet_count":0,"master_deck":["AscendersBane","Strike_P","Strike_P","Strike_P","Defend_P","Defend_P","Defend_P","Defend_P","Eruption+1","Vigilance+1","Establishment+1","Protect+1","SandsOfTime+1","FearNoEvil","Crescendo","Perseverance+1","EmptyBody","SandsOfTime","Tantrum"],"relics":["PureWater","Bloody Idol","Frozen Egg 2","Bronze Scales","Cursed Key","Vajra"],"acts_visited":["Exordium","TheCity"],"potions_floor_usage":[12,20,24,29,29],"damage_taken":[{"damage":12,"enemies":"Cultist","floor":1,"turns":4},{"damage":0,"enemies":"2 Louse","floor":2,"turns":4},{"damage":1,"enemies":"Small Slimes","floor":3,"turns":4},{"damage":1,"enemies":"2 Fungi Beasts","floor":7,"turns":4},{"damage":0,"enemies":"Blue Slaver","floor":10,"turns":3},{"damage":16,"enemies":"Gremlin Nob","floor":12,"turns":3},{"damage":1,"enemies":"Looter","floor":14,"turns":3},{"damage":0,"enemies":"Slime Boss","floor":16,"turns":7},{"damage":2,"enemies":"Spheric Guardian","floor":18,"turns":4},{"damage":4,"enemies":"Shell Parasite","floor":20,"turns":4},{"damage":11,"enemies":"3 Cultists","floor":22,"turns":6},{"damage":14,"enemies":"Book of Stabbing","floor":24,"turns":3},{"damage":21,"enemies":"Snake Plant","floor":25,"turns":3},{"damage":11,"enemies":"Sentry and Sphere","floor":29,"turns":4}],"seed_played":"-893179115686344331","potions_obtained":[{"floor":1,"key":"Block Potion"},{"floor":7,"key":"FearPotion"},{"floor":14,"key":"PowerPotion"},{"floor":20,"key":"SmokeBomb"}],"is_trial":false,"path_per_floor":["M","M","M","$","?","R","M","R","T","M","R","E","?","M","R","B",null,"M","?","M","$","M","R","E","M","T","$","?","M"],"character_chosen":"WATCHER","items_purchased":["Crescendo","Tantrum","Weak Potion"],"campfire_rested":0,"item_purchase_floors":[4,21,27],"current_hp_per_floor":[49,49,48,48,48,48,47,47,47,47,47,31,31,30,30,30,54,52,52,48,48,37,37,23,2,2,2,2,0,0],"gold":78,"neow_bonus":"ONE_RANDOM_RARE_CARD","is_daily":false,"chose_seed":false,"campfire_upgraded":5,"win_rate":0.0,"timestamp":1610649639,"path_taken":["M","M","M","$","?","R","M","R","T","M","R","E","?","?","R","BOSS","M","?","M","$","M","R","E","M","T","$","?","M"],"items_purchased_type":["Card","Card","Potion"],"build_version":"2020-12-22","purchased_purges":2,"victory":false,"max_hp_per_floor":[68,68,68,68,62,62,62,62,62,62,62,62,62,62,62,62,62,62,62,62,62,62,62,62,62,62,62,62,62,62],"card_choices":[{"not_picked":["Perseverance","Consecrate"],"picked":"Protect","floor":1},{"not_picked":["CarveReality","ThirdEye"],"picked":"SandsOfTime","floor":2},{"not_picked":["Sanctity","FlurryOfBlows"],"picked":"FearNoEvil","floor":3},{"not_picked":["BowlingBash","FlurryOfBlows","Adaptation"],"picked":"SKIP","floor":7},{"not_picked":["Prostrate","Blasphemy","ClearTheMind"],"picked":"SKIP","floor":10},{"not_picked":["Worship","ThirdEye","PathToVictory"],"picked":"SKIP","floor":12},{"not_picked":["CutThroughFate","PathToVictory"],"picked":"Perseverance","floor":14},{"not_picked":["CrushJoints","CutThroughFate"],"picked":"EmptyBody","floor":18},{"not_picked":["Conclude","Protect"],"picked":"SandsOfTime","floor":20},{"not_picked":["Consecrate","PathToVictory","Worship"],"picked":"SKIP","floor":22},{"not_picked":["EmptyMind","CarveReality","Wireheading+1"],"picked":"SKIP","floor":25}],"player_experience":856098,"relics_obtained":[{"floor":9,"key":"Frozen Egg 2"},{"floor":12,"key":"Bronze Scales"},{"floor":26,"key":"Vajra"}],"event_choices":[{"damage_healed":0,"gold_gain":0,"player_choice":"Lose Max HP","damage_taken":0,"relics_obtained":["Golden Idol"],"max_hp_gain":0,"max_hp_loss":6,"event_name":"Golden Idol","floor":5,"gold_loss":0},{"damage_healed":0,"gold_gain":0,"player_choice":"Upgraded","damage_taken":0,"max_hp_gain":0,"max_hp_loss":0,"event_name":"Upgrade Shrine","floor":13,"gold_loss":0,"cards_upgraded":["Vigilance"]},{"damage_healed":0,"gold_gain":0,"player_choice":"Ignored","damage_taken":0,"max_hp_gain":0,"max_hp_loss":0,"event_name":"Ghosts","floor":19,"gold_loss":0},{"damage_healed":0,"gold_gain":0,"player_choice":"Gave Idol","damage_taken":0,"relics_obtained":["Bloody Idol"],"max_hp_gain":0,"max_hp_loss":0,"event_name":"Forgotten Altar","floor":28,"relics_lost":["Golden Idol"],"gold_loss":0}],"is_beta":false,"boss_relics":[{"not_picked":["Astrolabe","Ectoplasm"],"picked":"Cursed Key"}],"items_purged_floors":[4,27],"is_endless":false,"potions_floor_spawned":[1,7,14,18,20],"killed_by":"Sentry and Sphere","ascension_level":19}}