{"host":"ss2ocoam53r2lno0","time":1610633397,"event":{"mods":["Act Like it!","BaseMod","ChefMod","Clockwork Mod","Colored Powertips","Curses Come First","Displayed Cursed Tome","Downfall","Evolution","Googly Eyes","Hallownest","Highlight Path","Minty Spire (QoL Compilation)","Poor People Problems","Rare Cards Sparkle","Robot Space Explorer","Shade Mod","Shop Mod","Spicy Shops","StSLib","The Marked"],"gold_per_floor":[117,128,203,223,223,223,242,267,326,338,320,347,374,386,398,507,519,518,530,556,568,594,640,652,699,711,758,790,815,846,702,702,807,807,821,835,131,143,154,186,200,228,254,287,287,287,307,325,325,325],"floor_reached":51,"language":"ENG","playtime":3819,"items_purged":["Clockwork:Strike","Clockwork:Strike"],"score":891,"play_id":"c7d878a1-24cb-4573-a603-08dd1f09f22b","local_time":"20210114150957","is_ascension_mode":true,"campfire_choices":[{"data":"Clockwork:ChargingShield","floor":6.0,"key":"SMITH"},{"floor":10.0,"key":"REST"},{"data":"Clockwork:ChargingBlade","floor":15.0,"key":"SMITH"},{"floor":24,"key":"REST"},{"floor":32,"key":"REST"},{"data":"Clockwork:WarmUp","floor":46,"key":"SMITH"},{"data":"Clockwork:OccamsRazor","floor":49,"key":"SMITH"}],"circlet_count":0,"master_deck":["Clockwork:Strike","Clockwork:Strike","Clockwork:Shield","Clockwork:Shield","Clockwork:Shield","Clockwork:Shield","Clockwork:Tinker+1","Clockwork:WarmUp+1","Clockwork:ChargingShield+1","Clockwork:KaliMa","Clockwork:ChargingBlade+1","Clockwork:ChargingBlade+1","Clockwork:Tinker+1","Clockwork:ChargingShield+1","Clockwork:OccamsRazor+1","Clockwork:RevUp","Clockwork:RevUp"],"relics":["Clockwork:MomentumEngine","EVO:Axolotl","NeowsBlessing","Mercury Hourglass","Clockwork:CopperScales","Toy Ornithopter","Clockwork:BeatingHeart","SacredBark","CaptainsWheel","Clockwork:BloodPhial","Shuriken","Pocketwatch","Lantern","MerchantsRug","Coffee Dripper","Anchor","Anchor","Blood Vial","MealTicket","Unceasing Top","Sundial","Orichalcum","Ancient Tea Set","Clockwork:Varja"],"acts_visited":["Exordium","TheCity","TheBeyond"],"potions_floor_usage":[16,16],"damage_taken":[{"damage":0.0,"enemies":"Jaw Worm","floor":1.0,"turns":2.0},{"damage":1.0,"enemies":"Cultist","floor":2.0,"turns":4.0},{"damage":0.0,"enemies":"2 Louse","floor":4.0,"turns":4.0},{"damage":24.0,"enemies":"Red Slaver","floor":7.0,"turns":8.0},{"damage":36.0,"enemies":"Gremlin Nob","floor":8.0,"turns":8.0},{"damage":0.0,"enemies":"Looter","floor":11.0,"turns":4.0},{"damage":5.0,"enemies":"Large Slime","floor":12.0,"turns":11.0},{"damage":0.0,"enemies":"2 Fungi Beasts","floor":13.0,"turns":5.0},{"damage":10,"enemies":"Hexaghost","floor":16,"turns":10},{"damage":13,"enemies":"2 Thieves","floor":18,"turns":4},{"damage":6,"enemies":"3 Byrds","floor":20,"turns":2},{"damage":36,"enemies":"Sentry and Sphere","floor":22,"turns":10},{"damage":35,"enemies":"Gremlin Leader","floor":23,"turns":11},{"damage":16,"enemies":"Slavers","floor":25,"turns":5},{"damage":1,"enemies":"Book of Stabbing","floor":27,"turns":8},{"damage":0,"enemies":"Centurion and Healer","floor":28,"turns":9},{"damage":0,"enemies":"3 Cultists","floor":29,"turns":4},{"damage":0,"enemies":"Snecko","floor":30,"turns":4},{"damage":20,"enemies":"Champ","floor":33,"turns":14},{"damage":4,"enemies":"3 Darklings","floor":35,"turns":4},{"damage":5,"enemies":"3 Shapes","floor":36,"turns":4},{"damage":2,"enemies":"Spire Growth","floor":38,"turns":7},{"damage":0,"enemies":"Writhing Mass","floor":39,"turns":7},{"damage":13,"enemies":"Giant Head","floor":40,"turns":11},{"damage":0,"enemies":"Sphere and 2 Shapes","floor":41,"turns":4},{"damage":14,"enemies":"Reptomancer","floor":42,"turns":7},{"damage":22,"enemies":"Nemesis","floor":44,"turns":9},{"damage":0,"enemies":"Jaw Worm Horde","floor":47,"turns":4},{"damage":45,"enemies":"Writhing Mass","floor":48,"turns":7},{"damage":22,"enemies":"Donu and Deca","floor":50,"turns":6}],"seed_played":"-2983688246142669460","potions_obtained":[{"floor":2.0,"key":"Weak Potion"},{"floor":8.0,"key":"CultistPotion"},{"floor":12.0,"key":"Weak Potion"},{"floor":18,"key":"BlessingOfTheForge"},{"floor":25,"key":"BlessingOfTheForge"},{"floor":27,"key":"Explosive Potion"},{"floor":33,"key":"SpeedPotion"},{"floor":36,"key":"AttackPotion"},{"floor":45,"key":"FairyPotion"},{"floor":45,"key":"Ancient Potion"}],"is_trial":false,"path_per_floor":["M","M","?","M","?","R","M","E","T","R","M","M","M","?","R","B",null,"M","?","M","?","M","E","R","E","T","E","M","M","M","$","R","B",null,"M","M","$","M","M","E","M","E","T","E","?","R","M","M","R","B",null],"character_chosen":"CLOCKWORK","items_purchased":["MerchantsRug","Anchor","Anchor","Blood Vial","MealTicket"],"campfire_rested":3,"item_purchase_floors":[31,37,37,37,37],"current_hp_per_floor":[85,84,73,73,73,73,49,13,13,38,38,33,33,38,38,38,90,77,77,71,71,39,4,31,17,17,18,20,22,24,24,51,33,90,86,83,83,85,89,77,81,71,71,53,53,53,57,16,16,54],"gold":325,"neow_bonus":"THREE_ENEMY_KILL","is_daily":false,"chose_seed":false,"campfire_upgraded":4,"win_rate":0.0,"timestamp":1610633397,"path_taken":["M","M","?","M","?","R","M","E","T","R","M","?","M","?","R","BOSS","M","?","?","?","M","E","R","E","T","E","M","M","M","$","R","BOSS","M","M","$","M","M","E","M","E","T","E","?","R","M","M","R","BOSS"],"items_purchased_type":["Relic","Relic","Relic","Relic","Relic"],"build_version":"2020-12-22","purchased_purges":2,"victory":true,"max_hp_per_floor":[85,85,85,85,85,85,85,85,85,85,85,85,85,90,90,90,90,90,90,90,90,90,90,90,90,90,90,90,90,90,90,90,90,90,90,90,90,90,90,90,90,90,90,90,90,90,90,90,90,90],"card_choices":[{"not_picked":["Clockwork:SmithsMallet","Clockwork:Pluck"],"picked":"Clockwork:ChargingShield","floor":1.0},{"not_picked":["Clockwork:RitualDaggerMk0","Clockwork:CogShield","Clockwork:Efficiency"],"picked":"SKIP","floor":2.0},{"not_picked":["Clockwork:Scour","Clockwork:Improve"],"picked":"Clockwork:SmithsMallet","floor":4.0},{"not_picked":["Clockwork:QuantumStrike","Clockwork:AssemblyLine"],"picked":"Clockwork:CraftCopperScales","floor":7.0},{"not_picked":["Clockwork:TimeOut","Clockwork:InertialShield"],"picked":"Clockwork:KaliMa","floor":8.0},{"not_picked":["Clockwork:FalseStart","Clockwork:Roundhouse","Clockwork:AdaptiveShield"],"picked":"SKIP","floor":11.0},{"not_picked":["Clockwork:Roundhouse","Clockwork:ChargingShield"],"picked":"Clockwork:ChargingBlade","floor":12.0},{"not_picked":["Clockwork:AdaptiveShield","Clockwork:CogToss"],"picked":"Clockwork:ChargingBlade","floor":13.0},{"not_picked":["Clockwork:AdaptiveCannon","Clockwork:Pluck","Clockwork:Downsize"],"picked":"SKIP","floor":18},{"not_picked":["Clockwork:ReserveSystems","Clockwork:AdaptiveShield","Clockwork:LiteraryArmor"],"picked":"SKIP","floor":20},{"not_picked":["Clockwork:Pluck","Clockwork:CogBarrier","Clockwork:ReserveSystems"],"picked":"SKIP","floor":22},{"not_picked":["Clockwork:Friction","Clockwork:Strangle","Clockwork:CogToss"],"picked":"SKIP","floor":23},{"not_picked":["Clockwork:SystemScan","Clockwork:Halt","Clockwork:Efficiency+1"],"picked":"SKIP","floor":25},{"not_picked":["Clockwork:SmithsMallet+1","Clockwork:TestingEnvironment"],"picked":"Clockwork:OccamsRazor","floor":27},{"not_picked":["Clockwork:Enhance+1","Clockwork:SystemScan+1","Clockwork:CogToss"],"picked":"SKIP","floor":28},{"not_picked":["Clockwork:Enhance+1","Clockwork:Pluck"],"picked":"Clockwork:RevUp","floor":29},{"not_picked":["Clockwork:SearingStrike","Clockwork:Roundhouse"],"picked":"Clockwork:RevUp","floor":30},{"not_picked":["Clockwork:SystemScan","Clockwork:Improve+1","Clockwork:LiteraryArmor+1"],"picked":"SKIP","floor":35},{"not_picked":["Clockwork:SystemScan+1","Clockwork:CogShield+1","Clockwork:Friction"],"picked":"SKIP","floor":36},{"not_picked":["Clockwork:CogBarrier+1","Clockwork:SnapKeep+1","Clockwork:SystemHardening"],"picked":"SKIP","floor":38},{"not_picked":["Clockwork:Redundancy+1","Clockwork:Roundhouse+1","Clockwork:MechanicalMass+1"],"picked":"SKIP","floor":39},{"not_picked":["Clockwork:SystemHardening","Clockwork:Selectivity","Clockwork:Friction"],"picked":"SKIP","floor":40},{"not_picked":["Clockwork:QuantumStrike","Clockwork:SearingStrike+1","Clockwork:PerfectedStrike"],"picked":"SKIP","floor":41},{"not_picked":["Clockwork:SiegeStrike","Clockwork:MechanicalMass","Clockwork:TimeOut+1"],"picked":"SKIP","floor":42},{"not_picked":["Clockwork:ReserveSystems","Clockwork:SmithsMallet+1","Clockwork:CogBarrier"],"picked":"SKIP","floor":44},{"not_picked":["Clockwork:Pluck+1","Clockwork:AdaptiveCannon"],"picked":"Clockwork:CraftVarja+1","floor":47},{"not_picked":["Clockwork:Improve+1","Clockwork:ReserveSystems+1","Clockwork:LogisticRegression+1"],"picked":"SKIP","floor":48}],"player_experience":696188,"relics_obtained":[{"floor":8.0,"key":"MawBank"},{"floor":9.0,"key":"Toy Ornithopter"},{"floor":23,"key":"CaptainsWheel"},{"floor":25,"key":"Shuriken"},{"floor":26,"key":"Pocketwatch"},{"floor":27,"key":"Lantern"},{"floor":40,"key":"Unceasing Top"},{"floor":42,"key":"Sundial"},{"floor":43,"key":"Orichalcum"},{"floor":44,"key":"Ancient Tea Set"}],"event_choices":[{"damage_healed":0.0,"max_hp_gain":0.0,"max_hp_loss":0.0,"gold_gain":75.0,"event_name":"World of Goop","player_choice":"Gather Gold","floor":3.0,"gold_loss":0.0,"damage_taken":11.0},{"damage_healed":0.0,"max_hp_gain":0.0,"max_hp_loss":0.0,"gold_gain":0.0,"event_name":"WeMeetAgain","player_choice":"Gave Potion","floor":5.0,"gold_loss":0.0,"damage_taken":0.0,"relics_obtained":["Mercury Hourglass"]},{"damage_healed":0.0,"max_hp_gain":5.0,"max_hp_loss":0.0,"gold_gain":0.0,"event_name":"Big Fish","player_choice":"Donut","floor":14.0,"gold_loss":0.0,"damage_taken":0.0},{"damage_healed":0,"gold_gain":0,"player_choice":"2 cards matched","damage_taken":0,"max_hp_gain":0,"max_hp_loss":0,"event_name":"Match and Keep!","floor":19,"gold_loss":0,"cards_obtained":["Clockwork:Tinker","Clockwork:CraftBloodPhial"]},{"damage_healed":0,"gold_gain":0,"player_choice":"Copied","damage_taken":0,"max_hp_gain":0,"max_hp_loss":0,"event_name":"Duplicator","floor":21,"gold_loss":0,"cards_obtained":["Clockwork:ChargingShield"]},{"damage_healed":0,"gold_gain":0,"player_choice":"Got Potions","damage_taken":0,"max_hp_gain":0,"max_hp_loss":0,"event_name":"Lab","floor":45,"gold_loss":0}],"is_beta":false,"boss_relics":[{"not_picked":["Snecko Eye","Tiny House"],"picked":"SacredBark"},{"not_picked":["Clockwork:PerpetualMotionMachine","Busted Crown"],"picked":"Coffee Dripper"}],"items_purged_floors":[31,37],"is_endless":false,"potions_floor_spawned":[2,8,12,18,25,27,28,33,36,39,40,44],"ascension_level":3}}