{"host":"oiw60b5ins9fyx34","time":1610627790,"event":{"mods":["BaseMod","Colored Map","Colored Powertips","Minty Spire (QoL Compilation)","Permanent Neow","Quick Restart","Rare Cards Sparkle","Relic Stats","StSLib","The Cursed"],"gold_per_floor":[112,112,129,143,157,157,186,27,54,64,64,64,64,64,64,166,166,136,136,136,111,111,111,126,126,126,161,260,279,296,308,308,413,413,427,427,437,291,309,342,342],"floor_reached":40,"language":"JPN","playtime":2571,"items_purged":[],"score":483,"play_id":"ca0e2d41-0f34-4d6a-adba-b922d696855e","local_time":"20210114213630","is_ascension_mode":true,"campfire_choices":[{"data":"TheCursedMod:CursedWand","floor":6,"key":"SMITH"},{"data":"TheCursedMod:FleshFromBone","floor":11,"key":"SMITH"},{"data":"TheCursedMod:CleanUpWorkshop","floor":13,"key":"SMITH"},{"data":"TheCursedMod:RapidMovement","floor":15,"key":"SMITH"},{"data":"TheCursedMod:CursedMace","floor":23,"key":"SMITH"},{"data":"TheCursedMod:SoulReap","floor":25,"key":"SMITH"},{"data":"TheCursedMod:RapidMovement","floor":32,"key":"SMITH"}],"circlet_count":0,"master_deck":["TheCursedMod:Strike_TheCursed+1","TheCursedMod:Strike_TheCursed+1","TheCursedMod:Strike_TheCursed+1","TheCursedMod:Defend_TheCursed+1","TheCursedMod:Defend_TheCursed+1","TheCursedMod:Defend_TheCursed+1","TheCursedMod:Defend_TheCursed+1","TheCursedMod:CursedWand+1","TheCursedMod:CleanUpWorkshop+1","TheCursedMod:Dregs","TheCursedMod:CursedBlade","TheCursedMod:FleshFromBone+1","TheCursedMod:SoulReap+1","TheCursedMod:CursedShiv","TheCursedMod:CursedAmulet","TheCursedMod:AntiAging","TheCursedMod:RapidMovement+1","TheCursedMod:SpitefulPlan","TheCursedMod:CursedMace+1","Decay","TheCursedMod:RapidMovement+1","TheCursedMod:TroublousMinions+1","TheCursedMod:NeowsMight","TheCursedMod:HellfireBreathing","TheCursedMod:ManaBullet+1"],"relics":["Coffee Dripper","GremlinMask","Lantern","Art of War","Cursed Key","PreservedInsect","Pen Nib","TheCursedMod:FourLeafCloverCharm","Bag of Marbles","HornCleat"],"acts_visited":["Exordium","TheCity","TheBeyond"],"potions_floor_usage":[7,27,31,33,33,33,33,39,39,40],"damage_taken":[{"damage":0,"enemies":"2 Louse","floor":1,"turns":3},{"damage":4,"enemies":"Cultist","floor":3,"turns":4},{"damage":0,"enemies":"Small Slimes","floor":4,"turns":3},{"damage":2,"enemies":"Looter","floor":5,"turns":4},{"damage":8,"enemies":"Lagavulin","floor":7,"turns":7},{"damage":0,"enemies":"3 Louse","floor":10,"turns":2},{"damage":60,"enemies":"The Guardian","floor":16,"turns":30},{"damage":14,"enemies":"2 Thieves","floor":18,"turns":5},{"damage":0,"enemies":"Chosen","floor":24,"turns":4},{"damage":43,"enemies":"Gremlin Leader","floor":27,"turns":7},{"damage":12,"enemies":"Snecko","floor":29,"turns":5},{"damage":0,"enemies":"Centurion and Healer","floor":30,"turns":7},{"damage":3,"enemies":"Snake Plant","floor":31,"turns":4},{"damage":32,"enemies":"Collector","floor":33,"turns":11},{"damage":0,"enemies":"3 Shapes","floor":35,"turns":7},{"damage":7,"enemies":"3 Darklings","floor":37,"turns":11},{"damage":39,"enemies":"Maw","floor":39,"turns":10},{"damage":60,"enemies":"Giant Head","floor":40,"turns":9}],"seed_played":"-797427294758532783","potions_obtained":[{"floor":1,"key":"BlessingOfTheForge"},{"floor":4,"key":"BlessingOfTheForge"},{"floor":7,"key":"FearPotion"},{"floor":16,"key":"SneckoOil"},{"floor":24,"key":"Strength Potion"},{"floor":29,"key":"EntropicBrew"},{"floor":31,"key":"LiquidMemories"},{"floor":39,"key":"Block Potion"}],"is_trial":false,"path_per_floor":["M","?","M","M","M","R","E","$","T","M","R","?","R","?","R","B",null,"M","?","?","$","?","R","M","R","T","E","?","M","M","M","R","B",null,"M","?","M","$","M","E"],"character_chosen":"THE_CURSED","items_purchased":["TheCursedMod:AntiAging","TheCursedMod:CursedMace","Bag of Marbles"],"campfire_rested":0,"item_purchase_floors":[8,21,38],"current_hp_per_floor":[75,75,71,71,74,74,66,66,66,70,70,63,63,63,63,10,79,67,67,67,67,67,67,72,72,72,40,40,35,47,57,57,41,91,93,93,90,90,58,10,10],"gold":342,"neow_bonus":"BOSS_RELIC","is_daily":false,"chose_seed":false,"campfire_upgraded":7,"win_rate":0.0,"timestamp":1610627790,"path_taken":["M","?","M","?","M","R","E","$","T","M","R","?","R","?","R","BOSS","M","?","?","$","?","R","M","R","T","E","?","?","M","M","R","BOSS","M","?","M","$","?","E"],"items_purchased_type":["Card","Card","Relic"],"build_version":"2020-12-22","purchased_purges":0,"victory":false,"max_hp_per_floor":[75,75,75,75,75,75,75,75,75,77,77,77,77,77,77,79,79,81,81,81,81,81,81,83,83,83,85,85,85,87,89,89,91,91,93,93,95,95,97,99,99],"relic_stats":{"counters":[18,132],"PreservedInsect":168,"Pen Nib":[13],"Art of War":[7],"Cursed Key":1,"obtain_stats":[{"TheCursedMod:BlackMagic101":0,"Lantern":7,"TheCursedMod:FourLeafCloverCharm":34,"HornCleat":40,"GremlinMask":2,"PreservedInsect":26,"Pen Nib":27,"Coffee Dripper":0,"Art of War":9,"Bag of Marbles":38,"Cursed Key":17},{"TheCursedMod:BlackMagic101":0,"Lantern":5,"TheCursedMod:FourLeafCloverCharm":14,"HornCleat":18,"GremlinMask":1,"PreservedInsect":9,"Pen Nib":10,"Coffee Dripper":0,"Art of War":5,"Bag of Marbles":16,"Cursed Key":7},{"TheCursedMod:BlackMagic101":0,"Lantern":21,"TheCursedMod:FourLeafCloverCharm":96,"HornCleat":132,"GremlinMask":3,"PreservedInsect":62,"Pen Nib":69,"Coffee Dripper":0,"Art of War":21,"Bag of Marbles":114,"Cursed Key":53}]},"card_choices":[{"not_picked":["TheCursedMod:DoubleShield","TheCursedMod:RapidMovement"],"picked":"TheCursedMod:CursedBlade","floor":1},{"not_picked":["TheCursedMod:CircleOfAmplification","TheCursedMod:RapidMovement"],"picked":"TheCursedMod:FleshFromBone","floor":3},{"not_picked":["TheCursedMod:Torture","TheCursedMod:SurpriseAttack"],"picked":"TheCursedMod:SoulReap","floor":4},{"not_picked":["TheCursedMod:VitalStrike","TheCursedMod:CursedArmor"],"picked":"TheCursedMod:CursedShiv","floor":5},{"not_picked":["TheCursedMod:VitalStrike","TheCursedMod:HellsGateOpen"],"picked":"TheCursedMod:CursedAmulet","floor":7},{"not_picked":["TheCursedMod:OutForBlood","TheCursedMod:Stigma"],"picked":"TheCursedMod:RapidMovement","floor":10},{"not_picked":["TheCursedMod:Wield","TheCursedMod:AbyssShockwave"],"picked":"TheCursedMod:SpitefulPlan","floor":18},{"not_picked":["TheCursedMod:SaltUponWound","TheCursedMod:EmpowerCircles"],"picked":"TheCursedMod:CursedAmulet+1","floor":24},{"not_picked":["TheCursedMod:CircleOfCorruption","TheCursedMod:OutForBlood"],"picked":"TheCursedMod:RapidMovement","floor":27},{"not_picked":["TheCursedMod:FleshFromBone+1","TheCursedMod:Obscuration"],"picked":"TheCursedMod:TroublousMinions+1","floor":29},{"not_picked":["TheCursedMod:DoubleShield","TheCursedMod:SurpriseAttack","TheCursedMod:CursedAmulet"],"picked":"SKIP","floor":30},{"not_picked":["TheCursedMod:DoubleShield","TheCursedMod:Hemoplague","TheCursedMod:CursedBlade+1"],"picked":"SKIP","floor":31},{"not_picked":["TheCursedMod:AntiAging","TheCursedMod:CircleOfAbyss"],"picked":"TheCursedMod:NeowsMight","floor":33},{"not_picked":["TheCursedMod:AshesToAshes+1","TheCursedMod:DoubleShield","TheCursedMod:Grudge"],"picked":"SKIP","floor":35},{"not_picked":["TheCursedMod:CircleOfFocus+1","TheCursedMod:AbyssShockwave"],"picked":"TheCursedMod:HellfireBreathing","floor":37},{"not_picked":["TheCursedMod:Wield+1","TheCursedMod:SoulReap"],"picked":"TheCursedMod:ManaBullet+1","floor":39},{"not_picked":["TheCursedMod:Wield","TheCursedMod:RapidMovement+1","TheCursedMod:CursedAmulet"],"picked":"SKIP","floor":40}],"player_experience":673125,"relics_obtained":[{"floor":7,"key":"Lantern"},{"floor":9,"key":"Art of War"},{"floor":26,"key":"PreservedInsect"},{"floor":27,"key":"Pen Nib"},{"floor":40,"key":"HornCleat"}],"event_choices":[{"damage_healed":0,"gold_gain":0,"player_choice":"Trade","damage_taken":0,"relics_obtained":["GremlinMask"],"max_hp_gain":0,"max_hp_loss":0,"event_name":"FaceTrader","floor":2,"gold_loss":0},{"cards_removed":["TheCursedMod:Strike_TheCursed"],"damage_healed":0,"gold_gain":0,"player_choice":"Card Removal","damage_taken":7,"max_hp_gain":0,"max_hp_loss":0,"event_name":"Golden Wing","floor":12,"gold_loss":0},{"damage_healed":0,"gold_gain":0,"player_choice":"Ignored","damage_taken":0,"max_hp_gain":0,"max_hp_loss":0,"event_name":"Golden Idol","floor":14,"gold_loss":0},{"damage_healed":0,"gold_gain":0,"player_choice":"Ignored","damage_taken":0,"max_hp_gain":0,"max_hp_loss":0,"event_name":"Cursed Tome","floor":19,"gold_loss":0},{"damage_healed":0,"gold_gain":0,"player_choice":"Simplicity","damage_taken":0,"max_hp_gain":0,"max_hp_loss":0,"event_name":"Back to Basics","floor":20,"gold_loss":0,"cards_upgraded":["TheCursedMod:Strike_TheCursed","TheCursedMod:Strike_TheCursed","TheCursedMod:Strike_TheCursed","TheCursedMod:Defend_TheCursed","TheCursedMod:Defend_TheCursed","TheCursedMod:Defend_TheCursed","TheCursedMod:Defend_TheCursed"]},{"damage_healed":0,"gold_gain":0,"player_choice":"Ignored","damage_taken":0,"max_hp_gain":0,"max_hp_loss":0,"event_name":"Ghosts","floor":22,"gold_loss":0},{"damage_healed":0,"gold_gain":99,"player_choice":"Stole From Cult","damage_taken":0,"max_hp_gain":0,"max_hp_loss":0,"event_name":"Nest","floor":28,"gold_loss":0},{"cards_removed":["TheCursedMod:CursedAmulet"],"damage_healed":0,"gold_gain":0,"player_choice":"Purged","damage_taken":0,"max_hp_gain":0,"max_hp_loss":0,"event_name":"Purifier","floor":36,"gold_loss":0}],"is_beta":false,"boss_relics":[{"not_picked":["SlaversCollar","Busted Crown"],"picked":"Cursed Key"},{"not_picked":["Tiny House","TheCursedMod:OminousMark"],"picked":"TheCursedMod:FourLeafCloverCharm"}],"items_purged_floors":[],"is_endless":false,"potions_floor_spawned":[1,4,7,16,24,29,30,31,39],"killed_by":"Giant Head","ascension_level":1}}