{"host":"81vb4cbob60wa1na","time":1610622987,"event":{"mods":["BaseMod","Downfall","GifTheSpireLib","Hermit","Highlight Path","Minty Spire (QoL Compilation)","StSLib","The Cursed","The Disciple"],"gold_per_floor":[349,362,376,376,476,487,487,498,498,598,598,616,616,635,652,754,754,766,789,811,823,367,367,367,402,402,416,435,435,435,445,456,456,456,456],"floor_reached":33,"language":"ENG","playtime":1320,"items_purged":[],"score":286,"play_id":"c0db2f48-8445-45fb-87bc-bb76a6a70298","local_time":"20210114061627","is_ascension_mode":false,"campfire_choices":[{"floor":1,"key":"REST"},{"floor":9,"key":"REST"},{"floor":11,"key":"REST"},{"data":"hexamod:EmpoweredFlame","floor":18,"key":"SMITH"},{"data":"hexamod:Again","floor":23,"key":"SMITH"},{"floor":26,"key":"REST"},{"floor":29,"key":"REST"}],"circlet_count":0,"master_deck":["hexamod:Strike","hexamod:Strike","hexamod:Strike+1","hexamod:Strike","hexamod:Defend","hexamod:Defend","hexamod:Defend","hexamod:Defend","hexamod:Sear","hexamod:Float","hexamod:BurningTouch+1","hexamod:SixthSeal","hexamod:EmpoweredFlame+1","hexamod:FastForward+1","hexamod:HauntingEcho","hexamod:VolcanoVisage","hexamod:InspiringFlames","CurseOfTheBell","hexamod:HeatCrush+1","hexamod:ShieldOfDarkness+1","hexamod:DynamicBlow","hexamod:Again+1","hexamod:AdvancingGuard+1","hexamod:GhostLash+1","hexamod:SuperheatedStrike+1","hexamod:SpectralSpark+1","hexamod:RadiantFlame"],"relics":["hexamod:SpiritBrand","Incense Burner","Potion Belt","hexamod:InflammatoryLetter","Calling Bell","MawBank","StrikeDummy","Dead Branch","Pen Nib","Omamori","Molten Egg 2","Boot"],"acts_visited":["Exordium","TheCity"],"potions_floor_usage":[5,6,15,16,16,16,16,25,32,32],"damage_taken":[{"damage":0,"enemies":"2 Louse","floor":2,"turns":2},{"damage":0,"enemies":"Cultist","floor":3,"turns":3},{"damage":34,"enemies":"downfall:LadyInBlue","floor":5,"turns":11},{"damage":1,"enemies":"Jaw Worm","floor":6,"turns":4},{"damage":5,"enemies":"3 Louse","floor":8,"turns":4},{"damage":3,"enemies":"Exordium Wildlife","floor":12,"turns":4},{"damage":0,"enemies":"Exordium Thugs","floor":14,"turns":3},{"damage":1,"enemies":"Blue Slaver","floor":15,"turns":2},{"damage":10,"enemies":"downfall:Ironclad","floor":16,"turns":6},{"damage":19,"enemies":"Spheric Guardian","floor":19,"turns":6},{"damage":5,"enemies":"Chosen","floor":20,"turns":4},{"damage":0,"enemies":"downfall:FleeingMerchant","floor":22,"turns":4},{"damage":35,"enemies":"Slavers","floor":25,"turns":6},{"damage":17,"enemies":"3 Cultists","floor":27,"turns":6},{"damage":7,"enemies":"Cultist and Chosen","floor":28,"turns":5},{"damage":6,"enemies":"Snake Plant","floor":31,"turns":3},{"damage":14,"enemies":"Centurion and Healer","floor":32,"turns":5},{"damage":22,"enemies":"downfall:Silent","floor":33,"turns":2}],"seed_played":"3932832142432380141","potions_obtained":[{"floor":3,"key":"Guardian:BlockOnCardUsePotion"},{"floor":5,"key":"BlessingOfTheForge"},{"floor":5,"key":"Strength Potion"},{"floor":5,"key":"LiquidBronze"},{"floor":6,"key":"ColorlessPotion"},{"floor":12,"key":"Fire Potion"},{"floor":15,"key":"GamblersBrew"},{"floor":19,"key":"LiquidMemories"},{"floor":28,"key":"SpeedPotion"},{"floor":31,"key":"DuplicationPotion"},{"floor":32,"key":"Fruit Juice"}],"is_trial":false,"path_per_floor":["R","M","M","?","?","M","T","M","R","?","R","M","?","M","M","B",null,"R","M","M","?","$","R","T","E","R","M","M","R","?","M","M","B"],"character_chosen":"THE_SPIRIT","items_purchased":["Pen Nib","Omamori","hexamod:DynamicBlow","hexamod:Again"],"campfire_rested":5,"item_purchase_floors":[22,22,22,22],"current_hp_per_floor":[70,70,70,63,29,28,28,23,44,44,65,62,62,62,61,51,70,70,51,46,46,46,46,46,11,32,15,8,29,29,23,14,0,0,0],"gold":456,"neow_bonus":"TWO_FIFTY_GOLD","is_daily":false,"chose_seed":false,"campfire_upgraded":2,"win_rate":0.0,"timestamp":1610622987,"path_taken":["R","M","M","?","?","?","T","M","R","?","R","M","?","M","M","BOSS","R","M","M","?","$","R","T","E","R","M","M","R","?","?","M","BOSS"],"items_purchased_type":["Relic","Relic","Card","Card"],"build_version":"2020-12-22","purchased_purges":0,"victory":false,"max_hp_per_floor":[70,70,70,70,70,70,70,70,70,70,70,70,70,70,70,70,70,70,70,70,70,70,70,70,70,70,70,70,70,70,70,75,75,75,75],"card_choices":[{"not_picked":["hexamod:GhostShield","hexamod:ThermalTransfer"],"picked":"hexamod:BurningTouch","floor":2},{"not_picked":["hexamod:Hexaguard","hexamod:GhostShield","hexamod:NightmareStrike"],"picked":"SKIP","floor":3},{"not_picked":["hexamod:ThermalTransfer","hexamod:BurningTouch"],"picked":"hexamod:SixthSeal","floor":5},{"not_picked":["hexamod:HauntingEcho","hexamod:SecondSeal"],"picked":"hexamod:EmpoweredFlame","floor":6},{"not_picked":["hexamod:SkipABeat","hexamod:NightmareGuise"],"picked":"hexamod:FastForward","floor":8},{"not_picked":["hexamod:NightmareGuise","hexamod:SpectralAdrenaline"],"picked":"hexamod:HauntingEcho","floor":12},{"not_picked":["hexamod:GhostOfSpireFuture","hexamod:RainOfEmbers"],"picked":"hexamod:VolcanoVisage","floor":14},{"not_picked":["hexamod:BurningTouch","hexamod:SpectersWail"],"picked":"hexamod:InspiringFlames","floor":15},{"not_picked":["hexamod:FourthSeal","hexamod:SecondSeal"],"picked":"hexamod:HeatCrush","floor":19},{"not_picked":["hexamod:SwordOfDarkness","hexamod:Hexaguard"],"picked":"hexamod:ShieldOfDarkness+1","floor":20},{"not_picked":["hexamod:BacktrackSmack","hexamod:Hexaguard","hexamod:ThirdSeal"],"picked":"SKIP","floor":22},{"not_picked":["hexamod:ThirdSeal","hexamod:Rewind"],"picked":"hexamod:AdvancingGuard+1","floor":25},{"not_picked":["hexamod:Rewind","hexamod:InspiringFlames"],"picked":"hexamod:GhostLash+1","floor":27},{"not_picked":["hexamod:ThermalTransfer+1","hexamod:ChargedBarrage"],"picked":"hexamod:SuperheatedStrike+1","floor":28},{"not_picked":["hexamod:RetreatToShadows","hexamod:NecessarySacrifice"],"picked":"hexamod:SpectralSpark+1","floor":31},{"not_picked":["hexamod:StepThrough+1","hexamod:SpectersWail+1"],"picked":"hexamod:RadiantFlame","floor":32}],"player_experience":231536,"relics_obtained":[{"floor":5,"key":"Potion Belt"},{"floor":7,"key":"hexamod:InflammatoryLetter"},{"floor":17,"key":"MawBank"},{"floor":17,"key":"StrikeDummy"},{"floor":17,"key":"Dead Branch"},{"floor":24,"key":"Molten Egg 2"},{"floor":25,"key":"Boot"}],"event_choices":[{"damage_healed":0,"gold_gain":0,"player_choice":"Success","damage_taken":7,"relics_obtained":["Incense Burner"],"max_hp_gain":0,"max_hp_loss":0,"event_name":"Scrap Ooze","floor":4,"gold_loss":0},{"damage_healed":0,"gold_gain":0,"player_choice":"Grow","damage_taken":0,"max_hp_gain":0,"max_hp_loss":0,"event_name":"Living Wall","floor":13,"gold_loss":0,"cards_upgraded":["hexamod:FastForward"]}],"is_beta":false,"boss_relics":[{"not_picked":["Velvet Choker","Coffee Dripper"],"picked":"Calling Bell"}],"items_purged_floors":[],"is_endless":false,"potions_floor_spawned":[3,6,12,15,19,28,31,32],"killed_by":"downfall:Silent","ascension_level":0}}