{"host":"l60rmjjsfi0fipmi","time":1610585176,"event":{"mods":["BaseMod","Colored Map","DeckTracker","Hermit","Highlight Path","Jorbs\u0027s Wanderer Trilogy","Minty Spire (QoL Compilation)","StSLib","The Cursed"],"gold_per_floor":[116,116,135,60,60,94,94,45,45,45,78,78,103,123,123,244,244,269,284,284,284,302,302,335,355,355,407,407,407,407,8,8,8,8],"floor_reached":33,"language":"ENG","playtime":1393,"items_purged":["Strike_R"],"score":309,"play_id":"299541ea-ed76-49aa-93cc-168d19f98841","local_time":"20210113194616","is_ascension_mode":true,"campfire_choices":[{"data":"True Grit","floor":7,"key":"SMITH"},{"floor":10,"key":"REST"},{"floor":12,"key":"REST"},{"data":"Cleave","floor":15,"key":"SMITH"},{"data":"Juggernaut","floor":23,"key":"SMITH"},{"floor":28,"key":"REST"},{"floor":30,"key":"REST"},{"data":"Uppercut","floor":32,"key":"SMITH"}],"circlet_count":0,"master_deck":["Strike_R","Strike_R","Strike_R","Strike_R","Defend_R","Defend_R","Defend_R","Defend_R","Bash+1","Cleave+1","Wild Strike","Thunderclap","True Grit+1","Warcry","Juggernaut+1","Shrug It Off","Offering","Blood for Blood+1","Rampage+1","Uppercut+1","Fire Breathing","Disarm"],"relics":["Burning Blood","Boot","Golden Idol","Bag of Preparation","Pen Nib","Tiny Chest","Vajra","SlaversCollar","Self Forming Clay","Art of War","InkBottle","Lantern","HornCleat"],"acts_visited":["Exordium","TheCity"],"potions_floor_usage":[16,24,24],"damage_taken":[{"damage":7,"enemies":"2 Louse","floor":1,"turns":4},{"damage":12,"enemies":"Jaw Worm","floor":3,"turns":3},{"damage":53,"enemies":"Lagavulin","floor":6,"turns":7},{"damage":26,"enemies":"Gremlin Nob","floor":11,"turns":4},{"damage":0,"enemies":"Cultist","floor":14,"turns":1},{"damage":34,"enemies":"Slime Boss","floor":16,"turns":10},{"damage":28,"enemies":"Chosen","floor":18,"turns":6},{"damage":11,"enemies":"3 Byrds","floor":19,"turns":4},{"damage":25,"enemies":"Cultist and Chosen","floor":22,"turns":5},{"damage":35,"enemies":"Slavers","floor":24,"turns":3},{"damage":19,"enemies":"Sentry and Sphere","floor":25,"turns":4},{"damage":67,"enemies":"Champ","floor":33,"turns":11}],"seed_played":"-1471910456064407221","potions_obtained":[{"floor":3,"key":"SkillPotion"},{"floor":11,"key":"PowerPotion"},{"floor":14,"key":"Weak Potion"},{"floor":19,"key":"Ancient Potion"}],"is_trial":false,"path_per_floor":["M","?","M","$","?","E","R","?","T","R","E","R","T","M","R","B",null,"M","M","?","T","M","R","E","M","T","T","R","?","R","$","R","B"],"character_chosen":"IRONCLAD","items_purchased":["Thunderclap","True Grit","Disarm","HornCleat"],"campfire_rested":4,"item_purchase_floors":[4,4,31,31],"current_hp_per_floor":[79,79,73,73,73,26,26,26,26,48,28,50,50,56,56,28,74,52,47,71,71,52,52,23,10,10,10,32,32,54,54,54,0,0],"gold":8,"neow_bonus":"RANDOM_COMMON_RELIC","is_daily":false,"chose_seed":false,"campfire_upgraded":4,"win_rate":0.0,"timestamp":1610585176,"path_taken":["M","?","M","$","?","E","R","?","T","R","E","R","?","M","R","BOSS","M","M","?","?","M","R","E","M","T","?","R","?","R","$","R","BOSS"],"items_purchased_type":["Card","Card","Card","Relic"],"build_version":"2020-12-22","purchased_purges":1,"victory":false,"max_hp_per_floor":[80,80,80,80,74,74,74,74,74,74,74,74,74,74,74,74,74,74,74,74,74,74,74,74,74,74,74,74,74,74,74,74,74,74],"card_choices":[{"not_picked":["Clash","Twin Strike"],"picked":"Cleave","floor":1},{"not_picked":["Shrug It Off","Metallicize"],"picked":"Wild Strike","floor":3},{"not_picked":["True Grit","Sword Boomerang"],"picked":"Warcry","floor":6},{"not_picked":["Pommel Strike","Sever Soul"],"picked":"Juggernaut","floor":11},{"not_picked":["Dark Embrace","Perfected Strike"],"picked":"Shrug It Off","floor":14},{"not_picked":["Feed","Fiend Fire"],"picked":"Offering","floor":16},{"not_picked":["Burning Pact","Twin Strike"],"picked":"Blood for Blood+1","floor":18},{"not_picked":["Iron Wave","Thunderclap"],"picked":"Rampage+1","floor":19},{"not_picked":["Wild Strike","Perfected Strike"],"picked":"Uppercut","floor":22},{"not_picked":["Rampage+1","Dark Embrace"],"picked":"Fire Breathing","floor":24},{"not_picked":["Reckless Charge","Twin Strike","Brutality"],"picked":"SKIP","floor":25}],"player_experience":385329,"relics_obtained":[{"floor":6,"key":"Bag of Preparation"},{"floor":9,"key":"Pen Nib"},{"floor":11,"key":"Tiny Chest"},{"floor":13,"key":"Vajra"},{"floor":21,"key":"Self Forming Clay"},{"floor":24,"key":"Art of War"},{"floor":26,"key":"InkBottle"},{"floor":27,"key":"Lantern"}],"event_choices":[{"damage_healed":0,"gold_gain":0,"player_choice":"Grow","damage_taken":0,"max_hp_gain":0,"max_hp_loss":0,"event_name":"Living Wall","floor":2,"gold_loss":0,"cards_upgraded":["Bash"]},{"damage_healed":0,"gold_gain":0,"player_choice":"Lose Max HP","damage_taken":0,"relics_obtained":["Golden Idol"],"max_hp_gain":0,"max_hp_loss":6,"event_name":"Golden Idol","floor":5,"gold_loss":0},{"damage_healed":0,"gold_gain":0,"player_choice":"Left Gold","damage_taken":0,"max_hp_gain":0,"max_hp_loss":0,"event_name":"World of Goop","floor":8,"gold_loss":49},{"damage_healed":24,"gold_gain":0,"player_choice":"Heal","damage_taken":0,"max_hp_gain":0,"max_hp_loss":0,"event_name":"The Library","floor":20,"gold_loss":0},{"damage_healed":0,"gold_gain":0,"player_choice":"Ignored","damage_taken":0,"max_hp_gain":0,"max_hp_loss":0,"event_name":"The Mausoleum","floor":29,"gold_loss":0}],"is_beta":false,"boss_relics":[{"not_picked":["Black Star","Ectoplasm"],"picked":"SlaversCollar"}],"items_purged_floors":[31],"is_endless":false,"potions_floor_spawned":[3,11,14,19],"killed_by":"Champ","ascension_level":3}}