{"host":"zm2copjc1o2b6hjv","time":1610652062,"event":{"mods":["AchievementEnabler","BaseMod","BetterRewards","Conspire","Downfall","Friendly Minions","Infinite Spire","Minty Spire (QoL Compilation)","Replay The Spire","StSLib"],"gold_per_floor":[117,136,157,171,346,346,346,346,369,387,403,446,112,131,131,131,131,131],"floor_reached":16,"language":"ENG","playtime":1194,"items_purged":[],"score":109,"play_id":"c0b81193-c49b-4aa0-830b-dfb3bf34160c","local_time":"20210114142102","is_ascension_mode":true,"campfire_choices":[{"floor":6,"key":"REST"},{"data":"hexamod:Again","floor":8,"key":"SMITH"},{"floor":15,"key":"REST"}],"circlet_count":0,"master_deck":["hexamod:Strike","hexamod:Strike","hexamod:Strike","hexamod:Strike","hexamod:Defend","hexamod:Defend","hexamod:Defend","hexamod:Defend","hexamod:Sear","hexamod:Float","expansioncontent:Collect","hexamod:SecondSeal","hexamod:PhantomFireball","hexamod:InspiringFlames+1","hexamod:SpectersWail","hexamod:Again+1","hexamod:Again","hexamod:CatchUp","Doubt","hexamod:ThirdSeal","hexamod:ExtraCrispy","hexamod:GhostflameBarrier","expansioncontent:ChargeUp+1","hexamod:GhostOfSpirePresent"],"relics":["hexamod:SpiritBrand","OrangePellets","Chemical X","ReplayTheSpireMod:Lightbulb","PreservedInsect","Akabeko","Golden Egg"],"acts_visited":["Exordium"],"potions_floor_usage":[12,16],"damage_taken":[{"damage":1,"enemies":"Jaw Worm","floor":1,"turns":4},{"damage":3,"enemies":"Cultist","floor":2,"turns":5},{"damage":0,"enemies":"2 Louse","floor":3,"turns":4},{"damage":0,"enemies":"Exordium Wildlife","floor":4,"turns":6},{"damage":0,"enemies":"3 Louse","floor":10,"turns":4},{"damage":9,"enemies":"Exordium Thugs","floor":11,"turns":6},{"damage":14,"enemies":"Gremlin Nob","floor":12,"turns":4},{"damage":18,"enemies":"2 Fungi Beasts","floor":14,"turns":4},{"damage":41,"enemies":"Hexaghost","floor":16,"turns":10}],"seed_played":"1801290334405973250","potions_obtained":[{"floor":1,"key":"Elixir"},{"floor":3,"key":"Energy Potion"},{"floor":14,"key":"DuplicationPotion"}],"is_trial":false,"path_per_floor":["M","M","M","M","?","R","?","R","T","M","M","E","$","M","R","B"],"character_chosen":"THE_SPIRIT","items_purchased":["OrangePellets","Chemical X","ReplayTheSpireMod:Lightbulb","expansioncontent:Collect","hexamod:SecondSeal","hexamod:PhantomFireball","hexamod:InspiringFlames+1","hexamod:SpectersWail","Golden Egg","expansioncontent:ChargeUp"],"campfire_rested":2,"item_purchase_floors":[0,0,0,0,0,0,0,0,13,13],"current_hp_per_floor":[37,34,34,34,34,55,70,70,70,70,61,47,47,29,50,9,9,9],"gold":131,"neow_bonus":"","is_daily":false,"chose_seed":false,"campfire_upgraded":1,"win_rate":0.0,"timestamp":1610652062,"path_taken":["M","M","M","M","?","R","?","R","T","M","M","E","$","M","R","BOSS"],"items_purchased_type":["Relic","Relic","Relic","Card","Card","Card","Card","Card","Relic","Card"],"build_version":"2020-12-22","purchased_purges":0,"victory":false,"max_hp_per_floor":[70,70,70,70,70,70,70,70,70,70,70,70,70,70,70,70,70,70],"card_choices":[{"not_picked":["hexamod:SpectersWail","hexamod:ThermalTransfer"],"picked":"hexamod:Again","floor":1},{"not_picked":["hexamod:NightmareGuise","hexamod:GhostShield","hexamod:SpectersWail"],"picked":"SKIP","floor":2},{"not_picked":["hexamod:DynamicBlow","hexamod:AdvancingGuard"],"picked":"hexamod:Again","floor":3},{"not_picked":["hexamod:InspiringFlames","hexamod:GhostLash"],"picked":"hexamod:CatchUp","floor":4},{"not_picked":["hexamod:InspiringFlames","hexamod:FourthSeal"],"picked":"hexamod:ThirdSeal","floor":10},{"not_picked":["hexamod:CatchUp","hexamod:BurningTouch"],"picked":"hexamod:ExtraCrispy","floor":11},{"not_picked":["hexamod:BacktrackSmack","hexamod:SwordOfDarkness"],"picked":"hexamod:GhostflameBarrier","floor":11},{"not_picked":["hexamod:NightmareStrike","hexamod:Hexaguard","hexamod:SpectersWail"],"picked":"SKIP","floor":12},{"not_picked":["hexamod:EtherealExpedition","hexamod:InspiringFlames"],"picked":"hexamod:GhostOfSpirePresent","floor":14},{"not_picked":["hexamod:FourthSeal","hexamod:AdvancingGuard","hexamod:SwordOfDarkness"],"picked":"SKIP","floor":14}],"player_experience":248520,"relics_obtained":[{"floor":9,"key":"PreservedInsect"},{"floor":12,"key":"Akabeko"}],"event_choices":[{"damage_healed":0,"gold_gain":175,"player_choice":"AGREE","damage_taken":0,"max_hp_gain":0,"max_hp_loss":0,"event_name":"Liars Game","floor":5,"gold_loss":0,"cards_obtained":["Doubt"]},{"damage_healed":23,"gold_gain":0,"player_choice":"Banana","damage_taken":0,"max_hp_gain":0,"max_hp_loss":0,"event_name":"Big Fish","floor":7,"gold_loss":0}],"is_beta":false,"boss_relics":[],"items_purged_floors":[],"is_endless":false,"potions_floor_spawned":[1,3,14],"killed_by":"Hexaghost","ascension_level":1}}