{"host":"bpkhhmvsfrvlto2l","time":1610648353,"event":{"mods":["2.2 Compatiblity","AchievementEnabler","Act Like it!","AlwaysNeverKeys","Aspiration","BaseMod","Better Silent Start","Challenge The Spire","Colored Map","Colored Powertips","Custom Start","Downfall","Energized Spire","Friendly Minions","GifTheSpireLib","Halation","Hubris","Infinite Spire","Ironclad Rager","Mimic Mod","Minty Spire (QoL Compilation)","Permanent Neow","Quick Restart","Random Character Button","Relic Sorter","Replay The Spire","Spikes Relics","StSLib","Stuff the Spire","Swap Starting Deck Mod","Trackpad"],"gold_per_floor":[119,119,119,119,136,165,185,185,185,200,210,226,71,106,106,205,205,221,136,136,152,152,152,166,194,242,242,242,242,270,289,289,390,390,410,410,428,428,428,457,457,492,528,542,562,577,8,26,26,26],"floor_reached":51,"language":"ENG","playtime":1219,"items_purged":[],"score":1247,"play_id":"3e5aa32d-da01-4dca-b9d2-7fd2849494fe","local_time":"20210114131913","is_ascension_mode":true,"campfire_choices":[{"data":"ReachHeaven","floor":8,"key":"SMITH"},{"data":"StuffTheSpire:Vigor","floor":23,"key":"SMITH"},{"data":"MasterReality","floor":27,"key":"SMITH"},{"data":"Scrawl","floor":29,"key":"SMITH"},{"data":"Pray","floor":32,"key":"SMITH"},{"floor":41,"key":"REST"},{"floor":49,"key":"REST"}],"circlet_count":0,"master_deck":["ReachHeaven","ReachHeaven","ReachHeaven","ReachHeaven","Prostrate","Prostrate","Prostrate","Prostrate+1","Prostrate","Pray+1","ReachHeaven+1","Brilliance","Intolerance","StuffTheSpire:Vigor+1","Scrawl+1","MasterReality+1"],"relics":["PureWater","swapstartingdeckmod:DeadBlossom","trackpad:BottledTsunami","hubris:CrystalStatue","StuffTheSpire:Saxophone","BrokenLever","aspiration:ChemicalBlood","ReplayTheSpireMod:TigerMarble","halation:KoshaPiece","RollingBoulder","StuffTheSpire:RunicConfusion","hubris:Towel","Happy Flower","Calipers","hubris:CuriousFeather","CrustySpines","Quantum Egg"],"acts_visited":["Exordium","TheCity","TheBeyond"],"potions_floor_usage":[11,12,14,25,33,40,45,45,45,48],"damage_taken":[{"damage":0,"enemies":"Cultist","floor":1,"turns":2},{"damage":0,"enemies":"2 Louse","floor":5,"turns":2},{"damage":0,"enemies":"Gremlin Nob","floor":6,"turns":2},{"damage":2,"enemies":"Small Slimes","floor":7,"turns":2},{"damage":1,"enemies":"Blue Slaver","floor":10,"turns":2},{"damage":4,"enemies":"2 Fungi Beasts","floor":11,"turns":3},{"damage":18,"enemies":"Lots of Slimes","floor":12,"turns":3},{"damage":0,"enemies":"3 Sentries","floor":14,"turns":3},{"damage":24,"enemies":"Hexaghost","floor":16,"turns":5},{"damage":0,"enemies":"Spheric Guardian","floor":18,"turns":2},{"damage":4,"enemies":"3 Byrds","floor":21,"turns":3},{"damage":0,"enemies":"3 Cultists","floor":24,"turns":4},{"damage":0,"enemies":"Gremlin Leader","floor":25,"turns":3},{"damage":6,"enemies":"Book of Stabbing","floor":30,"turns":2},{"damage":0,"enemies":"Snake Plant","floor":31,"turns":2},{"damage":0,"enemies":"hubris:MusketHawk","floor":33,"turns":4},{"damage":5,"enemies":"Orb Walker","floor":35,"turns":2},{"damage":0,"enemies":"3 Darklings","floor":37,"turns":2},{"damage":18,"enemies":"Giant Head","floor":40,"turns":6},{"damage":0,"enemies":"R_Hoarder","floor":42,"turns":4},{"damage":0,"enemies":"Spire Growth","floor":43,"turns":3},{"damage":0,"enemies":"Spire Growth","floor":44,"turns":2},{"damage":19,"enemies":"Transient","floor":45,"turns":5},{"damage":0,"enemies":"Jaw Worm Horde","floor":46,"turns":2},{"damage":0,"enemies":"Writhing Mass","floor":48,"turns":1},{"damage":5,"enemies":"Awakened One","floor":50,"turns":6}],"seed_played":"2039509042517339119","potions_obtained":[{"floor":1,"key":"Regen Potion"},{"floor":7,"key":"ColorlessPotion"},{"floor":10,"key":"Ancient Potion"},{"floor":11,"key":"Ancient Potion"},{"floor":12,"key":"EssenceOfSteel"},{"floor":24,"key":"Elixir"},{"floor":25,"key":"hexamod:EctoCoolerPotion"},{"floor":33,"key":"Fire Potion"},{"floor":40,"key":"BottledMiracle"},{"floor":42,"key":"PowerPotion"},{"floor":46,"key":"ColorlessPotion"}],"is_trial":false,"path_per_floor":["M","?","$","?","M","E","M","R","T","M","M","M","$","E","R_BF","B",null,"M","?","$","M","?","R","M","E","T","R","?","R","E","M","R","B",null,"M","?","M","?","?","E","R","E","MIM","M","M","M","$","M","R","B",null],"character_chosen":"WATCHER","items_purchased":["StuffTheSpire:Saxophone","CrustySpines","Quantum Egg"],"campfire_rested":2,"item_purchase_floors":[13,47,47],"current_hp_per_floor":[65,65,65,72,72,72,70,70,70,69,65,50,50,50,61,37,50,50,50,50,46,46,46,46,46,46,46,50,50,44,44,44,44,55,50,50,50,32,32,14,25,25,25,25,6,6,6,6,17,12],"gold":26,"neow_bonus":"","is_daily":false,"chose_seed":false,"campfire_upgraded":5,"win_rate":0.0,"timestamp":1610648353,"path_taken":["M","?","$","?","M","E","M","R","T","M","M","M","$","E","R_BF","BOSS","M","?","$","M","?","R","?","E","T","R","?","R","E","M","R","BOSS","M","?","M","?","?","E","R","E","MIM","M","?","M","$","M","R","BOSS"],"items_purchased_type":["Relic","Relic","Relic"],"build_version":"2020-12-22","purchased_purges":0,"victory":true,"max_hp_per_floor":[72,72,72,72,72,72,72,72,72,72,72,72,72,72,72,72,72,72,72,72,72,72,72,72,72,72,72,72,72,72,72,72,72,72,72,72,72,72,72,72,72,72,72,72,72,72,72,72,72,72],"card_choices":[{"not_picked":["Replay:BluntJabs","Evaluate","SignatureMove"],"picked":"SKIP","floor":1},{"not_picked":["BowlingBash","LikeWater"],"picked":"ReachHeaven","floor":5},{"not_picked":["FlurryOfBlows","JustLucky","ThirdEye"],"picked":"SKIP","floor":6},{"not_picked":["SashWhip","Protect","FlurryOfBlows"],"picked":"SKIP","floor":7},{"not_picked":["ClearTheMind","ReachHeaven","SashWhip"],"picked":"SKIP","floor":10},{"not_picked":["EmptyMind","ReachHeaven","PathToVictory"],"picked":"SKIP","floor":11},{"not_picked":["InnerPeace","FollowUp","JustLucky"],"picked":"SKIP","floor":12},{"not_picked":["DeusExMachina","FlyingSleeves","FearNoEvil"],"picked":"SKIP","floor":14},{"not_picked":["Replay:LoomingThreat","Blasphemy"],"picked":"Brilliance","floor":16},{"not_picked":["MentalFortress+1","TalkToTheHand","BowlingBash"],"picked":"SKIP","floor":18},{"not_picked":["EmptyFist","FlurryOfBlows+1","Protect"],"picked":"SKIP","floor":21},{"not_picked":["DeceiveReality","Replay:BluntJabs"],"picked":"Scrawl","floor":24},{"not_picked":["Replay:ManipulateFuture","TalkToTheHand+1"],"picked":"MasterReality","floor":25}],"player_experience":76370,"relics_obtained":[{"floor":6,"key":"trackpad:BottledTsunami"},{"floor":9,"key":"hubris:CrystalStatue"},{"floor":25,"key":"ReplayTheSpireMod:TigerMarble"},{"floor":26,"key":"halation:KoshaPiece"},{"floor":30,"key":"RollingBoulder"},{"floor":40,"key":"Happy Flower"},{"floor":43,"key":"Calipers"},{"floor":43,"key":"hubris:CuriousFeather"}],"event_choices":[{"damage_healed":0,"gold_gain":0,"player_choice":"Obtained Relic","damage_taken":0,"relics_obtained":["BrokenLever"],"max_hp_gain":0,"max_hp_loss":0,"event_name":"Addict","floor":19,"gold_loss":85}],"is_beta":false,"boss_relics":[{"not_picked":["hubris:RunicObelisk","halation:Yufonium","energizedSpire:BlackCloud"]},{"not_picked":["hubris:Stopwatch","trackpad:Coffee"],"picked":"StuffTheSpire:RunicConfusion"}],"items_purged_floors":[],"is_endless":false,"potions_floor_spawned":[1,7,10,11,12,24,25,33,40,42,44,46],"ascension_level":6}}