{"host":"kh6fvhxn285ncg0o","time":1610604878,"event":{"mods":["Act Like it!","BaseMod","Colored Map","Friendly Minions","Keyboard Shortcuts","Minty Spire (QoL Compilation)","Quick Restart","Relic Stats","StSLib","SuperFastMode"],"gold_per_floor":[119,130,146,160,160,187,187,221,301,301,317,317,334,367,367,367,367],"floor_reached":16,"language":"KOR","playtime":635,"items_purged":[],"score":294,"play_id":"aad1e598-9115-4193-a5be-33f5faf50dfa","local_time":"20210114151438","is_ascension_mode":true,"campfire_choices":[{"data":"Combust","floor":7,"key":"SMITH"},{"data":"Uppercut","floor":15,"key":"SMITH"}],"circlet_count":0,"master_deck":["AscendersBane","Strike_R","Strike_R+1","Strike_R","Defend_R","Defend_R","Defend_R","Defend_R","Bash","Clash","Dropkick+1","Combust+1","Battle Trance","Feel No Pain","Uppercut+1"],"relics":["Burning Blood","Nunchaku","Champion Belt","Eternal Feather","Potion Belt"],"acts_visited":["Exordium"],"potions_floor_usage":[6,8,14,14],"damage_taken":[{"damage":6,"enemies":"Cultist","floor":1,"turns":3},{"damage":1,"enemies":"Small Slimes","floor":2,"turns":3},{"damage":2,"enemies":"2 Louse","floor":3,"turns":3},{"damage":4,"enemies":"Looter","floor":4,"turns":3},{"damage":18,"enemies":"Lagavulin","floor":6,"turns":4},{"damage":25,"enemies":"3 Sentries","floor":8,"turns":6},{"damage":18,"enemies":"Exordium Thugs","floor":11,"turns":4},{"damage":14,"enemies":"Exordium Wildlife","floor":13,"turns":3},{"damage":0,"enemies":"Gremlin Nob","floor":14,"turns":3},{"damage":29,"enemies":"Slime Boss","floor":16,"turns":5}],"seed_played":"7092615547871880409","potions_obtained":[{"floor":2,"key":"LiquidMemories"},{"floor":4,"key":"DuplicationPotion"},{"floor":11,"key":"AttackPotion"},{"floor":13,"key":"ElixirPotion"},{"floor":14,"key":"Block Potion"}],"is_trial":false,"path_per_floor":["M","M","M","M","?","E","R","E","T","?","M","?","M","E","R","B"],"character_chosen":"IRONCLAD","items_purchased":[],"campfire_rested":0,"item_purchase_floors":[],"current_hp_per_floor":[68,68,68,68,48,36,36,17,17,39,27,22,14,20,29,0,0],"gold":367,"neow_bonus":"TRANSFORM_TWO_CARDS","is_daily":false,"chose_seed":false,"campfire_upgraded":2,"win_rate":0.0,"timestamp":1610604878,"path_taken":["M","M","?","M","?","E","R","E","T","?","M","?","M","E","R","BOSS"],"items_purchased_type":[],"build_version":"2020-12-22","purchased_purges":0,"victory":false,"max_hp_per_floor":[68,68,68,68,68,68,68,68,68,68,68,68,68,68,68,68,68],"relic_stats":{"Nunchaku":[3],"counters":[10,37],"Eternal Feather":9,"Champion Belt":[8],"obtain_stats":[{"Potion Belt":14,"Nunchaku":6,"Eternal Feather":9,"Champion Belt":8,"Burning Blood":0},{"Potion Belt":9,"Nunchaku":5,"Eternal Feather":6,"Champion Belt":6,"Burning Blood":0},{"Potion Belt":32,"Nunchaku":16,"Eternal Feather":22,"Champion Belt":22,"Burning Blood":0}],"Burning Blood":43},"card_choices":[{"not_picked":["Thunderclap","Flex"],"picked":"Combust","floor":2},{"not_picked":["Flex","Power Through","Clothesline"],"picked":"SKIP","floor":4},{"not_picked":["Armaments","Anger","Demon Form"],"picked":"SKIP","floor":6},{"not_picked":["Whirlwind","Heavy Blade"],"picked":"Battle Trance","floor":8},{"not_picked":["Burning Pact","Thunderclap"],"picked":"Feel No Pain","floor":11},{"not_picked":["Searing Blow","Havoc"],"picked":"Uppercut","floor":14}],"player_experience":3440074,"relics_obtained":[{"floor":6,"key":"Nunchaku"},{"floor":8,"key":"Champion Belt"},{"floor":9,"key":"Eternal Feather"},{"floor":14,"key":"Potion Belt"}],"event_choices":[{"damage_healed":0,"gold_gain":0,"player_choice":"Entered Light","damage_taken":20,"max_hp_gain":0,"max_hp_loss":0,"event_name":"Shining Light","floor":5,"gold_loss":0,"cards_upgraded":["Strike_R","Dropkick"]},{"damage_healed":22,"gold_gain":0,"player_choice":"Banana","damage_taken":0,"max_hp_gain":0,"max_hp_loss":0,"event_name":"Big Fish","floor":10,"gold_loss":0},{"damage_healed":0,"gold_gain":0,"player_choice":"Fled","damage_taken":5,"max_hp_gain":0,"max_hp_loss":0,"event_name":"Scrap Ooze","floor":12,"gold_loss":0}],"is_beta":false,"boss_relics":[],"items_purged_floors":[],"is_endless":false,"potions_floor_spawned":[2,4,11,13,14],"killed_by":"Slime Boss","ascension_level":20}}