{"host":"6hzrz31j95f2y1pa","time":1610599112,"event":{"mods":["BaseMod","Colored Map","Downfall","Minty Spire (QoL Compilation)","StSLib"],"gold_per_floor":[99,109,124,142,160,186,186,286,58,58,72,100,120,120,137,235,235,235,235,235,235,235,235,235,235,235,235,235,235,185,185,185,185,185,185,185,185,185,41,41,41,41,41,41,41,41,41,41,41,41,41,41,41,41,41],"floor_reached":56,"language":"ENG","playtime":2651,"items_purged":["champ:Strike"],"score":1995,"play_id":"1c7e1236-e4f6-4fb2-9b70-6d4173a72207","local_time":"20210113233832","is_ascension_mode":true,"campfire_choices":[{"data":"champ:Execute","floor":1.0,"key":"SMITH"},{"data":"Apotheosis","floor":10.0,"key":"SMITH"},{"floor":18,"key":"RECALL"},{"floor":25,"key":"REST"},{"data":"champ:Improvising","floor":35,"key":"SMITH"},{"data":"champ:Lariat","floor":42,"key":"SMITH"},{"data":"champ:CalledShot","floor":47,"key":"SMITH"},{"floor":54,"key":"REST"}],"circlet_count":0,"master_deck":["AscendersBane","champ:Strike","champ:Strike","champ:Defend","champ:Defend","champ:Defend","champ:Execute+1","champ:Taunt+1","champ:FaceSlap","champ:FanOfKnives","champ:GladiatorStyle+1","champ:Shatter","champ:SwordThrow","champ:GladiatorsShout","Apotheosis+1","champ:CalledShot+1","champ:Haymaker","champ:PerfectForm","champ:VampiricStrike","champ:Aggression+1","champ:Lariat+1","champ:StanceDance+1","J.A.X.","champ:CrownThrow","champ:Improvising+1","expansioncontent:GuardianWhirl","expansioncontent:Hexaburn","champ:BringItOn+1","champ:Backstep","champ:CheapShot"],"relics":["champ:ChampionCrownUpgraded","Letter Opener","HornCleat","Champion Belt","Bag of Preparation","downfall:Hecktoplasm","champ:SignatureFinisher","Shuriken","downfall:HeartBlessingRed","downfall:HeartBlessingGreen","MutagenicStrength","Mummified Hand","Orichalcum","downfall:HeartBlessingBlue","Frozen Egg 2","Smiling Mask","Ornamental Fan"],"acts_visited":["TheCity","TheBeyond","TheEnding"],"potions_floor_usage":[15,20,23],"damage_taken":[{"damage":19.0,"enemies":"Jaw Worm","floor":2.0,"turns":4.0},{"damage":3.0,"enemies":"2 Louse","floor":3.0,"turns":2.0},{"damage":7.0,"enemies":"Small Slimes","floor":4.0,"turns":3.0},{"damage":12.0,"enemies":"Blue Slaver","floor":5.0,"turns":4.0},{"damage":16.0,"enemies":"Gremlin Nob","floor":6.0,"turns":3.0},{"damage":7.0,"enemies":"Gremlin Nob","floor":8.0,"turns":3.0},{"damage":5.0,"enemies":"downfall:FleeingMerchant","floor":9.0,"turns":4.0},{"damage":7.0,"enemies":"Exordium Thugs","floor":11.0,"turns":3.0},{"damage":16.0,"enemies":"3 Sentries","floor":12.0,"turns":5.0},{"damage":6.0,"enemies":"3 Louse","floor":13.0,"turns":3.0},{"damage":0,"enemies":"Lots of Slimes","floor":15,"turns":1},{"damage":36,"enemies":"downfall:Watcher","floor":16,"turns":12},{"damage":6,"enemies":"Spheric Guardian","floor":19,"turns":4},{"damage":13,"enemies":"Chosen and Byrds","floor":20,"turns":4},{"damage":34,"enemies":"Shelled Parasite and Fungi","floor":21,"turns":4},{"damage":32,"enemies":"Cultist and Chosen","floor":22,"turns":7},{"damage":4,"enemies":"Gremlin Leader","floor":23,"turns":5},{"damage":16,"enemies":"Centurion and Healer","floor":26,"turns":6},{"damage":25,"enemies":"downfall:Augmenter","floor":27,"turns":5},{"damage":38,"enemies":"Slavers","floor":28,"turns":3},{"damage":15,"enemies":"Gremlin Leader","floor":31,"turns":3},{"damage":11,"enemies":"Shelled Parasite and Fungi","floor":32,"turns":3},{"damage":32,"enemies":"downfall:Ironclad","floor":33,"turns":6},{"damage":10,"enemies":"3 Darklings","floor":36,"turns":3},{"damage":6,"enemies":"3 Shapes","floor":37,"turns":2},{"damage":12,"enemies":"downfall:FleeingMerchant","floor":39,"turns":4},{"damage":25,"enemies":"Maw","floor":40,"turns":5},{"damage":17,"enemies":"Nemesis","floor":43,"turns":3},{"damage":23,"enemies":"Giant Head","floor":46,"turns":4},{"damage":18,"enemies":"downfall:FleeingMerchant","floor":48,"turns":3},{"damage":6,"enemies":"Spire Growth","floor":49,"turns":4},{"damage":31,"enemies":"downfall:Defect","floor":50,"turns":5},{"damage":86,"enemies":"downfall:CharBossMerchant","floor":52,"turns":6},{"damage":49,"enemies":"downfall:NeowBoss","floor":55,"turns":20}],"seed_played":"9152358893012498701","potions_obtained":[{"floor":3.0,"key":"Strength Potion"},{"floor":5.0,"key":"FairyPotion"},{"floor":15,"key":"SmokeBomb"},{"floor":16,"key":"champ:TechniquePotion"},{"floor":22,"key":"Guardian:BlockOnCardUsePotion"},{"floor":23,"key":"champ:CounterPotion"},{"floor":26,"key":"SteroidPotion"}],"is_trial":false,"path_per_floor":["R","M","M","M","M","E","T","?","$","R","M","E","M","?","M","B",null,"R","M","M","M","M","E","T","R","M","?","E","?","?","E","M","B",null,"R","M","M","?","$","M","T","R","E","T","?","E","R","$","M","B",null,"E","$","R","B",null],"character_chosen":"THE_CHAMP","items_purchased":["Apotheosis","champ:CalledShot","champ:Backstep"],"campfire_rested":2,"item_purchase_floors":[9,9,39],"current_hp_per_floor":[81,72,69,67,55,39,39,37,37,37,30,14,8,8,8,4,69,69,63,60,54,33,45,45,72,80,63,52,52,85,81,90,64,84,84,90,87,82,76,76,76,86,77,77,77,71,71,71,89,67,92,23,23,53,45],"gold":41,"neow_bonus":"UPGRADE_CARD","is_daily":false,"chose_seed":false,"campfire_upgraded":5,"win_rate":0.0,"timestamp":1610599112,"path_taken":["R","M","M","M","M","E","T","?","$","R","M","E","M","?","M","BOSS","R","M","M","M","M","E","T","R","M","?","E","?","?","E","M","BOSS","R","M","M","?","$","M","T","R","E","?","?","E","R","$","M","BOSS","E","$","R","BOSS"],"items_purchased_type":["Card","Card","Card"],"build_version":"2020-12-22","purchased_purges":1,"victory":true,"max_hp_per_floor":[90,90,90,90,90,90,90,90,90,90,90,90,90,90,90,90,90,90,90,90,90,90,90,90,90,90,90,90,90,90,90,90,90,90,90,90,90,90,90,90,90,100,100,100,100,100,100,100,100,100,100,100,100,100,100],"card_choices":[{"not_picked":["champ:RapidStrikes","champ:FanOfKnives"],"picked":"champ:FaceSlap","floor":2.0},{"not_picked":["champ:ViciousMockery","champ:TornadoPunch"],"picked":"champ:FanOfKnives","floor":3.0},{"not_picked":["champ:Haymaker","champ:TornadoPunch"],"picked":"champ:GladiatorStyle","floor":4.0},{"not_picked":["champ:BladeFlurry","champ:FanOfKnives"],"picked":"champ:Shatter","floor":5.0},{"not_picked":["champ:LastStand","champ:BringItOn"],"picked":"champ:SwordThrow","floor":6.0},{"not_picked":["champ:ViciousMockery","champ:FaceSlap"],"picked":"champ:GladiatorsShout","floor":8.0},{"not_picked":["champ:FlashCut","champ:CrookedStrike","champ:Riposte"],"picked":"SKIP","floor":9.0},{"not_picked":["champ:FlashCut","champ:ShieldSigil","champ:Circumvent"],"picked":"SKIP","floor":11.0},{"not_picked":["champ:ShieldWall","champ:BladeFlurry"],"picked":"champ:Haymaker","floor":12.0},{"not_picked":["champ:Lariat","champ:FaceSlap"],"picked":"champ:PerfectForm","floor":13.0},{"not_picked":["champ:FanOfKnives","champ:Circumvent","champ:GladiatorsShout"],"picked":"SKIP","floor":15},{"not_picked":["champ:CrownThrow","champ:Devastate"],"picked":"champ:VampiricStrike","floor":16},{"not_picked":["champ:Haymaker","champ:BringItOn+1"],"picked":"champ:Aggression+1","floor":19},{"not_picked":["champ:Circumvent","champ:RageSigil"],"picked":"champ:Lariat","floor":21},{"not_picked":["champ:DefensiveStyle","champ:Circumvent","champ:ShieldWall"],"picked":"SKIP","floor":22},{"not_picked":["champ:EnchantSword","champ:ViciousMockery"],"picked":"champ:StanceDance+1","floor":23},{"not_picked":["champ:ShieldSigil","champ:FanOfKnives+1","champ:CalledShot"],"picked":"SKIP","floor":26},{"not_picked":[],"picked":"J.A.X.","floor":27},{"not_picked":["champ:FightOn","champ:FanOfKnives","champ:GutPunch"],"picked":"SKIP","floor":28},{"not_picked":["champ:ShieldSigil","champ:Backstep","champ:DefensiveShout"],"picked":"SKIP","floor":31},{"not_picked":["champ:BladeFlurry","champ:Circumvent","champ:FlashCut"],"picked":"SKIP","floor":32},{"not_picked":["champ:BringItOn","champ:GutPunch+1","champ:Circumvent"],"picked":"SKIP","floor":36},{"not_picked":["champ:ArenaPreparation","champ:EnGarde","champ:TornadoPunch+1"],"picked":"SKIP","floor":37},{"not_picked":["expansioncontent:SlimeTackle","expansioncontent:DefensiveMode"],"picked":"expansioncontent:GuardianWhirl","floor":38},{"not_picked":["expansioncontent:DefensiveStance","expansioncontent:FaceSlap"],"picked":"expansioncontent:Hexaburn","floor":38},{"not_picked":["champ:CrookedStrike","champ:Backstep"],"picked":"champ:BringItOn+1","floor":39},{"not_picked":["champ:BerserkersShout","champ:FanOfKnives+1","champ:Balance"],"picked":"SKIP","floor":40},{"not_picked":["champ:ArenaPreparation","champ:EnchantSword","champ:SwordSigil"],"picked":"SKIP","floor":43},{"not_picked":["champ:Aggression+1","champ:Duel","champ:BerserkersShout"],"picked":"SKIP","floor":46},{"not_picked":["champ:Riposte","champ:ShieldSigil","champ:DeathBlow+1"],"picked":"SKIP","floor":48},{"not_picked":["champ:CrookedStrike+1","champ:PerfectedStrike","champ:FocusedBerserking+1"],"picked":"SKIP","floor":49},{"not_picked":["champ:StanceDance+1","champ:RecklessLeap","champ:TornadoPunch+1"],"picked":"SKIP","floor":52}],"player_experience":1324861,"relics_obtained":[{"floor":6.0,"key":"Letter Opener"},{"floor":7.0,"key":"HornCleat"},{"floor":8.0,"key":"Champion Belt"},{"floor":12.0,"key":"Bag of Preparation"},{"floor":23,"key":"champ:SignatureFinisher"},{"floor":24,"key":"Shuriken"},{"floor":27,"key":"MutagenicStrength"},{"floor":28,"key":"Mummified Hand"},{"floor":31,"key":"Orichalcum"},{"floor":43,"key":"Frozen Egg 2"},{"floor":44,"key":"Bottled Tornado"},{"floor":46,"key":"Smiling Mask"},{"floor":52,"key":"Ornamental Fan"}],"event_choices":[{"damage_healed":0.0,"max_hp_gain":0.0,"max_hp_loss":0.0,"gold_gain":0.0,"event_name":"Living Wall","player_choice":"Grow","floor":14.0,"gold_loss":0.0,"damage_taken":0.0,"cards_upgraded":["champ:GladiatorStyle"]},{"damage_healed":0,"gold_gain":0,"player_choice":"Ignored","damage_taken":0,"max_hp_gain":0,"max_hp_loss":0,"event_name":"Vampires","floor":29,"gold_loss":0}],"is_beta":false,"boss_relics":[{"not_picked":["Fusion Hammer","Coffee Dripper"],"picked":"downfall:Hecktoplasm"},{"not_picked":["Runic Pyramid","champ:PowerArmor"],"picked":"champ:ChampionCrownUpgraded"}],"items_purged_floors":[39],"is_endless":false,"potions_floor_spawned":[3,5,11,15,16,22,23,26,31,32,40,49],"ascension_level":11}}