{"host":"bux1pdxjwq4dkad9","time":1610608674,"event":{"mods":["BaseMod","Downfall-rebalance","Minty Spire (QoL Compilation)","StSLib"],"gold_per_floor":[99,112,125,136,154,54,54,88,104,104,104,115,128,128,146,146,146],"floor_reached":16,"language":"ZHS","playtime":572,"items_purged":[],"score":111,"play_id":"d71126bf-7f2a-47ff-a946-e3c07ad3bd25","local_time":"20210114151754","is_ascension_mode":true,"campfire_choices":[{"floor":1.0,"key":"RECALL"},{"data":"Shrug It Off","floor":6.0,"key":"SMITH"},{"data":"Immolate","floor":10.0,"key":"SMITH"}],"circlet_count":0,"master_deck":["Strike_R","Strike_R","Strike_R","Strike_R","Strike_R","Defend_R","Defend_R","Defend_R","Defend_R","Bash","Evolve","Shrug It Off+1","Rampage","Immolate+1","Parasite","Feel No Pain"],"relics":["SacredBark","downfall:HeartBlessingRed","Bronze Scales","StrikeDummy"],"acts_visited":["Exordium"],"potions_floor_usage":[12],"damage_taken":[{"damage":6.0,"enemies":"Jaw Worm","floor":2.0,"turns":3.0},{"damage":1.0,"enemies":"Cultist","floor":3.0,"turns":4.0},{"damage":10.0,"enemies":"Small Slimes","floor":4.0,"turns":6.0},{"damage":26.0,"enemies":"Blue Slaver","floor":5.0,"turns":5.0},{"damage":27.0,"enemies":"3 Sentries","floor":8.0,"turns":9.0},{"damage":8.0,"enemies":"2 Fungi Beasts","floor":9.0,"turns":3.0},{"damage":24,"enemies":"Exordium Thugs","floor":12,"turns":6},{"damage":4,"enemies":"3 Louse","floor":13,"turns":3},{"damage":0,"enemies":"2 Fungi Beasts","floor":15,"turns":1},{"damage":44,"enemies":"IC_STATUS_ARCHETYPE","floor":16,"turns":4}],"seed_played":"4207041527379450293","potions_obtained":[{"floor":3.0,"key":"Regen Potion"},{"floor":5.0,"key":"BlessingOfTheForge"},{"floor":9.0,"key":"ColorlessPotion"}],"is_trial":false,"path_per_floor":["R","M","M","M","M","R","T","E","M","R","?","M","M","?","M","B"],"character_chosen":"IRONCLAD","items_purchased":[],"campfire_rested":0,"item_purchase_floors":[],"current_hp_per_floor":[80,74,73,63,37,37,37,10,2,2,2,18,14,34,34,0,0],"gold":146,"neow_bonus":"BOSS_RELIC","is_daily":false,"chose_seed":false,"campfire_upgraded":2,"win_rate":0.0,"timestamp":1610608674,"path_taken":["R","M","M","M","M","R","T","E","M","R","?","?","M","?","M","BOSS"],"items_purchased_type":[],"build_version":"2020-12-22","purchased_purges":0,"victory":false,"max_hp_per_floor":[80,80,80,80,80,80,80,80,80,80,80,80,80,80,80,80,80],"card_choices":[{"not_picked":["Headbutt","Havoc"],"picked":"Evolve","floor":2.0},{"not_picked":["Iron Wave","Perfected Strike","True Grit"],"picked":"SKIP","floor":3.0},{"not_picked":["Havoc","Anger","Clash"],"picked":"SKIP","floor":4.0},{"not_picked":["Wild Strike","Cleave"],"picked":"Shrug It Off","floor":5.0},{"not_picked":["Warcry","Rupture"],"picked":"Rampage","floor":8.0},{"not_picked":["True Grit","Armaments"],"picked":"Immolate","floor":9.0},{"not_picked":["Flex","Headbutt","Clothesline"],"picked":"SKIP","floor":12},{"not_picked":["Twin Strike","Whirlwind","Bloodletting"],"picked":"SKIP","floor":13},{"not_picked":["Clash","Seeing Red"],"picked":"Feel No Pain","floor":15}],"player_experience":2332560,"relics_obtained":[{"floor":7.0,"key":"Bronze Scales"},{"floor":8.0,"key":"StrikeDummy"}],"event_choices":[{"damage_healed":20,"gold_gain":0,"player_choice":"Healed and dodged fight","damage_taken":0,"max_hp_gain":0,"max_hp_loss":0,"event_name":"Mushrooms","floor":14,"gold_loss":0,"cards_obtained":["Parasite"]}],"is_beta":false,"boss_relics":[],"items_purged_floors":[],"is_endless":false,"potions_floor_spawned":[3,5,9],"killed_by":"IC_STATUS_ARCHETYPE","ascension_level":1}}