{"host":"6p0attdrtjqaih7v","time":1610654202,"event":{"mods":["2.2 Compatiblity","AchievementEnabler","Bard","BaseMod","Better Skull","Better Third Choice","Colored Powertips","Hermit","Highlight Path","Jorbs\u0027s Wanderer Trilogy","Key Reminder","Minty Spire (QoL Compilation)","Permanent Neow","Quick Restart","Random Character Button","Relic Stats","Replay The Spire","Robot Space Explorer","StSLib"],"gold_per_floor":[115,130,130,147,147,173,173,206,206,220,220,235,263,273,273,352,352,363,119,134,134,134,162,162,197,197,197,197,197,214,59,59,134,134,154,154,154,154,179,179,196,196,196,221,221,235,235,14,14,14,19],"floor_reached":52,"language":"ENG","playtime":2536,"items_purged":["Injury","Bite"],"score":1993,"play_id":"2124c211-0c9d-4030-a8be-e9a5d4605608","local_time":"20210114145642","is_ascension_mode":true,"campfire_choices":[{"data":"hermit:Snapshot","floor":7,"key":"SMITH"},{"floor":11,"key":"REST"},{"floor":15,"key":"REST"},{"data":"hermit:NoHoldsBarred","floor":24,"key":"SMITH"},{"data":"hermit:NoHoldsBarred","floor":24,"key":"SMITH"},{"data":"hermit:PistolWhip","floor":27,"key":"SMITH"},{"data":"hermit:PistolWhip","floor":27,"key":"SMITH"},{"data":"hermit:Magnum","floor":32,"key":"SMITH"},{"data":"hermit:HoleUp","floor":32,"key":"SMITH"},{"data":"hermit:LowProfile","floor":40,"key":"SMITH"},{"data":"hermit:LowProfile","floor":40,"key":"SMITH"},{"data":"hermit:Quickdraw","floor":42,"key":"SMITH"},{"data":"hermit:Quickdraw","floor":42,"key":"SMITH"},{"data":"hermit:Adapt","floor":47,"key":"SMITH"},{"data":"hermit:Headshot","floor":47,"key":"SMITH"},{"data":"hermit:Defend_Hermit","floor":49,"key":"SMITH"},{"data":"hermit:Defend_Hermit","floor":49,"key":"SMITH"}],"circlet_count":0,"master_deck":["hermit:Defend_Hermit+1","hermit:Defend_Hermit","hermit:Defend_Hermit+1","hermit:Defend_Hermit+1","hermit:Snapshot+1","hermit:Covet","hermit:LowProfile+1","hermit:PistolWhip+1","hermit:PistolWhip+1","hermit:LuckOfTheDraw","hermit:Headshot+1","hermit:NoHoldsBarred+1","hermit:Magnum+1","hermit:LowProfile+1","hermit:NoHoldsBarred+1","hermit:Determination+1","hermit:LowProfile+1","Clumsy","Bite","Bite","Bite","Bite","hermit:HoleUp+1","hermit:Adapt+1","hermit:Quickdraw+1","Bandage Up","hermit:CalledShot+1","hermit:Quickdraw+1","hermit:PistolWhip+1","hermit:Scavenge"],"relics":["hermit:BartenderGlass","MealTicket","Replay:Arrowhead","Singing Bowl","Bag of Preparation","Cursed Key","ClockworkSouvenir","MutagenicStrength","Juzu Bracelet","War Paint","Ice Cream","Honey Jar","Gambling Chip","Pet Ghost","Bronze Scales"],"acts_visited":["Exordium","TheCity","TheBeyond"],"potions_floor_usage":[6,6,6,8,8,12,12,13,14,14,16,16,16,18,20,23,23,23,25,33,33,33,35,41,44,44,50,50,50,51,51,51],"damage_taken":[{"damage":1,"enemies":"2 Louse","floor":1,"turns":3},{"damage":7,"enemies":"Small Slimes","floor":2,"turns":3},{"damage":1,"enemies":"Cultist","floor":4,"turns":5},{"damage":13,"enemies":"Lagavulin","floor":6,"turns":4},{"damage":22,"enemies":"3 Sentries","floor":8,"turns":6},{"damage":1,"enemies":"Blue Slaver","floor":10,"turns":2},{"damage":2,"enemies":"Large Slime","floor":12,"turns":3},{"damage":8,"enemies":"Gremlin Nob","floor":13,"turns":3},{"damage":0,"enemies":"2 Fungi Beasts","floor":14,"turns":3},{"damage":42,"enemies":"Slime Boss","floor":16,"turns":10},{"damage":14,"enemies":"3 Byrds","floor":18,"turns":5},{"damage":0,"enemies":"Chosen","floor":20,"turns":2},{"damage":8,"enemies":"Slavers","floor":23,"turns":3},{"damage":0,"enemies":"Gremlin Leader","floor":25,"turns":5},{"damage":0,"enemies":"Centurion and Healer","floor":30,"turns":4},{"damage":0,"enemies":"Collector","floor":33,"turns":6},{"damage":0,"enemies":"3 Shapes","floor":35,"turns":6},{"damage":0,"enemies":"Mind Bloom Boss Battle","floor":39,"turns":4},{"damage":0,"enemies":"3 Darklings","floor":41,"turns":4},{"damage":2,"enemies":"Reptomancer","floor":44,"turns":5},{"damage":5,"enemies":"Transient","floor":46,"turns":6},{"damage":20,"enemies":"Time Eater","floor":50,"turns":8},{"damage":25,"enemies":"Donu and Deca","floor":51,"turns":9}],"seed_played":"7239796039023018616","potions_obtained":[{"floor":2,"key":"Strength Potion"},{"floor":4,"key":"Adrenaline Potion"},{"floor":10,"key":"SpeedPotion"},{"floor":18,"key":"Fire Potion"},{"floor":23,"key":"Strength Potion"},{"floor":39,"key":"hermit:Eclipse"},{"floor":41,"key":"Toxic Potion"},{"floor":44,"key":"Energy Potion"}],"is_trial":false,"path_per_floor":["M","M","?","M","?","E","R","E","T","M","R","M","E","M","R","B",null,"M","$","M","?","?","E","R","E","T","R","?","?","M","$","R","B",null,"M","?","?","?","?","R","M","R","T","E","?","M","R","$","R","B","B",null],"character_chosen":"HERMIT","items_purchased":["ClockworkSouvenir","hermit:HoleUp","Bronze Scales","Dexterity Potion"],"campfire_rested":2,"item_purchase_floors":[19,31,48,48],"current_hp_per_floor":[63,56,56,55,51,38,38,16,16,17,38,36,28,30,52,10,59,45,60,62,62,62,54,54,54,54,54,53,53,55,55,55,55,55,55,55,55,55,55,55,55,55,55,55,52,52,52,52,52,42,25],"gold":19,"neow_bonus":"BOSS_RELIC","is_daily":false,"chose_seed":false,"campfire_upgraded":15,"win_rate":0.0,"timestamp":1610654202,"path_taken":["M","M","?","M","?","E","R","E","T","M","R","M","E","?","R","BOSS","M","$","M","?","?","E","R","E","T","R","?","?","M","$","R","BOSS","M","?","?","?","?","R","M","R","T","E","?","M","R","$","R","BOSS","BOSS"],"items_purchased_type":["Relic","Card","Relic","Potion"],"build_version":"2020-12-22","purchased_purges":2,"victory":true,"max_hp_per_floor":[71,71,71,71,71,71,71,71,71,73,73,73,73,75,75,75,75,75,75,77,77,77,77,77,77,77,77,53,53,55,55,55,55,55,55,55,55,55,55,55,55,55,55,55,52,52,52,52,52,52,52],"relic_stats":{"Singing Bowl":8,"counters":[23,109],"Gambling Chip":[4],"Bronze Scales":[57],"MealTicket":15,"Bag of Preparation":[30],"Juzu Bracelet":1,"War Paint":["hermit:LowProfile","hermit:Defend_Hermit"],"Cursed Key":1,"obtain_stats":[{"Ice Cream":26,"Singing Bowl":9,"Bag of Preparation":13,"Juzu Bracelet":23,"War Paint":25,"Cursed Key":17,"Replay:Arrowhead":8,"Pet Ghost":44,"ClockworkSouvenir":19,"MutagenicStrength":22,"Gambling Chip":39,"Bronze Scales":48,"Honey Jar":34,"hermit:BartenderGlass":0,"MealTicket":6,"hermit:Momento":0},{"Ice Cream":14,"Singing Bowl":5,"Bag of Preparation":8,"Juzu Bracelet":13,"War Paint":14,"Cursed Key":10,"Replay:Arrowhead":5,"Pet Ghost":20,"ClockworkSouvenir":11,"MutagenicStrength":12,"Gambling Chip":18,"Bronze Scales":21,"Honey Jar":16,"hermit:BartenderGlass":0,"MealTicket":4,"hermit:Momento":0},{"Ice Cream":57,"Singing Bowl":21,"Bag of Preparation":29,"Juzu Bracelet":52,"War Paint":57,"Cursed Key":42,"Replay:Arrowhead":21,"Pet Ghost":86,"ClockworkSouvenir":47,"MutagenicStrength":49,"Gambling Chip":77,"Bronze Scales":92,"Honey Jar":67,"hermit:BartenderGlass":0,"MealTicket":15,"hermit:Momento":0}]},"card_choices":[{"not_picked":["hermit:Roulette","hermit:TakeCover"],"picked":"hermit:LowProfile","floor":1},{"not_picked":["hermit:Manifest","hermit:SprayPray"],"picked":"hermit:Deadeye","floor":2},{"not_picked":["hermit:Vantage","hermit:ItchyTrigger"],"picked":"hermit:PistolWhip","floor":4},{"not_picked":["hermit:Gambit","hermit:GhostlyPresence"],"picked":"hermit:PistolWhip","floor":6},{"not_picked":["hermit:Ricochet","hermit:Cheat"],"picked":"hermit:LuckOfTheDraw","floor":8},{"not_picked":["hermit:Coalescence","hermit:Glare","hermit:Feint"],"picked":"Singing Bowl","floor":10},{"not_picked":["hermit:BigShot","hermit:Misfire"],"picked":"hermit:Headshot","floor":12},{"not_picked":["hermit:Roulette","hermit:TakeAim"],"picked":"hermit:NoHoldsBarred","floor":13},{"not_picked":["hermit:Quickdraw","hermit:Misfire","hermit:WideOpen"],"picked":"Singing Bowl","floor":14},{"not_picked":["hermit:Purgatory","hermit:FatalDesire"],"picked":"hermit:Magnum","floor":16},{"not_picked":["hermit:Maintenance","hermit:Enervate"],"picked":"hermit:LowProfile","floor":18},{"not_picked":["hermit:Showdown","hermit:Enervate","hermit:WideOpen"],"picked":"Singing Bowl","floor":20},{"not_picked":["hermit:Headshot","hermit:Gestalt"],"picked":"hermit:Determination+1","floor":23},{"not_picked":["hermit:Snipe","hermit:Coalescence"],"picked":"hermit:LowProfile","floor":25},{"not_picked":["hermit:Vantage","hermit:Horror","hermit:Malice"],"picked":"Singing Bowl","floor":30},{"not_picked":["hermit:FromBeyond","hermit:HeroicBravado"],"picked":"hermit:Adapt","floor":33},{"not_picked":["hermit:Cheat+1","hermit:Dive"],"picked":"hermit:Quickdraw","floor":35},{"not_picked":["Forethought","Enlightenment"],"picked":"Bandage Up","floor":38},{"not_picked":["hermit:LowProfile","hermit:NoHoldsBarred"],"picked":"hermit:CalledShot+1","floor":39},{"not_picked":["hermit:DeadMansHand+1","hermit:ItchyTrigger"],"picked":"hermit:Quickdraw","floor":41},{"not_picked":["hermit:LowProfile","hermit:Enervate"],"picked":"hermit:PistolWhip+1","floor":44},{"not_picked":["hermit:Manifest","hermit:Desperado"],"picked":"hermit:Scavenge","floor":46}],"player_experience":839186,"relics_obtained":[{"floor":6,"key":"MealTicket"},{"floor":8,"key":"Replay:Arrowhead"},{"floor":9,"key":"Singing Bowl"},{"floor":13,"key":"Bag of Preparation"},{"floor":23,"key":"Juzu Bracelet"},{"floor":25,"key":"War Paint"},{"floor":26,"key":"Ice Cream"},{"floor":39,"key":"Gambling Chip"},{"floor":44,"key":"Pet Ghost"}],"event_choices":[{"damage_healed":0,"gold_gain":0,"player_choice":"Bought 0 Potions","damage_taken":0,"max_hp_gain":0,"max_hp_loss":0,"event_name":"The Woman in Blue","floor":5,"gold_loss":0},{"damage_healed":0,"gold_gain":0,"player_choice":"Read","damage_taken":0,"max_hp_gain":0,"max_hp_loss":0,"event_name":"The Library","floor":21,"gold_loss":0,"cards_obtained":["hermit:NoHoldsBarred"]},{"damage_healed":0,"gold_gain":0,"player_choice":"Inject Mutagens","damage_taken":0,"relics_obtained":["MutagenicStrength"],"max_hp_gain":0,"max_hp_loss":0,"event_name":"Drug Dealer","floor":22,"gold_loss":0},{"damage_healed":0,"gold_gain":0,"player_choice":"Became a vampire","damage_taken":0,"max_hp_gain":0,"max_hp_loss":24,"event_name":"Vampires","floor":28,"gold_loss":0,"cards_obtained":["Bite","Bite","Bite","Bite","Bite"]},{"damage_healed":0,"gold_gain":0,"player_choice":"Ignored","damage_taken":0,"max_hp_gain":0,"max_hp_loss":0,"event_name":"Ghosts","floor":29,"gold_loss":0},{"cards_removed":["hermit:Deadeye"],"damage_healed":0,"gold_gain":0,"player_choice":"Removed Attack","damage_taken":0,"max_hp_gain":0,"max_hp_loss":0,"event_name":"Falling","floor":36,"gold_loss":0},{"damage_healed":0,"gold_gain":0,"player_choice":"Memory 1","damage_taken":0,"max_hp_gain":0,"max_hp_loss":0,"event_name":"SensoryStone","floor":38,"gold_loss":0},{"damage_healed":0,"gold_gain":0,"player_choice":"Fight","damage_taken":0,"max_hp_gain":0,"max_hp_loss":0,"event_name":"MindBloom","floor":39,"gold_loss":0},{"damage_healed":0,"gold_gain":0,"player_choice":"Max HP","damage_taken":0,"max_hp_gain":0,"max_hp_loss":3,"event_name":"Winding Halls","floor":45,"gold_loss":0}],"is_beta":false,"boss_relics":[{"not_picked":["Replay:Ancient Bell","Calling Bell"],"picked":"Cursed Key"},{"not_picked":["Snecko Heart","Sozu"],"picked":"Honey Jar"}],"items_purged_floors":[19,31],"is_endless":false,"potions_floor_spawned":[2,4,10,13,18,20,23,25,39,41,44],"ascension_level":20}}