{"host":"a1u4jo6xlg3w0wsm","time":1610666049,"event":{"mods":["BaseMod","Better Third Choice","DeckTracker","Downfall","Hermit","Hubris","Minty Spire (QoL Compilation)","Rare Cards Sparkle","Replay The Spire","StSLib","The Cursed"],"gold_per_floor":[110,120,120,130,31,31,59,59,59,93,110,110,110,157,157,258,258,258,258],"floor_reached":18,"playtime":1105,"items_purged":["hermit:Defend_Hermit"],"score":202,"play_id":"1a115ccd-49cc-481b-9735-384b07bfaf33","local_time":"20210115121409","is_ascension_mode":true,"campfire_choices":[{"data":"hermit:FlashPowder","floor":6,"key":"SMITH"},{"data":"hermit:Showdown","floor":12,"key":"SMITH"}],"circlet_count":0,"master_deck":["hermit:Strike_Hermit","hermit:Strike_Hermit","hermit:Strike_Hermit","hermit:Strike_Hermit","hermit:Defend_Hermit","hermit:Defend_Hermit","hermit:Defend_Hermit","hermit:Snapshot","hermit:Covet","hermit:Glare","Regret","hermit:FlashPowder+1","hermit:Dive","hermit:Manifest","hermit:Showdown+1","hermit:FinalCanter"],"relics":["hermit:Momento","NeowsBlessing","Sundial","Toy Ornithopter","Pear","Chameleon Ring","Centennial Puzzle"],"acts_visited":["Exordium","TheCity"],"potions_floor_usage":[7,11,16,16],"damage_taken":[{"damage":0,"enemies":"Jaw Worm","floor":1,"turns":1},{"damage":0,"enemies":"2 Louse","floor":2,"turns":1},{"damage":0,"enemies":"Cultist","floor":4,"turns":1},{"damage":7,"enemies":"Gremlin Nob","floor":7,"turns":5},{"damage":40,"enemies":"3 Sentries","floor":10,"turns":13},{"damage":6,"enemies":"Blue Slaver","floor":11,"turns":3},{"damage":24,"enemies":"The Guardian","floor":16,"turns":16},{"damage":0,"enemies":"3 Byrds","floor":18,"turns":2}],"seed_played":"-263641925219298436","potions_obtained":[{"floor":1,"key":"Fire Potion"},{"floor":10,"key":"BlessingOfTheForge"},{"floor":15,"key":"Explosive Potion"},{"floor":15,"key":"EssenceOfSteel"},{"floor":16,"key":"SteroidPotion"}],"is_trial":false,"path_per_floor":["M","M","?","M","$","R","E","?","T","E","M","R","?","T","R","B",null,"M"],"character_chosen":"HERMIT","items_purchased":["hermit:Dive"],"campfire_rested":0,"item_purchase_floors":[5],"current_hp_per_floor":[75,75,75,75,75,75,68,75,85,45,44,44,44,44,44,30,85,85,85],"gold":258,"neow_bonus":"THREE_ENEMY_KILL","is_daily":false,"chose_seed":false,"campfire_upgraded":2,"win_rate":0.0,"timestamp":1610666049,"path_taken":["M","M","?","M","$","R","E","?","T","E","?","R","?","?","R","BOSS","M"],"items_purchased_type":["Card"],"build_version":"2020-12-13","purchased_purges":1,"victory":false,"max_hp_per_floor":[75,75,75,75,75,75,75,75,85,85,85,85,85,85,85,85,85,85,85],"card_choices":[{"not_picked":["hermit:HoleUp","hermit:HighCaliber"],"picked":"hermit:Gestalt","floor":1},{"not_picked":["hermit:NoHoldsBarred","hermit:Shortfuse"],"picked":"hermit:Glare","floor":2},{"not_picked":["hermit:Glare","hermit:HighCaliber"],"picked":"hermit:FlashPowder","floor":4},{"not_picked":["hermit:TakeAim","hermit:Coalescence","hermit:Roulette"],"picked":"SKIP","floor":7},{"not_picked":["hermit:ItchyTrigger","hermit:Gambit"],"picked":"hermit:Manifest","floor":10},{"not_picked":["hermit:PistolWhip","hermit:Vantage"],"picked":"hermit:Showdown","floor":11},{"not_picked":["hermit:Purgatory","hermit:Adapt"],"picked":"hermit:FinalCanter","floor":16}],"player_experience":333788,"relics_obtained":[{"floor":7,"key":"Toy Ornithopter"},{"floor":9,"key":"Pear"},{"floor":10,"key":"Chameleon Ring"},{"floor":14,"key":"Centennial Puzzle"}],"event_choices":[{"damage_healed":0,"gold_gain":0,"player_choice":"Box","damage_taken":0,"relics_obtained":["Sundial"],"max_hp_gain":0,"max_hp_loss":0,"event_name":"Big Fish","floor":3,"gold_loss":0,"cards_obtained":["Regret"]},{"cards_removed":["hermit:Gestalt"],"damage_healed":7,"gold_gain":0,"player_choice":"Offered Uncommon","damage_taken":0,"max_hp_gain":0,"max_hp_loss":0,"event_name":"Bonfire Elementals","floor":8,"gold_loss":0},{"damage_healed":44,"gold_gain":0,"player_choice":"Leave","damage_taken":0,"max_hp_gain":0,"max_hp_loss":85,"event_name":"betterThird:BetterShining","floor":13,"gold_loss":0}],"is_beta":false,"boss_relics":[{"not_picked":["Ectoplasm","hermit:DentedPlate","Sozu"]}],"items_purged_floors":[5],"is_endless":false,"potions_floor_spawned":[1,10,16],"killed_by":"3 Byrds","ascension_level":4}}