{"host":"1c52r9kaxdyo25eq","time":1610651130,"event":{"mods":["AchievementEnabler","BaseMod","Minty Spire (QoL Compilation)","Rare Cards Sparkle","SuperFastMode","everything is the same but u backflip on backflip"],"gold_per_floor":[112,112,112,72,88,116,133,133,157,171,21,21,36,53,53,131,131,149,162,41,41,41,41],"floor_reached":22,"language":"KOR","playtime":365,"items_purged":["Strike_R"],"score":401,"play_id":"562f7971-9cc3-4e81-9727-73aa5f93aa25","local_time":"20210115040530","is_ascension_mode":true,"campfire_choices":[{"data":"Heavy Blade","floor":8,"key":"SMITH"},{"data":"Heavy Blade","floor":12,"key":"SMITH"},{"data":"Limit Break","floor":15,"key":"SMITH"}],"circlet_count":0,"master_deck":["AscendersBane","Strike_R","Strike_R","Strike_R","Strike_R","Defend_R","Defend_R","Defend_R","Bash","Clothesline","Heavy Blade+1","Demon Form","Heavy Blade+1","Limit Break+1","Brutality","Shrug It Off"],"relics":["Burning Blood","NeowsBlessing","Tiny Chest","Orichalcum","Busted Crown"],"acts_visited":["Exordium","TheCity"],"potions_floor_usage":[4,16,19,22],"damage_taken":[{"damage":0,"enemies":"Jaw Worm","floor":1,"turns":1},{"damage":0,"enemies":"2 Louse","floor":5,"turns":1},{"damage":0,"enemies":"Lagavulin","floor":6,"turns":1},{"damage":7,"enemies":"Cultist","floor":7,"turns":4},{"damage":18,"enemies":"Looter","floor":10,"turns":4},{"damage":22,"enemies":"Exordium Wildlife","floor":13,"turns":4},{"damage":11,"enemies":"2 Fungi Beasts","floor":14,"turns":4},{"damage":42,"enemies":"The Guardian","floor":16,"turns":7},{"damage":36,"enemies":"Shell Parasite","floor":18,"turns":5},{"damage":30,"enemies":"3 Byrds","floor":19,"turns":5},{"damage":6,"enemies":"3 Cultists","floor":22,"turns":3}],"seed_played":"1335153751166414419","potions_obtained":[{"floor":4,"key":"Fruit Juice"},{"floor":4,"key":"Block Potion"},{"floor":4,"key":"BlessingOfTheForge"},{"floor":18,"key":"Energy Potion"}],"is_trial":false,"path_per_floor":["M","?","?","?","M","E","M","R","T","M","$","R","M","M","R","B",null,"M","M","$","?","M"],"character_chosen":"IRONCLAD","items_purchased":["Limit Break","Shrug It Off"],"campfire_rested":0,"item_purchase_floors":[11,20],"current_hp_per_floor":[74,74,79,84,85,85,84,84,84,72,72,72,56,51,51,15,68,38,14,14,14,8,8],"gold":41,"neow_bonus":"THREE_ENEMY_KILL","is_daily":false,"chose_seed":false,"campfire_upgraded":3,"win_rate":0.0,"timestamp":1610651130,"path_taken":["M","?","?","?","M","E","M","R","T","M","$","R","M","?","R","BOSS","M","M","$","?","M"],"items_purchased_type":["Card","Card"],"build_version":"2020-12-22","purchased_purges":1,"victory":false,"max_hp_per_floor":[75,75,80,85,85,85,85,85,85,85,85,85,85,85,85,85,85,85,85,85,85,85,85],"card_choices":[{"not_picked":["Metallicize","Whirlwind"],"picked":"Clothesline","floor":1},{"not_picked":["Armaments","Body Slam","Flex"],"picked":"SKIP","floor":5},{"not_picked":["Juggernaut","Reckless Charge"],"picked":"Demon Form","floor":6},{"not_picked":["Sword Boomerang","Shrug It Off"],"picked":"Heavy Blade","floor":7},{"not_picked":["Havoc","Twin Strike","Perfected Strike"],"picked":"SKIP","floor":10},{"not_picked":["Heavy Blade","Armaments","Sword Boomerang"],"picked":"SKIP","floor":13},{"not_picked":["Body Slam","Wild Strike","Anger"],"picked":"SKIP","floor":14},{"not_picked":["Exhume","Barricade"],"picked":"Brutality","floor":16},{"not_picked":["Flex"],"picked":"SKIP","floor":18},{"not_picked":["Twin Strike"],"picked":"SKIP","floor":19}],"player_experience":584785,"relics_obtained":[{"floor":6,"key":"Tiny Chest"},{"floor":9,"key":"Orichalcum"}],"event_choices":[{"damage_healed":0,"gold_gain":0,"cards_transformed":["Defend_R"],"player_choice":"Change","damage_taken":0,"max_hp_gain":0,"max_hp_loss":0,"event_name":"Living Wall","floor":2,"gold_loss":0,"cards_obtained":["Heavy Blade"]},{"damage_healed":0,"gold_gain":0,"player_choice":"Donut","damage_taken":0,"max_hp_gain":5,"max_hp_loss":0,"event_name":"Big Fish","floor":3,"gold_loss":0},{"damage_healed":0,"gold_gain":0,"player_choice":"Bought 3 Potions","damage_taken":0,"max_hp_gain":0,"max_hp_loss":0,"event_name":"The Woman in Blue","floor":4,"gold_loss":0}],"is_beta":false,"boss_relics":[{"not_picked":["Calling Bell","Runic Cube"],"picked":"Busted Crown"}],"items_purged_floors":[20],"is_endless":false,"potions_floor_spawned":[5,6,7,10,14,18],"killed_by":"3 Cultists","ascension_level":14}}