{"host":"lb27wy21808d043q","time":1610664216,"event":{"mods":["AchievementEnabler","BaseMod","BetterRewards","Clockwork Mod","Colored Map","Conspire","Curses Come First","Halation","Highlight Path","Hubris","Infinite Spire","Marisa????????","Minty Spire (QoL Compilation)","Replay The Spire","StSLib","The Animator","The Bug Knight","The Servant 0.9.4","Yuri Mod"],"gold_per_floor":[114,125,125,125,125,156,175,202,202,237,237,255,255,285,285,389,389,404,420,432,432,432,461,461,487,487,520,548,579,579,609,609,609,609],"floor_reached":33,"language":"ENG","playtime":2559,"items_purged":["Underhanded Strike"],"score":514,"play_id":"806aed81-c905-403f-b1f5-657ed75a9b46","local_time":"20210114234336","daily_mods":["Draft","Heirloom","DeadlyEvents","Elite Swarm"],"is_ascension_mode":false,"campfire_choices":[{"data":"Envenom","floor":11,"key":"SMITH"},{"data":"Envenom","floor":13,"key":"SMITH"},{"data":"Burst","floor":15,"key":"SMITH"},{"data":"Crippling Poison","floor":24,"key":"SMITH"},{"data":"Blade Dance","floor":32,"key":"SMITH"}],"circlet_count":0,"master_deck":["Blade Dance+1","Sucker Punch","Hidden Blade","Deflect","Backflip","Caltrops","Crippling Poison+1","Dash","Bane","Prepared","Bane","Dagger Spray","Dagger Throw","Blur","Envenom+1","Hidden Blade","Envenom+1","Burst+1","Outmaneuver","Die Die Die","Replay:Bag of Tricks","Flying Knee+1","Dagger Spray","Poisoned Stab+1","conspire:DoublingDagger","Burst","Adrenaline","Pot Of Greed","Pot Of Greed","Pot Of Greed","Die Die Die","After Image","infinitespire:Starlight","Storm of Steel"],"relics":["Ring of the Snake","Counterbalance","NeowsBlessing","NeowsBlessing","hubris:Teleporter","Replay:Accelerometer","Paper Crane","hubris:MysteriousPyramids","The Specimen","Empty Cage","NeowsBlessing","infinitespire:Beetle Shell","hubris:Zylophone","hubris:AstralHammer","Grinning Jar","Anchor","halation:KoshaPiece","Orrery","ReplayTheSpireMod:Lightbulb"],"acts_visited":["Exordium","TheCity"],"potions_floor_usage":[14,16,20,29,31],"damage_taken":[{"damage":7,"enemies":"Jaw Worm","floor":1,"turns":2},{"damage":3,"enemies":"Cultist","floor":2,"turns":3},{"damage":0,"enemies":"Gremlin Nob","floor":6,"turns":1},{"damage":0,"enemies":"Small Slimes","floor":7,"turns":1},{"damage":0,"enemies":"3 Sentries","floor":8,"turns":1},{"damage":0,"enemies":"Gremlin Nob","floor":10,"turns":1},{"damage":0,"enemies":"Looter","floor":12,"turns":1},{"damage":17,"enemies":"3 Sentries","floor":14,"turns":5},{"damage":12,"enemies":"Hexaghost","floor":16,"turns":8},{"damage":30,"enemies":"2 Thieves","floor":18,"turns":3},{"damage":5,"enemies":"3 Byrds","floor":19,"turns":3},{"damage":6,"enemies":"Cultist and Chosen","floor":20,"turns":3},{"damage":0,"enemies":"Book of Stabbing","floor":23,"turns":1},{"damage":0,"enemies":"conspire:Head Lice","floor":25,"turns":1},{"damage":0,"enemies":"Slavers","floor":27,"turns":1},{"damage":18,"enemies":"HollowMod:Nosk","floor":28,"turns":5},{"damage":0,"enemies":"Replay:Snechameleon","floor":29,"turns":5},{"damage":12,"enemies":"Nightmare","floor":31,"turns":8},{"damage":36,"enemies":"Pondfish","floor":33,"turns":5}],"seed_played":"1704243182814976623","potions_obtained":[{"floor":2,"key":"Languid Potion"},{"floor":8,"key":"BlessingOfTheForge"},{"floor":19,"key":"Energy Potion"},{"floor":23,"key":"Ancient Potion"},{"floor":28,"key":"Poison Potion"}],"is_trial":true,"path_per_floor":["M","M","WH","WH","WH","E","M","E","T","E","R","M","R","E","R","B",null,"M","M","M","?","WH","E","R","E","T","E","E","E","AVR","NM","R","B"],"character_chosen":"THE_SILENT","items_purchased":[],"campfire_rested":0,"item_purchase_floors":[],"current_hp_per_floor":[63,60,60,67,67,67,67,67,67,67,67,67,67,50,50,38,77,47,42,36,36,36,36,36,36,36,36,18,18,18,26,26,0,0],"gold":609,"neow_bonus":"THREE_ENEMY_KILL","is_daily":false,"chose_seed":false,"campfire_upgraded":5,"win_rate":0.0,"timestamp":1610664216,"path_taken":["M","M","WH","WH","WH","E","M","E","T","E","R","M","R","E","R","BOSS","M","M","M","?","WH","E","R","E","T","E","?","E","AVR","NM","R","BOSS"],"items_purchased_type":[],"build_version":"2020-12-22","purchased_purges":1,"victory":false,"max_hp_per_floor":[70,70,70,77,77,77,77,77,77,77,77,77,77,77,77,77,77,77,77,77,77,77,77,77,77,77,77,77,77,77,77,77,77,77],"card_choices":[{"not_picked":["Deflect","Masterful Stab"],"picked":"Blade Dance","floor":0},{"not_picked":["Quick Slash","Fluid Movement"],"picked":"Sucker Punch","floor":0},{"not_picked":["Masterful Stab","PiercingWail"],"picked":"Hidden Blade","floor":0},{"not_picked":["Slice","Quick Slash"],"picked":"Deflect","floor":0},{"not_picked":["Bane","Cloak And Dagger"],"picked":"Backflip","floor":0},{"not_picked":["Endless Agony","Cloak And Dagger"],"picked":"Caltrops","floor":0},{"not_picked":["Sucker Punch","Predator"],"picked":"Crippling Poison","floor":0},{"not_picked":["Underhanded Strike","Acrobatics"],"picked":"Draining Mist","floor":0},{"not_picked":["Dodge and Roll","Backflip"],"picked":"Dash","floor":0},{"not_picked":["Setup","Backflip"],"picked":"Bane","floor":0},{"not_picked":["Blade Dance","Hidden Blade"],"picked":"Prepared","floor":0},{"not_picked":["Hidden Blade","Acrobatics"],"picked":"Bane","floor":0},{"not_picked":["Riddle With Holes","ReplayTheSpireMod:Shiv Toss"],"picked":"ReplayTheSpireMod:Exploit Weakness","floor":0},{"not_picked":["Bane","Flying Knee"],"picked":"Underhanded Strike","floor":0},{"not_picked":["Masterful Stab","Choke"],"picked":"Dagger Spray","floor":0},{"not_picked":["ReplayTheSpireMod:Scrap Shanks","Underhanded Strike"],"picked":"Dagger Throw","floor":1},{"not_picked":["Setup","Deflect"],"picked":"Blur","floor":2},{"not_picked":["Grand Finale","Corpse Explosion"],"picked":"Envenom","floor":6},{"not_picked":["Dodge and Roll","PiercingWail"],"picked":"Hidden Blade","floor":7},{"not_picked":["Wraith Form v2","Replay:Bag of Tricks"],"picked":"Envenom","floor":8},{"not_picked":["ReplayTheSpireMod:Necrosis","Phantasmal Killer"],"picked":"Burst","floor":10},{"not_picked":["Leg Sweep","Dagger Throw"],"picked":"Outmaneuver","floor":12},{"not_picked":["Poison Darts","Malaise"],"picked":"Die Die Die","floor":14},{"not_picked":["Doppelganger","Malaise"],"picked":"Replay:Bag of Tricks","floor":16},{"not_picked":["Masterful Stab","ReplayTheSpireMod:Shiv Toss"],"picked":"Flying Knee+1","floor":18},{"not_picked":["Underhanded Strike+1","Eviscerate"],"picked":"Dagger Spray","floor":19},{"not_picked":["Deflect","Outmaneuver+1"],"picked":"Poisoned Stab+1","floor":20},{"not_picked":["infinitespire:Neurotoxin","Die Die Die"],"picked":"Burst","floor":23},{"not_picked":["Atom Bomb","Doppelganger"],"picked":"Adrenaline","floor":25},{"not_picked":["infinitespire:Neurotoxin","ReplayTheSpireMod:Necrosis"],"picked":"Die Die Die","floor":27},{"not_picked":["Bullet Time","Unload"],"picked":"After Image","floor":28},{"not_picked":["Envenom","Tools of the Trade","Night Terror"],"picked":"SKIP","floor":29},{"not_picked":["infinitespire:Neurotoxin","Doppelganger"],"picked":"Storm of Steel","floor":31}],"player_experience":2220,"relics_obtained":[{"floor":6,"key":"hubris:Teleporter"},{"floor":8,"key":"Replay:Accelerometer"},{"floor":9,"key":"Paper Crane"},{"floor":10,"key":"hubris:MysteriousPyramids"},{"floor":14,"key":"The Specimen"},{"floor":23,"key":"infinitespire:Beetle Shell"},{"floor":25,"key":"hubris:Zylophone"},{"floor":26,"key":"hubris:AstralHammer"},{"floor":27,"key":"Grinning Jar"},{"floor":28,"key":"Anchor"},{"floor":29,"key":"halation:KoshaPiece"},{"floor":31,"key":"ReplayTheSpireMod:Lightbulb"}],"event_choices":[{"damage_healed":0,"gold_gain":0,"player_choice":"1 cards matched","damage_taken":0,"max_hp_gain":0,"max_hp_loss":0,"event_name":"Match and Keep!","floor":21,"gold_loss":0,"cards_obtained":["conspire:DoublingDagger"]}],"is_beta":false,"boss_relics":[{"not_picked":["Kintsugi","Ring of the Serpent"],"picked":"Empty Cage"}],"items_purged_floors":[30],"is_endless":true,"potions_floor_spawned":[2,8,19,23,28],"killed_by":"Pondfish","ascension_level":0}}