{"host":"si8u9lxs79860asu","time":1610655582,"event":{"mods":["BaseMod","Hubris","KinomotoSakuraMod(????)","Koishi","Marisa????????","Minty Spire (QoL Compilation)","Onozuka Komachi Mod","Quick Restart","READ ME - Snecko Mod","Remilia??????","Shop Mod","StSLib","Td1madao Mod","The Animator","The Factory","The Jungle"],"gold_per_floor":[114,114,146,171,200,245,264,307,307,327,360,360,386,22,22,145,145,173,173,194,230,230,230,230,230],"floor_reached":24,"language":"ENG","playtime":2612,"items_purged":[],"score":245,"play_id":"175d0506-2174-4265-a90e-6a7172572f8d","local_time":"20210114201942","is_ascension_mode":false,"campfire_choices":[{"floor":12.0,"key":"RECALL"},{"data":"animator:Sora","floor":15.0,"key":"SMITH"},{"data":"animator:Yoichi","floor":23,"key":"SMITH"}],"circlet_count":0,"master_deck":["animator:Strike_Fate+1","animator:Defend_Fate","animator:Strike","animator:Strike","animator:Strike","animator:Defend","animator:Defend","animator:Defend","animator:Alexander+1","animator:Rider","animator:Sora+1","animator:IzunaHatsuse","animator:Lancer","animator:GuildGirl","animator:Caster","animator:SakuraMatou","animator:RinTohsaka","animator:Eris","animator:Entoma+1","animator:LizardPriest","animator:Kazuma","animator:Saber","animator:SakuraMatou","animator:ShinjiMatou","animator:Yoichi+1"],"relics":["animator:LivingPicture","animator:TheMissingPiece","animator:PurgingStone","Centennial Puzzle","Strawberry","Vajra","Whetstone","Membership Card","Oddly Smooth Stone","Letter Opener","Black Star","theJungle:BirthdayCakeSlice"],"acts_visited":["Exordium","theJungle:Jungle"],"potions_floor_usage":[24],"damage_taken":[{"damage":0.0,"enemies":"Cultist","floor":1.0,"turns":5.0},{"damage":0.0,"enemies":"2 Louse","floor":3.0,"turns":2.0},{"damage":0.0,"enemies":"Jaw Worm","floor":4.0,"turns":6.0},{"damage":0.0,"enemies":"Large Slime","floor":5.0,"turns":6.0},{"damage":8.0,"enemies":"Lagavulin","floor":6.0,"turns":7.0},{"damage":14.0,"enemies":"2 Fungi Beasts","floor":7.0,"turns":5.0},{"damage":25.0,"enemies":"3 Sentries","floor":8.0,"turns":14.0},{"damage":0.0,"enemies":"Exordium Wildlife","floor":10.0,"turns":5.0},{"damage":4.0,"enemies":"Lagavulin","floor":11.0,"turns":11.0},{"damage":6.0,"enemies":"3 Louse","floor":13.0,"turns":4.0},{"damage":5.0,"enemies":"The Guardian","floor":16.0,"turns":15.0},{"damage":2.0,"enemies":"theJungle:MUSHROOMGANG","floor":18.0,"turns":6.0},{"damage":10,"enemies":"theJungle:GiantWrat","floor":20,"turns":5},{"damage":27,"enemies":"theJungle:2_Flameangoes","floor":21,"turns":13},{"damage":46,"enemies":"theJungle:Cassacara","floor":24,"turns":9}],"seed_played":"9205642366209768244","potions_obtained":[{"floor":3.0,"key":"FairyPotion"},{"floor":4.0,"key":"animator:FalseLifePotion"},{"floor":6.0,"key":"Weak Potion"},{"floor":7.0,"key":"CultistPotion"},{"floor":13.0,"key":"Swift Potion"},{"floor":21,"key":"Block Potion"}],"is_trial":false,"path_per_floor":["M","T","M","M","M","E","M","E","T","M","E","R","M","$","R","B",null,"M","?","M","M","?","R","E"],"character_chosen":"THE_ANIMATOR","items_purchased":["Membership Card","Oddly Smooth Stone","Letter Opener","animator:Kazuma"],"campfire_rested":0,"item_purchase_floors":[14,14,14,14],"current_hp_per_floor":[66,66,66,66,67,59,46,28,28,31,30,30,30,30,30,28,78,78,78,70,46,51,51,8,8],"gold":230,"neow_bonus":"ONE_RANDOM_RARE_CARD","is_daily":false,"chose_seed":false,"campfire_upgraded":2,"win_rate":0.0,"timestamp":1610655582,"path_taken":["M","?","M","M","M","E","M","E","T","M","E","R","?","$","R","BOSS","M","?","M","M","?","R","E"],"items_purchased_type":["Relic","Relic","Relic","Card"],"build_version":"2020-12-22","purchased_purges":0,"victory":false,"max_hp_per_floor":[66,66,66,66,67,67,68,75,75,75,75,75,78,78,78,78,78,78,78,80,80,85,85,85,85],"card_choices":[{"not_picked":["animator:Rider","animator:Verdia"],"picked":"animator:IzunaHatsuse","floor":1.0},{"not_picked":["animator:Tyuule","animator:IzunaHatsuse"],"picked":"animator:Lancer","floor":3.0},{"not_picked":["animator:MaesHughes","animator:Spearman"],"picked":"animator:GuildGirl","floor":4.0},{"not_picked":["animator:Assassin","animator:Alexander"],"picked":"animator:Caster","floor":5.0},{"not_picked":["animator:Kazuma","animator:GuildGirl"],"picked":"animator:SakuraMatou","floor":6.0},{"not_picked":["animator:Caster","animator:Assassin"],"picked":"animator:RinTohsaka","floor":7.0},{"not_picked":["animator:ShinjiMatou","animator:Illya"],"picked":"animator:Eris","floor":8.0},{"not_picked":["animator:YaoHaDucy","animator:Envy"],"picked":"animator:Entoma","floor":11.0},{"not_picked":["animator:Shinoa","animator:MaesHughes"],"picked":"animator:LizardPriest","floor":13.0},{"not_picked":["animator:Shizu","animator:Eris"],"picked":"animator:Saber","floor":16.0},{"not_picked":["animator:ElricAlphonse","animator:HiiragiShinya"],"picked":"animator:SakuraMatou","floor":18.0},{"not_picked":["animator:Alexander","animator:Rider"],"picked":"animator:ShinjiMatou","floor":20},{"not_picked":["animator:FeridBathory","animator:Shigure"],"picked":"animator:Yoichi","floor":21}],"player_experience":405155,"relics_obtained":[{"floor":6.0,"key":"Centennial Puzzle"},{"floor":8.0,"key":"Strawberry"},{"floor":9.0,"key":"Vajra"},{"floor":11.0,"key":"Whetstone"}],"event_choices":[],"is_beta":false,"boss_relics":[{"not_picked":["Empty Cage","Velvet Choker"],"picked":"Black Star"}],"items_purged_floors":[],"is_endless":false,"potions_floor_spawned":[3,4,6,7,13,21],"killed_by":"theJungle:Cassacara","ascension_level":0}}