{"host":"6x2vvkawfl1hgsnt","time":1610649243,"event":{"mods":["A Magickal Journey","AchievementEnabler","Act Like it!","Always Whale","Aspiration","Bard","BaseMod","BetterRewards","Colored Powertips","Conspire","Downfall","Energized Spire","Friendly Minions","GifTheSpireLib","Halation","HexUI Lib","Hubris","Infinite Spire","Jorbs\u0027s Wanderer Trilogy","Mimic Mod","Minty Spire (QoL Compilation)","Permanent Neow","Random Character Button","Replay The Spire","Spikes Relics","StSLib","Stuff the Spire","The Animator","The Bug Knight","The Construct","The Cursed","The Hayseed","The Hierophant","The Poker Player","The Runesmith","The Sage","The Valiant","The Wild Card","TheArtist","vexMod"],"gold_per_floor":[111,111,111,129,146,146,162,162,201,201,220,220,234,249,249,344,344,359,374,374,386,406,406,419,448,472,472,245,245,265,265,265,365,365,404,455,490,535,535,535,586,586,586,653,653,713,790,855,855,855,855,855,146,185,185,185],"floor_reached":55,"language":"ENG","playtime":4275,"items_purged":["Strike_B"],"score":941,"play_id":"e2950da4-c7f7-4618-b186-f04e4ef09377","local_time":"20210114183403","is_ascension_mode":false,"campfire_choices":[{"data":"Zap","floor":6,"key":"SMITH"},{"floor":10,"key":"RECALL"},{"data":"StuffTheSpire:Snapshot","floor":12,"key":"SMITH"},{"data":"Mirror Shield","floor":23,"key":"SMITH"},{"floor":27,"key":"DIG"},{"floor":29,"key":"DIG"},{"floor":32,"key":"REST"},{"floor":40,"key":"REST"},{"floor":49,"key":"REST"},{"floor":52,"key":"DIG"}],"circlet_count":0,"master_deck":["Strike_B","Strike_B","Defend_B","Defend_B+1","Defend_B","Zap+1","StuffTheSpire:Coldhearted+1","Genetic Algorithm+1","Ball Lightning+1","Undo+1","StuffTheSpire:Snapshot+1","Beam Cell","Sunder+1","StuffTheSpire:ShieldGenerator+1","Mirror Shield+1","Beam Cell","Stack+1","ReplayTheSpireMod:Dual Polarity+1","Rip and Tear+1","Go for the Eyes+1","expansioncontent:PrepareCrush","ReplayRNGCard","Conserve Battery","Mirror Shield","StuffTheSpire:CleanHardDrive+1","Loop","Parasite","Stack","Double Energy","Turbo+1","Apotheosis","StuffTheSpire:ShieldGenerator"],"relics":["Cracked Core","aspiration:Nostalgia","TheCursedMod:BlackMagic101","energizedSpire:OgreHead","vexMod:BigBerry","RollingBoulder","Shovel","Juzu Bracelet","infinitespire:WardingShard","War Paint","conspire:TopHat","infinitespire:EvilPickle","hubris:64BitClover","CrustySpines","hubris:Towel","Bronze Scales","Potion Belt","ReplayFunnel","Replay:Bottled Flurry","halation:Sosunser","Toy Ornithopter","Whetstone"],"acts_visited":["Exordium","TheCity","TheBeyond","TheEnding"],"potions_floor_usage":[16,22,25,25,36,36,50,55,55,55],"damage_taken":[{"damage":7,"enemies":"2 Louse","floor":1,"turns":3},{"damage":1,"enemies":"Jaw Worm","floor":4,"turns":3},{"damage":0,"enemies":"Cultist","floor":5,"turns":4},{"damage":0,"enemies":"3 Louse","floor":7,"turns":3},{"damage":0,"enemies":"Blue Slaver","floor":9,"turns":7},{"damage":2,"enemies":"Blue Slaver","floor":11,"turns":5},{"damage":5,"enemies":"Lots of Slimes","floor":13,"turns":3},{"damage":7,"enemies":"3 Louse","floor":14,"turns":3},{"damage":9,"enemies":"Hexaghost","floor":16,"turns":11},{"damage":0,"enemies":"Spheric Guardian","floor":18,"turns":3},{"damage":38,"enemies":"conspire:FuzzyDice","floor":19,"turns":5},{"damage":0,"enemies":"Snake Plant","floor":21,"turns":4},{"damage":4,"enemies":"3 Cultists","floor":22,"turns":5},{"damage":0,"enemies":"Snecko","floor":24,"turns":5},{"damage":5,"enemies":"Slavers","floor":25,"turns":6},{"damage":0,"enemies":"Shelled Parasite and Fungi","floor":30,"turns":4},{"damage":10,"enemies":"Pondfish","floor":33,"turns":20},{"damage":2,"enemies":"3 Shapes","floor":35,"turns":5},{"damage":68,"enemies":"2 Orb Walkers","floor":36,"turns":6},{"damage":19,"enemies":"conspire:MimicChest","floor":37,"turns":8},{"damage":0,"enemies":"Orb Walker","floor":38,"turns":3},{"damage":0,"enemies":"4 Shapes","floor":41,"turns":8},{"damage":29,"enemies":"Nemesis","floor":44,"turns":6},{"damage":1,"enemies":"Writhing Mass","floor":46,"turns":6},{"damage":49,"enemies":"Reptomancer","floor":47,"turns":11},{"damage":4,"enemies":"Spire Growth","floor":48,"turns":5},{"damage":53,"enemies":"Donu and Deca","floor":50,"turns":11},{"damage":50,"enemies":"Shield and Spear","floor":54,"turns":9},{"damage":20,"enemies":"The Heart","floor":55,"turns":7}],"seed_played":"-4776286927678933046","potions_obtained":[{"floor":11,"key":"Explosive Potion"},{"floor":13,"key":"SteroidPotion"},{"floor":14,"key":"Adrenaline Potion"},{"floor":19,"key":"Reflective Coating"},{"floor":22,"key":"SteroidPotion"},{"floor":24,"key":"PowerPotion"},{"floor":35,"key":"Block Potion"},{"floor":37,"key":"Energy Potion"},{"floor":44,"key":"SteroidPotion"}],"is_trial":false,"path_per_floor":["M","?","?","M","M","R","M","?","MIM","R","M","R","M","M","R","B",null,"M","M","AVR","M","M","R","M","E","T","R","$","R","M","?","R","B",null,"M","?","?","M","?","R","M","?","T","E","?","M","E","M","R","B",null,"R","$","E","B"],"character_chosen":"DEFECT","items_purchased":["War Paint","Turbo+1","halation:Sosunser","Fire Potion","SpeedPotion","sneckomod:MuddlingPotion","Toy Ornithopter","Apotheosis"],"campfire_rested":3,"item_purchase_floors":[28,53,53,53,53,53,53,53],"current_hp_per_floor":[68,61,61,60,60,60,60,60,60,60,58,58,53,46,68,59,75,75,37,67,67,63,63,63,58,58,58,58,58,58,46,77,67,105,103,35,16,16,16,47,47,47,47,18,92,91,42,38,65,12,92,92,92,42,37,37],"gold":185,"neow_bonus":"NOSTALGIA","is_daily":false,"chose_seed":false,"campfire_upgraded":3,"win_rate":0.0,"timestamp":1610649243,"path_taken":["M","?","?","M","?","R","M","?","MIM","R","M","R","M","M","R","BOSS","M","?","AVR","M","M","R","M","E","T","R","$","R","M","?","R","BOSS","M","?","?","M","?","R","M","?","T","E","?","M","E","M","R","BOSS","R","$","E","BOSS"],"items_purchased_type":["Relic","Card","Relic","Potion","Potion","Potion","Relic","Card"],"build_version":"2020-12-22","purchased_purges":1,"victory":false,"max_hp_per_floor":[75,75,75,75,75,75,75,75,75,75,75,75,75,75,75,75,75,75,75,105,105,105,105,105,105,105,105,105,105,105,105,105,105,105,105,105,105,105,105,105,105,105,105,105,92,92,92,92,92,92,92,92,92,92,92,92],"card_choices":[{"not_picked":["Scrape","ReplayTheSpireMod:GoodbyeWorld"],"picked":"StuffTheSpire:Coldhearted","floor":1},{"not_picked":["Beam Cell","ReplayTheSpireMod:Reroute Power"],"picked":"Genetic Algorithm","floor":4},{"not_picked":["StuffTheSpire:Coldhearted","Barrage"],"picked":"Ball Lightning","floor":5},{"not_picked":["Hologram","Force Field","Skim"],"picked":"SKIP","floor":7},{"not_picked":["Ball Lightning","Crystallizer"],"picked":"StuffTheSpire:SnapShoot","floor":9},{"not_picked":["Streamline","Ball Lightning"],"picked":"Beam Cell","floor":11},{"not_picked":["Redo","StuffTheSpire:Rend"],"picked":"Sunder","floor":13},{"not_picked":["hubris:SpecializedCircuitry","Ball Lightning"],"picked":"StuffTheSpire:ShieldGenerator","floor":14},{"not_picked":["Fission","Reboot"],"picked":"Mirror Shield","floor":16},{"not_picked":["Undo","Compile Driver"],"picked":"Beam Cell","floor":18},{"not_picked":["Redo","Coolheaded+1"],"picked":"Stack+1","floor":19},{"not_picked":["Sweeping Beam","StuffTheSpire:Plugnplay+1"],"picked":"ReplayTheSpireMod:Dual Polarity+1","floor":21},{"not_picked":["Skim","Hologram+1","Reprogram"],"picked":"SKIP","floor":22},{"not_picked":["StuffTheSpire:Coldhearted","Storm+1","Rebound"],"picked":"SKIP","floor":24},{"not_picked":["ReplayTheSpireMod:Dual Polarity","Steam"],"picked":"Rip and Tear+1","floor":25},{"not_picked":["Beam Cell","Capacitor"],"picked":"Go for the Eyes+1","floor":30},{"not_picked":["Fission","StuffTheSpire:Purify"],"picked":"ReplayRNGCard","floor":33},{"not_picked":["Hologram","Gash"],"picked":"Conserve Battery","floor":35},{"not_picked":["BasicCrystalCard+1","Rebound+1"],"picked":"Mirror Shield","floor":37},{"not_picked":["Darkness+1","Steam","Leap"],"picked":"SKIP","floor":38},{"not_picked":["StuffTheSpire:Rend","BasicCrystalCard"],"picked":"StuffTheSpire:CleanHardDrive+1","floor":41},{"not_picked":["Storm+1","Sweeping Beam+1"],"picked":"Loop","floor":44},{"not_picked":["Sunder+1","Hologram"],"picked":"Stack","floor":46},{"not_picked":["Hologram+1","Rip and Tear+1"],"picked":"Double Energy","floor":47},{"not_picked":["Sweeping Beam+1","Steam","StuffTheSpire:Purify"],"picked":"SKIP","floor":48},{"not_picked":["Hologram+1","Redo"],"picked":"StuffTheSpire:ShieldGenerator","floor":54}],"player_experience":171581,"relics_obtained":[{"floor":25,"key":"Shovel"},{"floor":26,"key":"Juzu Bracelet"},{"floor":27,"key":"infinitespire:WardingShard"},{"floor":29,"key":"conspire:TopHat"},{"floor":36,"key":"hubris:64BitClover"},{"floor":37,"key":"CrustySpines"},{"floor":43,"key":"Bronze Scales"},{"floor":44,"key":"Potion Belt"},{"floor":47,"key":"ReplayFunnel"},{"floor":52,"key":"Replay:Bottled Flurry"},{"floor":54,"key":"Whetstone"}],"event_choices":[{"cards_removed":["Strike_B"],"damage_healed":0,"gold_gain":0,"player_choice":"Card Removal","damage_taken":7,"max_hp_gain":0,"max_hp_loss":0,"event_name":"Golden Wing","floor":2,"gold_loss":0},{"cards_removed":["Defend_B"],"damage_healed":0,"gold_gain":0,"player_choice":"Purged","damage_taken":0,"max_hp_gain":0,"max_hp_loss":0,"event_name":"Purifier","floor":3,"gold_loss":0},{"damage_healed":0,"gold_gain":0,"player_choice":"CARD ","damage_taken":12,"max_hp_gain":0,"max_hp_loss":0,"event_name":"Knowing Skull","floor":31,"potions_obtained":[],"gold_loss":0,"cards_obtained":["expansioncontent:PrepareCrush"]},{"damage_healed":0,"gold_gain":0,"player_choice":"Fight","damage_taken":0,"max_hp_gain":0,"max_hp_loss":0,"event_name":"Mysterious Sphere","floor":36,"gold_loss":0},{"damage_healed":0,"gold_gain":0,"player_choice":"Forge","damage_taken":0,"max_hp_gain":0,"max_hp_loss":0,"event_name":"Accursed Blacksmith","floor":42,"gold_loss":0,"cards_upgraded":["StuffTheSpire:ShieldGenerator"]},{"damage_healed":92,"gold_gain":0,"player_choice":"Heal","damage_taken":0,"max_hp_gain":0,"max_hp_loss":13,"event_name":"The Moai Head","floor":45,"gold_loss":0}],"is_beta":false,"boss_relics":[{"not_picked":["vexMod:TanglingVine","Replay:Bronze Core"],"picked":"energizedSpire:OgreHead"},{"not_picked":["CosmicIsotope","Philosopher\u0027s Stone","Sozu"]}],"items_purged_floors":[28],"is_endless":false,"potions_floor_spawned":[11,13,14,19,22,24,35,37,44],"killed_by":"The Heart","ascension_level":0}}