{"host":"appz8zkad29u9482","time":1610585097,"event":{"mods":["2.2 Compatiblity","Act Like it!","Aspiration","BaseMod","Beaked The Cultist","Better Altar","Better Match","Better Note","Better Skull","Better Third Choice","BetterRewards","CapriCore","Conspire","Disable Question Mark Monsters","Energized Spire","Gensokyo","GifTheSpireLib","Gold Saver","Halation","Hermit","Hubris","Infinite Spire","Jedi Mod","Marisa????????","Minty Spire (QoL Compilation)","Permanent Neow","Reimu??????","Replay The Spire","Somnambulant","Spicy Shops","StSLib","Strawberry Spire","Stuff the Spire","The Administrix","The Animator","The Cursed","The Hierophant","The Immortal","yUi"],"gold_per_floor":[132,132,132,132,132,159,159,190,243,258,271,305,0,0,0,95,95,110,125,125,143,163,163,190,190,214,239,253,253,288,303,303,407,407,420,91,91,91],"floor_reached":37,"language":"ENG","playtime":2383,"items_purged":[],"score":594,"play_id":"07fdc13c-1a32-46a5-9756-9af23ef69951","local_time":"20210113144457","is_ascension_mode":true,"campfire_choices":[{"floor":7,"key":"REST"},{"floor":23,"key":"REST"},{"floor":25,"key":"REST"},{"floor":32,"key":"REST"}],"circlet_count":0,"master_deck":["Strike_G","Strike_G","Strike_G","Strike_G","Defend_G","Defend_G","Defend_G","Defend_G","Defend_G","Neutralize","m_Survivalism","ReplayTheSpireMod:??????????????????????+1","conspire:PoisonWeapons","StuffTheSpire:Sprint","strawberrySpire:Trickbox","jedi:collectorvenom","Dagger Spray","Enlightenment","Corpse Explosion","StuffTheSpire:Python","ReplayTheSpireMod:Black Plague","StuffTheSpire:Python","jedi:studypoison","jedi:studypoison","Catalyst","Poisoned Stab"],"relics":["Ring of the Snake","NeowsBlessing","hubris:CrystalStatue","aspiration:TomeofQuesting","Replay:Rubber Ducky","aspiration:Lifesprig","hubris:Icosahedron","strawberrySpire:SolarisEssence","Tough Bandages","StuffTheSpire:Gunfinga","infinitespire:PuzzleCube","GremlinMask","infinitespire:Satchel","aspiration:SecretTechniqueScroll","Toy Ornithopter"],"acts_visited":["Exordium","TheCity","TheBeyond"],"potions_floor_usage":[16,19,21,27,30,30,31,37,37,37],"damage_taken":[{"damage":0,"enemies":"Small Slimes","floor":1,"turns":1},{"damage":0,"enemies":"3 Sentries","floor":6,"turns":1},{"damage":0,"enemies":"Gremlin Nob","floor":8,"turns":1},{"damage":0,"enemies":"Cultist","floor":10,"turns":3},{"damage":0,"enemies":"Jaw Worm","floor":11,"turns":2},{"damage":17,"enemies":"3 Sentries","floor":12,"turns":9},{"damage":3,"enemies":"Fading Forest","floor":16,"turns":11},{"damage":15,"enemies":"Shell Parasite","floor":18,"turns":7},{"damage":25,"enemies":"Spheric Guardian","floor":19,"turns":6},{"damage":10,"enemies":"conspire:HollyBat","floor":21,"turns":8},{"damage":1,"enemies":"Snake Plant","floor":22,"turns":4},{"damage":19,"enemies":"Slavers","floor":24,"turns":4},{"damage":12,"enemies":"Gremlin Leader","floor":27,"turns":7},{"damage":14,"enemies":"Centurion and Healer","floor":28,"turns":3},{"damage":6,"enemies":"Slavers","floor":30,"turns":2},{"damage":0,"enemies":"Snecko","floor":31,"turns":3},{"damage":21,"enemies":"hubris:MusketHawk","floor":33,"turns":6},{"damage":31,"enemies":"3 Darklings","floor":35,"turns":3},{"damage":33,"enemies":"infinitespire:Three Voidlings","floor":37,"turns":2},{"damage":57,"enemies":"Nightmare_Alpha","floor":37,"turns":4}],"seed_played":"8452246525503403307","potions_obtained":[{"floor":8,"key":"BlessingOfTheForge"},{"floor":11,"key":"Elixir"},{"floor":12,"key":"Languid Potion"},{"floor":16,"key":"Swift Potion"},{"floor":19,"key":"SpeedPotion"},{"floor":21,"key":"Explosive Potion"},{"floor":27,"key":"ColorlessPotion"},{"floor":28,"key":"DistilledChaos"},{"floor":35,"key":"AttackPotion"}],"is_trial":false,"path_per_floor":["M","?","?","?","?","E","R","E","T","M","M","E","?","?","R","B",null,"M","M","AVR","M","M","R","E","R","T","E","M","?","E","M","R","B",null,"M","$","?"],"character_chosen":"THE_SILENT","items_purchased":["Strength Potion","PowerPotion","Toy Ornithopter","Poisoned Stab"],"campfire_rested":4,"item_purchase_floors":[36,36,36,36],"current_hp_per_floor":[70,70,70,54,54,54,70,70,70,70,70,53,59,52,52,54,76,61,41,41,36,35,57,38,60,60,48,34,34,28,28,50,29,76,45,45,0,0],"gold":91,"neow_bonus":"THREE_ENEMY_KILL","is_daily":false,"chose_seed":false,"campfire_upgraded":0,"win_rate":0.0,"timestamp":1610585097,"path_taken":["M","?","?","?","?","E","R","E","T","M","?","E","?","?","R","BOSS","M","M","AVR","M","M","R","E","R","T","E","M","?","E","?","R","BOSS","M","$","?"],"items_purchased_type":["Potion","Potion","Relic","Card"],"build_version":"2020-12-22","purchased_purges":0,"victory":false,"max_hp_per_floor":[70,70,70,70,70,70,70,70,70,70,70,70,76,76,76,76,76,76,76,76,76,76,76,76,76,76,76,76,76,76,76,76,76,76,76,76,76,76],"card_choices":[{"not_picked":["strawberrySpire:Insectonator","strawberrySpire:SpinKick"],"picked":"StuffTheSpire:BrimstoneBlast","floor":1},{"not_picked":["infinitespire:Collect","hubris:InfiniteBlow+1"],"picked":"ReplayTheSpireMod:??????????????????????","floor":4},{"not_picked":["Deflect","hubris:Sniper"],"picked":"conspire:PoisonWeapons","floor":6},{"not_picked":["strawberrySpire:Slide","strawberrySpire:SideSwipe"],"picked":"StuffTheSpire:Sprint","floor":8},{"not_picked":["jedi:poisonivy","Cloak And Dagger"],"picked":"strawberrySpire:Trickbox","floor":10},{"not_picked":["Crippling Poison","strawberrySpire:SpinKick"],"picked":"jedi:collectorvenom","floor":11},{"not_picked":["Hidden Blade","Heel Hook"],"picked":"Dagger Spray","floor":12},{"not_picked":["Bullet Time","Grand Finale"],"picked":"Corpse Explosion","floor":16},{"not_picked":["Bane","Masterful Stab"],"picked":"StuffTheSpire:Python","floor":18},{"not_picked":["Setup+1","StuffTheSpire:BumpUp","Fluid Movement"],"picked":"SKIP","floor":19},{"not_picked":["hubris:TrickCloak","Blade Dance","strawberrySpire:Rummage"],"picked":"SKIP","floor":21},{"not_picked":["Leg Sweep","StuffTheSpire:Injection"],"picked":"StuffTheSpire:Python","floor":22},{"not_picked":["StuffTheSpire:Incantation","Distraction+1"],"picked":"jedi:collectorvenom","floor":24},{"not_picked":["StuffTheSpire:Injection+1","Dodge and Roll"],"picked":"jedi:studypoison","floor":27},{"not_picked":["Calculated Gamble","StuffTheSpire:BumpUp","strawberrySpire:Plunge"],"picked":"SKIP","floor":28},{"not_picked":["jedi:unstablefumes","jedi:pocketpoison"],"picked":"jedi:collectorvenom","floor":30},{"not_picked":["strawberrySpire:Fastroyer","Quick Slash+1"],"picked":"jedi:collectorvenom","floor":31},{"not_picked":["jedi:collectorvenom","jedi:brewingpoison"],"picked":"jedi:studypoison","floor":33},{"not_picked":["jedi:collectorvenom","Deadly Poison"],"picked":"Catalyst","floor":35}],"player_experience":562587,"relics_obtained":[{"floor":6,"key":"hubris:CrystalStatue"},{"floor":8,"key":"aspiration:TomeofQuesting"},{"floor":9,"key":"Replay:Rubber Ducky"},{"floor":12,"key":"aspiration:Lifesprig"},{"floor":24,"key":"StuffTheSpire:Gunfinga"},{"floor":27,"key":"infinitespire:PuzzleCube"},{"floor":30,"key":"infinitespire:Satchel"}],"event_choices":[{"cards_removed":["StuffTheSpire:BrimstoneBlast"],"damage_healed":0,"gold_gain":0,"player_choice":"Offered Uncommon","damage_taken":0,"max_hp_gain":0,"max_hp_loss":0,"event_name":"Bonfire Elementals","floor":2,"gold_loss":0},{"damage_healed":0,"gold_gain":0,"player_choice":"Upgraded","damage_taken":0,"max_hp_gain":0,"max_hp_loss":0,"event_name":"Upgrade Shrine","floor":5,"gold_loss":0,"cards_upgraded":["ReplayTheSpireMod:??????????????????????"]},{"damage_healed":0,"gold_gain":0,"player_choice":"RENOUNCE","damage_taken":305,"max_hp_gain":0,"max_hp_loss":0,"event_name":"betterThird:BetterSerpent","floor":13,"gold_loss":305,"cards_obtained":["Enlightenment"]},{"cards_removed":["Strike_G"],"damage_healed":0,"gold_gain":0,"player_choice":"Card Removal","damage_taken":7,"max_hp_gain":0,"max_hp_loss":0,"event_name":"Golden Wing","floor":14,"gold_loss":0},{"damage_healed":0,"gold_gain":0,"player_choice":"Trade","damage_taken":0,"relics_obtained":["GremlinMask"],"max_hp_gain":0,"max_hp_loss":0,"event_name":"FaceTrader","floor":29,"gold_loss":0}],"is_beta":false,"boss_relics":[{"not_picked":["infinitespire:Cupcake","aspiration:RitualDagger"],"picked":"strawberrySpire:SolarisEssence"},{"not_picked":["ChewingGum","aspiration:FutureDiary"],"picked":"aspiration:SecretTechniqueScroll"}],"items_purged_floors":[],"is_endless":false,"potions_floor_spawned":[8,11,12,16,19,21,22,27,28,35],"killed_by":"Nightmare_Alpha","ascension_level":4}}