{"host":"d23wowvt3mehu8rg","time":1610658779,"event":{"mods":["BaseMod","Colored Powertips","Dark Map","Highlight Path","Minty Spire (QoL Compilation)","Slay-I"],"gold_per_floor":[115,134,144,158,172,172,172,172,224,149,249,265,265,284,284,379,379,396,411,87,104,104,104,134,9,9,37,37,53,70,86,86,187,187,201,76,90,90,104,104,104,104],"floor_reached":41,"language":"ENG","playtime":8281,"items_purged":["Defend_R","Anger","Strike_R"],"score":448,"play_id":"c935126e-0930-4216-9d75-36846913d56d","local_time":"20210114221259","is_ascension_mode":true,"campfire_choices":[{"data":"Rage","floor":6,"key":"SMITH"},{"data":"True Grit","floor":8,"key":"SMITH"},{"data":"Pommel Strike","floor":13,"key":"SMITH"},{"data":"Bash","floor":15,"key":"SMITH"},{"data":"Apotheosis","floor":23,"key":"SMITH"},{"data":"Evolve","floor":28,"key":"SMITH"},{"floor":32,"key":"RECALL"},{"floor":40,"key":"REST"}],"circlet_count":0,"master_deck":["Strike_R","Strike_R","Strike_R","Defend_R","Defend_R","Defend_R","Bash+1","Exhume","Pommel Strike+1","Dropkick","True Grit+1","Rage+1","Offering","Apotheosis+1","Evolve+1","Inflame","Wild Strike","Whirlwind","Fire Breathing","Double Tap","Anger+1","Shrug It Off+1","Trip","Finesse","Fire Breathing+1"],"relics":["Burning Blood","Mark of Pain","Pear","Meat on the Bone","Centennial Puzzle","Fusion Hammer"],"acts_visited":["Exordium","TheCity","TheBeyond"],"potions_floor_usage":[16,16,21,24,27,39,41],"damage_taken":[{"damage":5,"enemies":"Cultist","floor":1,"turns":4},{"damage":0,"enemies":"Small Slimes","floor":2,"turns":2},{"damage":7,"enemies":"2 Louse","floor":3,"turns":2},{"damage":15,"enemies":"Gremlin Gang","floor":4,"turns":8},{"damage":7,"enemies":"Red Slaver","floor":5,"turns":2},{"damage":8,"enemies":"Lots of Slimes","floor":12,"turns":6},{"damage":12,"enemies":"Large Slime","floor":14,"turns":6},{"damage":9,"enemies":"Slime Boss","floor":16,"turns":7},{"damage":10,"enemies":"Shell Parasite","floor":18,"turns":5},{"damage":29,"enemies":"3 Byrds","floor":19,"turns":7},{"damage":22,"enemies":"3 Cultists","floor":21,"turns":6},{"damage":16,"enemies":"Gremlin Leader","floor":24,"turns":7},{"damage":35,"enemies":"Slavers","floor":27,"turns":5},{"damage":8,"enemies":"Snake Plant","floor":29,"turns":4},{"damage":13,"enemies":"Centurion and Healer","floor":30,"turns":2},{"damage":6,"enemies":"Snecko","floor":31,"turns":3},{"damage":18,"enemies":"Automaton","floor":33,"turns":6},{"damage":12,"enemies":"3 Darklings","floor":35,"turns":5},{"damage":28,"enemies":"3 Shapes","floor":37,"turns":6},{"damage":12,"enemies":"Maw","floor":39,"turns":5},{"damage":86,"enemies":"Nemesis","floor":41,"turns":6}],"seed_played":"2874116059018035075","potions_obtained":[{"floor":1,"key":"ColorlessPotion"},{"floor":3,"key":"DistilledChaos"},{"floor":5,"key":"Dexterity Potion"},{"floor":21,"key":"EntropicBrew"},{"floor":30,"key":"SpeedPotion"},{"floor":37,"key":"Weak Potion"}],"is_trial":false,"path_per_floor":["M","M","M","M","M","R","?","R","T","$","?","M","R","M","R","B",null,"M","M","$","M","$","R","E","$","T","E","R","M","M","M","R","B",null,"M","$","M","?","M","R","E"],"character_chosen":"IRONCLAD","items_purchased":["Apotheosis","Evolve","Inflame","Wild Strike"],"campfire_rested":1,"item_purchase_floors":[20,20,25,25],"current_hp_per_floor":[80,80,79,70,69,69,62,62,62,62,62,60,60,54,54,51,80,76,53,53,37,37,37,37,37,37,20,20,30,35,47,47,47,90,84,84,62,52,58,85,0,0],"gold":104,"neow_bonus":"ONE_RANDOM_RARE_CARD","is_daily":false,"chose_seed":false,"campfire_upgraded":6,"win_rate":0.0,"timestamp":1610658779,"path_taken":["M","?","M","M","M","R","?","R","T","$","?","M","R","M","R","BOSS","M","?","$","M","?","R","E","$","T","E","R","M","M","?","R","BOSS","M","$","?","?","M","R","E"],"items_purchased_type":["Card","Card","Card","Card"],"build_version":"2020-12-22","purchased_purges":3,"victory":false,"max_hp_per_floor":[80,80,80,80,80,80,80,80,80,80,80,80,80,80,80,80,80,80,80,80,80,80,80,90,90,90,90,90,90,90,90,90,90,90,90,90,90,90,90,90,90,90],"card_choices":[{"not_picked":["Flame Barrier","Havoc"],"picked":"Pommel Strike","floor":1},{"not_picked":["Warcry","Body Slam"],"picked":"Dropkick","floor":2},{"not_picked":["Headbutt","Evolve"],"picked":"True Grit","floor":3},{"not_picked":["Shrug It Off","Sword Boomerang"],"picked":"Rage","floor":4},{"not_picked":["Body Slam","Feel No Pain","Clash"],"picked":"SKIP","floor":5},{"not_picked":["Body Slam","Feel No Pain","Clash"],"picked":"SKIP","floor":5},{"not_picked":["Dark Embrace","Bludgeon"],"picked":"Anger","floor":12},{"not_picked":["Flex","Clothesline","Disarm"],"picked":"SKIP","floor":14},{"not_picked":["Berserk","Impervious"],"picked":"Offering","floor":16},{"not_picked":["Infernal Blade","Pommel Strike","Flex"],"picked":"SKIP","floor":18},{"not_picked":["Power Through","Hemokinesis","True Grit"],"picked":"SKIP","floor":19},{"not_picked":["Armaments","Bloodletting","Berserk"],"picked":"SKIP","floor":21},{"not_picked":["Rampage","Bludgeon","Searing Blow"],"picked":"SKIP","floor":24},{"not_picked":["Dark Embrace","Iron Wave+1","Flame Barrier"],"picked":"SKIP","floor":27},{"not_picked":["Carnage","Shockwave"],"picked":"Whirlwind","floor":29},{"not_picked":["Headbutt","Twin Strike+1"],"picked":"Fire Breathing","floor":30},{"not_picked":["Clothesline","Cleave"],"picked":"Double Tap","floor":31},{"not_picked":["Sword Boomerang+1","Second Wind+1"],"picked":"Anger+1","floor":35},{"not_picked":["Thunderclap+1","Sword Boomerang"],"picked":"Shrug It Off+1","floor":37},{"not_picked":["Jack Of All Trades","Deep Breath"],"picked":"Trip","floor":38},{"not_picked":["Jack Of All Trades","Mind Blast"],"picked":"Finesse","floor":38},{"not_picked":["Wild Strike","Evolve"],"picked":"Fire Breathing+1","floor":39}],"player_experience":185055,"relics_obtained":[{"floor":24,"key":"Pear"},{"floor":26,"key":"Meat on the Bone"},{"floor":27,"key":"Centennial Puzzle"}],"event_choices":[{"cards_removed":["Strike_R"],"damage_healed":0,"gold_gain":0,"player_choice":"Card Removal","damage_taken":7,"max_hp_gain":0,"max_hp_loss":0,"event_name":"Golden Wing","floor":7,"gold_loss":0},{"damage_healed":0,"gold_gain":100,"player_choice":"Pray","damage_taken":0,"max_hp_gain":0,"max_hp_loss":0,"event_name":"Golden Shrine","floor":11,"gold_loss":0},{"damage_healed":0,"gold_gain":0,"player_choice":"Memory 3","damage_taken":10,"max_hp_gain":0,"max_hp_loss":0,"event_name":"SensoryStone","floor":38,"gold_loss":0}],"is_beta":false,"boss_relics":[{"not_picked":["Black Star","Sozu"],"picked":"Mark of Pain"},{"not_picked":["Coffee Dripper","Runic Cube"],"picked":"Fusion Hammer"}],"items_purged_floors":[10,20,36],"is_endless":false,"potions_floor_spawned":[1,3,5,14,21,24,30,37],"killed_by":"Nemesis","ascension_level":1}}