{"host":"95i1gxnztdrdyvhi","time":1610668104,"event":{"mods":["100% Spire Juice","AchievementEnabler","Act Like it!","BaseMod","Minty Spire (QoL Compilation)","Quick Restart","StSLib"],"gold_per_floor":[112,112,124,139,153,153,178,178,246,260,260,276,288,288,288],"floor_reached":14,"language":"ENG","playtime":662,"items_purged":[],"score":94,"play_id":"defd2c23-a5f3-4ab5-9242-816f09dfa266","local_time":"20210114234824","is_ascension_mode":false,"campfire_choices":[{"data":"Moonworks:Accelerator","floor":6,"key":"SMITH"},{"floor":8,"key":"REST"}],"circlet_count":0,"master_deck":["Moonworks:Strike","Moonworks:Strike","Moonworks:Strike","Moonworks:Strike","Moonworks:Defend","Moonworks:Defend","Moonworks:Defend","Moonworks:Defend","Moonworks:Ambush","Moonworks:LongDistanceShot","Moonworks:Accelerator+1","Moonworks:RedAndBlue","Moonworks:EvilSpyWorkPreparation","Moonworks:NicePresent"],"relics":["Moonworks:BrokenBomb","Moonworks:Homemark","Dead Branch","PreservedInsect","Mummified Hand"],"acts_visited":["Exordium"],"potions_floor_usage":[14,14],"damage_taken":[{"damage":10,"enemies":"Small Slimes","floor":1,"turns":5},{"damage":11,"enemies":"Jaw Worm","floor":3,"turns":3},{"damage":6,"enemies":"Cultist","floor":4,"turns":3},{"damage":6,"enemies":"Exordium Wildlife","floor":5,"turns":3},{"damage":4,"enemies":"Lagavulin","floor":7,"turns":7},{"damage":2,"enemies":"Large Slime","floor":10,"turns":4},{"damage":1,"enemies":"Looter","floor":12,"turns":2},{"damage":0,"enemies":"Blue Slaver","floor":13,"turns":4},{"damage":42,"enemies":"Gremlin Nob","floor":14,"turns":4}],"seed_played":"-8576380495310882404","potions_obtained":[{"floor":1,"key":"PowerPotion"},{"floor":7,"key":"Ancient Potion"},{"floor":11,"key":"Block Potion"}],"is_trial":false,"path_per_floor":["M","?","M","M","M","R","E","R","T","M","?","M","M","E"],"character_chosen":"THE_STARBREAKER","items_purchased":[],"campfire_rested":1,"item_purchase_floors":[],"current_hp_per_floor":[44,37,26,20,14,14,10,26,26,24,24,23,23,0,0],"gold":288,"neow_bonus":"THREE_RARE_CARDS","is_daily":false,"chose_seed":false,"campfire_upgraded":1,"win_rate":0.0,"timestamp":1610668104,"path_taken":["M","?","M","M","M","R","E","R","T","M","?","?","M","E"],"items_purchased_type":[],"build_version":"2020-12-22","purchased_purges":0,"victory":false,"max_hp_per_floor":[54,54,54,54,54,54,54,54,54,54,54,54,54,54,54],"card_choices":[{"not_picked":["Moonworks:HolyNight","Moonworks:FinalBattle"],"picked":"Moonworks:Accelerator","floor":0},{"not_picked":["Moonworks:LulusLuckyEgg","Moonworks:BigMagnum"],"picked":"Moonworks:RedAndBlue","floor":1},{"not_picked":["Moonworks:CloudOfSeagulls","Moonworks:IndiscriminateFireSupport"],"picked":"Moonworks:EvilSpyWorkPreparation","floor":3},{"not_picked":["Moonworks:SelfDestruct","Moonworks:Poppoformation","Moonworks:TacticalRetreat"],"picked":"SKIP","floor":4},{"not_picked":["Moonworks:IndiscriminateFireSupport","Moonworks:DevilHand","Moonworks:SweetBattle"],"picked":"SKIP","floor":5},{"not_picked":["Moonworks:BigMagnum","Moonworks:Gamble","Moonworks:CloudOfSeagulls"],"picked":"SKIP","floor":7},{"not_picked":["Moonworks:Poppoformation","Moonworks:BigMagnum","Moonworks:SakisCookie"],"picked":"SKIP","floor":10},{"not_picked":["Moonworks:DevilHand","Moonworks:ImOnFire","Moonworks:BeyondHell"],"picked":"SKIP","floor":12},{"not_picked":["Moonworks:MiracleRedBeanIceCream","Moonworks:ImOnFire"],"picked":"Moonworks:NicePresent","floor":13}],"player_experience":650003,"relics_obtained":[{"floor":7,"key":"PreservedInsect"},{"floor":9,"key":"Mummified Hand"}],"event_choices":[{"damage_healed":0,"gold_gain":0,"player_choice":"Success","damage_taken":7,"relics_obtained":["Dead Branch"],"max_hp_gain":0,"max_hp_loss":0,"event_name":"Scrap Ooze","floor":2,"gold_loss":0},{"damage_healed":0,"gold_gain":0,"player_choice":"Got Potions","damage_taken":0,"max_hp_gain":0,"max_hp_loss":0,"event_name":"Lab","floor":11,"gold_loss":0}],"is_beta":false,"boss_relics":[],"items_purged_floors":[],"is_endless":false,"potions_floor_spawned":[1,7,13],"killed_by":"Gremlin Nob","ascension_level":0}}