{"host":"evor8co6wap25kfw","time":1610624675,"event":{"mods":["ATMod(阿瑾Mod)","Act Like it!","BaseMod","Conspire","KinomotoSakuraMod(木之本樱)","Koishi","KomeijiMod","Minty Spire (QoL Compilation)","MostiFishMod","Replay The Spire","SOS（斯巴达之子）","StSLib","The Saiyan","The Servant 0.9.4","vexMod","【遗物卡牌】REMEMod"],"gold_per_floor":[115,131,145,320,108,139,186,236,259,259,324,324,224,261,261,440,440,424,530,530,530,600,600,430,506,579,656,775,857,921,1020,1020,1152,1152,1203,1053,1053,878,878,958,1055,1140,1140,1324,1473,1561,1561,1660,1660,1715],"floor_reached":51,"language":"ZHS","playtime":1256,"items_purged":["Doubt","Defend_R","Pain","CommonCold","Defend_R"],"score":1428,"play_id":"935ea811-a779-4292-b81f-1c0eefa1c845","local_time":"20210114194435","is_ascension_mode":true,"campfire_choices":[{"floor":15,"key":"RECALL"},{"data":"AT_MachinaRedman","floor":23,"key":"SMITH"},{"data":"MostiFishMod:RacingGame","floor":32,"key":"SMITH"},{"data":"MostiFishMod:FlyOverUtopia","floor":47,"key":"SMITH"},{"data":"Bash","floor":49,"key":"SMITH"}],"circlet_count":0,"master_deck":["Strike_R","Strike_R","Strike_R","Strike_R","Strike_R","Defend_R","Defend_R","Bash+1","AT_MachinaRedman+1","AT_OneInchPunch","Shrug It Off","Infernal Blade+1","Pommel Strike","Feed","MostiFishMod:FlyOverUtopia+1","MostiFishMod:RacingGame+1","conspire:Charge+1","Heavy Blade+1","MostiFishMod:RacingGame","Flex+1","REME_HeartOfCthun+1"],"relics":["Burning Blood","AT_ATBox","REME_ComplimentaryCards","DaveBox","PatriotShield","NeowsBlessing","SynthV:TestCard","AT_LudenTempest","AT_MibuBalloonWealth","Anchor","Replay:Ancient Bell","Replay:Bandana","Molten Egg 2","conspire:GiftBox","Shuriken","Mummified Hand","Oddly Smooth Stone","Vajra","Pocketwatch","AT_SpeedBoots","Durian","vexMod:BarristanHead"],"acts_visited":["Exordium","TheCity","TheBeyond"],"potions_floor_usage":[28,33,50],"damage_taken":[{"damage":0,"enemies":"Cultist","floor":1,"turns":1},{"damage":0,"enemies":"Jaw Worm","floor":2,"turns":1},{"damage":0,"enemies":"2 Louse","floor":3,"turns":1},{"damage":0,"enemies":"Gremlin Nob","floor":6,"turns":2},{"damage":0,"enemies":"Lagavulin","floor":8,"turns":2},{"damage":0,"enemies":"Large Slime","floor":11,"turns":2},{"damage":0,"enemies":"Looter","floor":14,"turns":1},{"damage":0,"enemies":"Fading Forest","floor":16,"turns":6},{"damage":0,"enemies":"conspire:FuzzyDice","floor":18,"turns":1},{"damage":4,"enemies":"3 Byrds","floor":19,"turns":2},{"damage":0,"enemies":"Centurion and Healer","floor":22,"turns":1},{"damage":0,"enemies":"Chosen and Byrds","floor":25,"turns":2},{"damage":0,"enemies":"Shelled Parasite and Fungi","floor":27,"turns":2},{"damage":0,"enemies":"Slavers","floor":28,"turns":2},{"damage":0,"enemies":"Cultist and Chosen","floor":29,"turns":3},{"damage":4,"enemies":"REME_1_Revenger","floor":30,"turns":2},{"damage":0,"enemies":"3 Cultists","floor":31,"turns":2},{"damage":0,"enemies":"Automaton","floor":33,"turns":1},{"damage":0,"enemies":"Orb Walker","floor":35,"turns":2},{"damage":4,"enemies":"Nemesis","floor":40,"turns":3},{"damage":6,"enemies":"3 Shapes","floor":41,"turns":1},{"damage":4,"enemies":"Giant Head","floor":42,"turns":3},{"damage":4,"enemies":"Reptomancer","floor":44,"turns":3},{"damage":0,"enemies":"3 Darklings","floor":45,"turns":1},{"damage":4,"enemies":"Transient","floor":46,"turns":3},{"damage":4,"enemies":"Sphere and 2 Shapes","floor":48,"turns":1},{"damage":4,"enemies":"Time Eater","floor":50,"turns":3}],"seed_played":"5087999760258230070","potions_obtained":[{"floor":2,"key":"Block Potion"},{"floor":3,"key":"Explosive Potion"},{"floor":11,"key":"Fire Potion"},{"floor":27,"key":"BlessingOfTheForge"},{"floor":28,"key":"REME_GoldPotion"},{"floor":35,"key":"PowerPotion"}],"is_trial":false,"path_per_floor":["M","M","M","?","$","E","T","E","T","?","M","?","$","M","R","B",null,"M","M","T","?","M","R","$","M","T","M","E","M","E","M","R","B",null,"M","$","?","$","?","E","M","E","T","E","M","M","R","M","R","B",null],"character_chosen":"IRONCLAD","items_purchased":["Feed","Heavy Blade+1"],"campfire_rested":0,"item_purchase_floors":[5,24],"current_hp_per_floor":[80,80,80,80,80,80,80,80,80,80,80,80,80,83,83,83,83,83,86,86,86,86,86,86,89,89,92,95,95,95,98,98,98,98,98,98,98,98,98,98,98,98,103,107,107,111,111,111,111,111],"gold":1715,"neow_bonus":"THREE_ENEMY_KILL","is_daily":false,"chose_seed":false,"campfire_upgraded":4,"win_rate":0.0,"timestamp":1610624675,"path_taken":["M","M","?","?","$","E","?","E","T","?","M","?","?","?","R","BOSS","M","?","?","?","M","R","$","M","T","?","E","M","E","M","R","BOSS","M","$","?","$","?","E","?","E","T","E","M","M","R","?","R","BOSS"],"items_purchased_type":["Card","Card"],"build_version":"2020-12-22","purchased_purges":5,"victory":true,"max_hp_per_floor":[80,80,80,80,80,80,80,80,80,80,80,80,80,83,83,83,83,83,86,86,86,86,86,86,89,89,92,95,95,95,98,98,98,98,98,98,98,98,98,98,98,98,103,107,107,111,111,111,111,111],"card_choices":[{"not_picked":["Twin Strike","Perfected Strike"],"picked":"Shrug It Off","floor":1},{"not_picked":["Havoc","Warcry","Entrench","Body Slam"],"picked":"Infernal Blade","floor":2},{"not_picked":["Feel No Pain","Havoc","Sword Boomerang","Thunderclap"],"picked":"Pommel Strike","floor":3},{"not_picked":["Iron Wave","Disarm","Pommel Strike","Sword Boomerang","Uppercut"],"picked":"SKIP","floor":6},{"not_picked":["Rupture","Disarm","Headbutt","Replay:Undeath\u0027s Touch","Body Slam"],"picked":"SKIP","floor":8},{"not_picked":["True Grit","MostiFishMod:Chiaki","Seeing Red","Sword Boomerang","Clash"],"picked":"SKIP","floor":11},{"not_picked":["Thunderclap","Perfected Strike","True Grit","Armaments","Shrug It Off"],"picked":"SKIP","floor":14},{"not_picked":["Eclipse","Juggernaut","MostiFishMod:UltimateDefense","MostiFishMod:DarkDeal"],"picked":"MostiFishMod:FlyOverUtopia","floor":16},{"not_picked":["MostiFishMod:Chiaki","REME_TheLastStrike+1"],"picked":"MostiFishMod:RacingGame","floor":17},{"not_picked":["Overencumbered","Confused","ReplayTheSpireMod:Splinters","ReplayTheSpireMod:Restless Dread"],"picked":"Pain","floor":17},{"not_picked":["Replay:Hysterical Blindness","conspire:Blindness","ReplayTheSpireMod:Splinters","Pain"],"picked":"ReplayTheSpireMod:IOU","floor":17},{"not_picked":["ReplayTheSpireMod:Splinters","Spreading Infection","AbeCurse","Languid"],"picked":"CommonCold","floor":17},{"not_picked":["Perfected Strike+1","Iron Wave+1","AT_CaressingTears","AT_IchimonjiDouble+1","Thunderclap+1"],"picked":"SKIP","floor":18},{"not_picked":["Replay:Undeath\u0027s Touch+1","Massacre+1","MostiFishMod:RainCloud+1","Twin Strike+1"],"picked":"conspire:Charge+1","floor":19},{"not_picked":["Thunderclap+1","Dual Wield","Pommel Strike+1","Defy Death","Headbutt+1"],"picked":"SKIP","floor":22},{"not_picked":["Hemokinesis+1","Clothesline+1","Disarm","REME_SingleHolding+1","Warcry"],"picked":"SKIP","floor":25},{"not_picked":["conspire:ExplosiveBarrier+1","Headbutt+1","AT_ShrugMaster+1","Battle Trance+1","Sword Boomerang+1"],"picked":"SKIP","floor":27},{"not_picked":["Uppercut+1","AT_ShrugMaster","Thunderclap+1","ReplayTheSpireMod:Strike From Hell+1","Replay:Many Hands"],"picked":"SKIP","floor":28},{"not_picked":["Body Slam+1","Shrug It Off","Cleave+1","Dark Embrace","Reckless Charge+1"],"picked":"SKIP","floor":29},{"not_picked":["Clash+1","Body Slam+1","Wild Strike+1","Cleave+1"],"picked":"MostiFishMod:RacingGame","floor":30},{"not_picked":["AT_BodySlamDance","Feel No Pain","Body Slam+1","Twin Strike+1","Wild Strike+1"],"picked":"SKIP","floor":31},{"not_picked":["Anger+1","Iron Wave+1","Replay:Undeath\u0027s Touch+1","Body Slam+1"],"picked":"Flex+1","floor":35},{"not_picked":["Impatience","REME_FirmDetermination","AT_CelerityRune","Purity"],"picked":"REME_HeartOfCthun+1","floor":37},{"not_picked":["MostiFishMod:BrandingRite","Rage+1","Pommel Strike+1","REME_SingleHolding","Warcry+1"],"picked":"SKIP","floor":40},{"not_picked":["Uppercut+1","Headbutt+1","Flex","ReplayReversal","MostiFishMod:#F4004"],"picked":"SKIP","floor":41},{"not_picked":["AT_IchimonjiDouble+1","Warcry+1","REME_SingleHolding+1","REME_Scribble","Havoc+1"],"picked":"SKIP","floor":42},{"not_picked":["Whirlwind+1","REME_Cut","ReplayTheSpireMod:Muscle Training+1","Warcry","Massacre+1"],"picked":"SKIP","floor":44},{"not_picked":["Iron Wave+1","Shrug It Off","Replay:Undeath\u0027s Touch+1","AT_ManFootWork","Wild Strike+1"],"picked":"SKIP","floor":45},{"not_picked":["Pommel Strike+1","AT_CaressingTears+1","Fire Breathing+1","Twin Strike+1","Immolate+1"],"picked":"SKIP","floor":46},{"not_picked":["Rupture+1","ReplayTheSpireMod:Corrosion Curse","Pommel Strike+1","Sword Boomerang+1","AT_DiedThrough+1"],"picked":"SKIP","floor":48}],"player_experience":203023,"relics_obtained":[{"floor":1,"key":"SynthV:TestCard"},{"floor":6,"key":"AT_LudenTempest"},{"floor":7,"key":"AT_MibuBalloonWealth"},{"floor":8,"key":"Anchor"},{"floor":20,"key":"Shuriken"},{"floor":26,"key":"Mummified Hand"},{"floor":28,"key":"Oddly Smooth Stone"},{"floor":30,"key":"Vajra"},{"floor":40,"key":"Pocketwatch"},{"floor":42,"key":"AT_SpeedBoots"},{"floor":43,"key":"Durian"},{"floor":44,"key":"vexMod:BarristanHead"}],"event_choices":[{"damage_healed":0,"gold_gain":175,"player_choice":"AGREE","damage_taken":0,"max_hp_gain":0,"max_hp_loss":0,"event_name":"Liars Game","floor":4,"gold_loss":0,"cards_obtained":["Doubt"]},{"damage_healed":0,"gold_gain":0,"player_choice":"Got Potions","damage_taken":0,"max_hp_gain":0,"max_hp_loss":0,"event_name":"Lab","floor":21,"gold_loss":0},{"damage_healed":0,"gold_gain":0,"player_choice":"Memory 1","damage_taken":0,"max_hp_gain":0,"max_hp_loss":0,"event_name":"SensoryStone","floor":37,"gold_loss":0},{"damage_healed":0,"gold_gain":0,"player_choice":"Ignored","damage_taken":0,"max_hp_gain":0,"max_hp_loss":0,"event_name":"SecretPortal","floor":39,"gold_loss":0}],"is_beta":false,"boss_relics":[{"not_picked":["Tiny House","HereWithMe"],"picked":"Replay:Ancient Bell"},{"not_picked":["Replay:Baseball","Strawberry"],"picked":"Replay:Bandana"},{"not_picked":["REME_ArchaeologicalTools","Chameleon Ring"],"picked":"Molten Egg 2"},{"not_picked":["Replay:Kaleidoscope","WingedGreaves"],"picked":"conspire:GiftBox"},{"not_picked":["Snecko Eye","conspire:SeveredTorchhead","Replay:Drink Me"]}],"items_purged_floors":[5,13,24,36,38],"is_endless":false,"potions_floor_spawned":[2,3,11,16,22,27,28,29,35,41,42],"ascension_level":2}}