{"host":"oehe2dxjvdgux73m","time":1610595022,"event":{"mods":["AchievementEnabler","BaseMod","Colored Map","Colored Powertips","DeckTracker","Keyboard Shortcuts","Minty Spire (QoL Compilation)","Permanent Neow","Quick Restart","StSLib","SuperFastMode"],"gold_per_floor":[116,126,136,149,149,176,195,208,262,291,308,308,325,339,339,339,339],"floor_reached":16,"language":"KOR","playtime":1278,"items_purged":[],"score":165,"play_id":"4cb5a607-3bb8-4f94-b3ad-031012c87e7b","local_time":"20210114123022","is_ascension_mode":true,"campfire_choices":[{"data":"Searing Blow","floor":12,"key":"SMITH"},{"data":"Armaments","floor":15,"key":"SMITH"}],"circlet_count":0,"master_deck":["Strike_R","Strike_R","Strike_R","Defend_R","Defend_R","Defend_R","Defend_R","Bash","Seeing Red","Wild Strike","Searing Blow+1","Wild Strike","Second Wind","Carnage","Pommel Strike","Armaments+1"],"relics":["Burning Blood","CultistMask","Bronze Scales","Boot","Eternal Feather"],"acts_visited":["Exordium"],"potions_floor_usage":[10,14,16,16],"damage_taken":[{"damage":2.0,"enemies":"2 Louse","floor":1.0,"turns":3.0},{"damage":6.0,"enemies":"Cultist","floor":2.0,"turns":4.0},{"damage":8.0,"enemies":"Small Slimes","floor":3.0,"turns":4.0},{"damage":9.0,"enemies":"Blue Slaver","floor":4.0,"turns":4.0},{"damage":50.0,"enemies":"3 Sentries","floor":6.0,"turns":11.0},{"damage":1.0,"enemies":"2 Fungi Beasts","floor":7.0,"turns":3.0},{"damage":7.0,"enemies":"Looter","floor":8.0,"turns":3.0},{"damage":18,"enemies":"Lagavulin","floor":10,"turns":5},{"damage":9,"enemies":"Red Slaver","floor":11,"turns":2},{"damage":6,"enemies":"Blue Slaver","floor":13,"turns":3},{"damage":0,"enemies":"2 Fungi Beasts","floor":14,"turns":3},{"damage":36,"enemies":"Hexaghost","floor":16,"turns":8}],"seed_played":"3287979823625742469","potions_obtained":[{"floor":3.0,"key":"Block Potion"},{"floor":4.0,"key":"Ancient Potion"},{"floor":6.0,"key":"HeartOfIron"},{"floor":7.0,"key":"Energy Potion"},{"floor":10,"key":"PowerPotion"}],"is_trial":false,"path_per_floor":["M","M","M","M","?","E","M","M","T","E","M","R","M","M","R","B"],"character_chosen":"IRONCLAD","items_purchased":[],"campfire_rested":0,"item_purchase_floors":[],"current_hp_per_floor":[72,72,70,67,67,23,28,27,27,15,12,21,21,27,36,0,0],"gold":339,"neow_bonus":"REMOVE_TWO","is_daily":false,"chose_seed":false,"campfire_upgraded":2,"win_rate":0.0,"timestamp":1610595022,"path_taken":["M","M","M","M","?","E","M","M","T","E","M","R","?","M","R","BOSS"],"items_purchased_type":[],"build_version":"2020-12-22","purchased_purges":0,"victory":false,"max_hp_per_floor":[72,72,72,72,72,72,72,72,72,72,72,72,72,72,72,72,72],"card_choices":[{"not_picked":["Pommel Strike","Iron Wave"],"picked":"Seeing Red","floor":1.0},{"not_picked":["Cleave","Iron Wave"],"picked":"Wild Strike","floor":2.0},{"not_picked":["Fire Breathing","Clothesline"],"picked":"Searing Blow","floor":3.0},{"not_picked":["Reckless Charge","Headbutt","Rampage"],"picked":"SKIP","floor":4.0},{"not_picked":["Spot Weakness","Perfected Strike"],"picked":"Wild Strike","floor":6.0},{"not_picked":["Headbutt","Warcry"],"picked":"Second Wind","floor":7.0},{"not_picked":["Flex","Anger"],"picked":"Carnage","floor":8.0},{"not_picked":["Headbutt","Ghostly Armor"],"picked":"Pommel Strike","floor":10},{"not_picked":["Headbutt","Disarm","True Grit"],"picked":"SKIP","floor":11},{"not_picked":["Sever Soul","Warcry"],"picked":"Armaments","floor":13},{"not_picked":["Warcry","Armaments","Wild Strike"],"picked":"SKIP","floor":14}],"player_experience":172116,"relics_obtained":[{"floor":6.0,"key":"Bronze Scales"},{"floor":9.0,"key":"Boot"},{"floor":10,"key":"Eternal Feather"}],"event_choices":[{"damage_healed":0.0,"max_hp_gain":0.0,"max_hp_loss":0.0,"gold_gain":0.0,"event_name":"FaceTrader","player_choice":"Trade","floor":5.0,"gold_loss":0.0,"damage_taken":0.0,"relics_obtained":["CultistMask"]}],"is_beta":false,"boss_relics":[],"items_purged_floors":[],"is_endless":false,"potions_floor_spawned":[3,4,6,7,10,11],"killed_by":"Hexaghost","ascension_level":8}}