{"host":"6azrrw3tf7wb0f4b","time":1610644175,"event":{"mods":["BaseMod","DeckTracker","Minty Spire (QoL Compilation)","SuperFastMode"],"gold_per_floor":[109,128,144,144,198,236,112,126,205,205,205,219,219,151,151,272,272,272,51,51,51,51,51,51,51,51,51,51,51,51,51,51],"floor_reached":31,"language":"KOR","playtime":2862,"items_purged":["Strike_B"],"score":440,"play_id":"c0d3a78c-718b-4ef9-9c04-9145d42832b8","local_time":"20210115020935","is_ascension_mode":true,"campfire_choices":[{"data":"Streamline","floor":10,"key":"SMITH"},{"data":"Coolheaded","floor":13,"key":"SMITH"},{"floor":15,"key":"REST"},{"data":"Dualcast","floor":23,"key":"SMITH"},{"floor":30,"key":"REST"}],"circlet_count":0,"master_deck":["AscendersBane","Strike_B","Strike_B+1","Defend_B","Defend_B","Defend_B","Zap","Dualcast+1","Streamline+1","Ball Lightning","Steam","Undo","Coolheaded+1","Go for the Eyes+1","Coolheaded","Capacitor+1","Echo Form+1","Defragment+1","Self Repair+1","Hello World+1","Defragment+1","Turbo+1","Loop+1","Skim+1"],"relics":["Cracked Core","NeowsBlessing","Golden Idol","Incense Burner","Question Card","Frozen Egg 2","Ectoplasm","Lee\u0027s Waffle","Nilry\u0027s Codex","Dream Catcher","Blue Candle","Whetstone"],"acts_visited":["Exordium","TheCity"],"potions_floor_usage":[6,25,31],"damage_taken":[{"damage":6,"enemies":"2 Louse","floor":1,"turns":2},{"damage":0,"enemies":"Small Slimes","floor":2,"turns":1},{"damage":0,"enemies":"Jaw Worm","floor":3,"turns":1},{"damage":36,"enemies":"Gremlin Nob","floor":6,"turns":4},{"damage":0,"enemies":"Blue Slaver","floor":8,"turns":4},{"damage":9,"enemies":"Exordium Thugs","floor":12,"turns":3},{"damage":24,"enemies":"Slime Boss","floor":16,"turns":10},{"damage":10,"enemies":"Shell Parasite","floor":18,"turns":7},{"damage":0,"enemies":"Spheric Guardian","floor":22,"turns":4},{"damage":6,"enemies":"Cultist and Chosen","floor":24,"turns":6},{"damage":26,"enemies":"Slavers","floor":25,"turns":6},{"damage":26,"enemies":"Gremlin Leader","floor":27,"turns":9},{"damage":39,"enemies":"3 Cultists","floor":28,"turns":7},{"damage":16,"enemies":"Snake Plant","floor":29,"turns":4},{"damage":44,"enemies":"Slavers","floor":31,"turns":2}],"seed_played":"188541652869564734","potions_obtained":[{"floor":3,"key":"PotionOfCapacity"},{"floor":8,"key":"LiquidBronze"},{"floor":12,"key":"CultistPotion"},{"floor":27,"key":"FearPotion"},{"floor":29,"key":"Fruit Juice"}],"is_trial":false,"path_per_floor":["M","M","M","?","?","E","$","M","T","R","T","M","R","$","R","B",null,"M","$","?","?","M","R","M","E","T","E","M","M","R","E"],"character_chosen":"DEFECT","items_purchased":["Coolheaded","Capacitor+1","Self Repair+1","Lee\u0027s Waffle"],"campfire_rested":2,"item_purchase_floors":[7,14,19,19],"current_hp_per_floor":[62,62,62,62,62,26,26,26,26,26,26,17,17,17,37,13,55,45,76,60,60,70,70,74,58,58,52,23,17,39,0,0],"gold":51,"neow_bonus":"THREE_ENEMY_KILL","is_daily":false,"chose_seed":false,"campfire_upgraded":3,"win_rate":0.0,"timestamp":1610644175,"path_taken":["M","M","M","?","?","E","$","M","T","R","?","M","R","?","R","BOSS","M","$","?","?","?","R","M","E","T","E","M","M","R","E"],"items_purchased_type":["Card","Card","Card","Relic"],"build_version":"2020-12-22","purchased_purges":1,"victory":false,"max_hp_per_floor":[75,75,75,69,69,69,69,69,69,69,69,69,69,69,69,69,69,69,76,76,76,76,76,76,76,76,76,76,76,76,81,81],"card_choices":[{"not_picked":["Tempest","Beam Cell"],"picked":"Streamline","floor":1},{"not_picked":["Turbo","Conserve Battery"],"picked":"Ball Lightning","floor":2},{"not_picked":["Hello World","Lockon"],"picked":"Steam","floor":3},{"not_picked":["Static Discharge","Rip and Tear"],"picked":"Undo","floor":6},{"not_picked":["Hologram","Multi-Cast"],"picked":"Go for the Eyes","floor":8},{"not_picked":["Compile Driver","Turbo","Auto Shields"],"picked":"Coolheaded","floor":12},{"not_picked":["Hyperbeam","Meteor Strike","Seek"],"picked":"Echo Form+1","floor":16},{"not_picked":["Undo","Rebound+1","Go for the Eyes"],"picked":"Defragment+1","floor":18},{"not_picked":["Sweeping Beam+1","Doom and Gloom","Compile Driver+1"],"picked":"Turbo+1","floor":22},{"not_picked":["Capacitor+1","Aggregate","Conserve Battery","Rebound"],"picked":"SKIP","floor":24},{"not_picked":["Fission","Go for the Eyes","Coolheaded"],"picked":"Loop+1","floor":25},{"not_picked":["Compile Driver","Darkness","Streamline","BootSequence"],"picked":"SKIP","floor":27},{"not_picked":["Loop+1","Coolheaded","Steam","Sunder+1"],"picked":"SKIP","floor":28},{"not_picked":["Gash","Hologram","Loop+1","Steam"],"picked":"SKIP","floor":29},{"not_picked":["Steam","Rebound","Gash"],"picked":"Skim+1","floor":30}],"player_experience":713397,"relics_obtained":[{"floor":6,"key":"Incense Burner"},{"floor":9,"key":"Question Card"},{"floor":11,"key":"Frozen Egg 2"},{"floor":20,"key":"Nilry\u0027s Codex"},{"floor":25,"key":"Dream Catcher"},{"floor":26,"key":"Blue Candle"},{"floor":27,"key":"Whetstone"}],"event_choices":[{"damage_healed":0,"gold_gain":0,"player_choice":"Lose Max HP","damage_taken":0,"relics_obtained":["Golden Idol"],"max_hp_gain":0,"max_hp_loss":6,"event_name":"Golden Idol","floor":4,"gold_loss":0},{"damage_healed":0,"gold_gain":54,"player_choice":"Gained Gold","damage_taken":0,"max_hp_gain":0,"max_hp_loss":0,"event_name":"Golden Wing","floor":5,"gold_loss":0},{"damage_healed":0,"gold_gain":0,"player_choice":"Obtained Book","damage_taken":16,"max_hp_gain":0,"max_hp_loss":0,"event_name":"Cursed Tome","floor":20,"gold_loss":0},{"damage_healed":0,"gold_gain":0,"cards_transformed":["Strike_B","Defend_B"],"player_choice":"Became Test Subject","damage_taken":0,"max_hp_gain":0,"max_hp_loss":0,"event_name":"Drug Dealer","floor":21,"gold_loss":0,"cards_obtained":["Hello World","Defragment"]}],"is_beta":false,"boss_relics":[{"not_picked":["Philosopher\u0027s Stone","Calling Bell"],"picked":"Ectoplasm"}],"items_purged_floors":[7],"is_endless":false,"potions_floor_spawned":[3,8,12,18,27,28,29],"killed_by":"Slavers","ascension_level":12}}