{"host":"x3q4ieql2tr7v8o6","time":1610638339,"event":{"mods":["BaseMod","Bestiary","Better Altar","Better Match","Better Note","Better Sensory Stone","Better Skull","Better Third Choice","Colored Map","Colored Powertips","Curses Come First","Minty Spire (QoL Compilation)","StSLib"],"gold_per_floor":[114,39,55,65,65,99,99,120,147,191,209,16,16,32,32,128,128,148,11,11,19,66,66,87,87,87,121,121,146,7,23,23,114,114,129,44,377,392,392,428,18,61,61,61,97,121,136,14,14,14],"floor_reached":51,"language":"ENG","playtime":2055,"items_purged":["Decay","Injury","Strike_R"],"score":1439,"play_id":"f3c1e64b-5123-43c2-8c0a-0f8b8a7add56","local_time":"20210114153219","is_ascension_mode":true,"campfire_choices":[{"data":"Anger","floor":7,"key":"SMITH"},{"data":"Shrug It Off","floor":15,"key":"SMITH"},{"floor":25,"key":"REST"},{"floor":28,"key":"REST"},{"floor":32,"key":"REST"},{"floor":44,"key":"RECALL"},{"floor":49,"key":"REST"}],"circlet_count":0,"master_deck":["AscendersBane","Strike_R","Strike_R","Strike_R","Defend_R","Defend_R","Defend_R+1","Defend_R","Bash","Anger+1","Pommel Strike","Shockwave+1","Clash","Juggernaut","Feel No Pain+1","Thunderclap+1","Shrug It Off+1","Sword Boomerang","Impervious","Reaper+1","Body Slam","Fire Breathing","Power Through","Barricade","Second Wind","Seeing Red","Armaments","Metallicize","Headbutt","Seeing Red","Corruption","Dark Embrace","Shockwave","Shrug It Off","Demon Form","Body Slam","Apotheosis","Evolve","Heavy Blade+1","Fiend Fire","Feel No Pain+1","Entrench","Havoc"],"relics":["Burning Blood","FossilizedHelix","Red Skull","Tiny Chest","PreservedInsect","OrangePellets","Fusion Hammer","War Paint","Strawberry","Whetstone","Dead Branch","Mark of Pain","Bottled Lightning","CeramicFish","Membership Card","Bag of Marbles","Happy Flower","Eternal Feather","Singing Bowl","Oddly Smooth Stone"],"acts_visited":["Exordium","TheCity","TheBeyond"],"potions_floor_usage":[6,16,16,50],"damage_taken":[{"damage":0,"enemies":"Cultist","floor":1,"turns":3},{"damage":0,"enemies":"Small Slimes","floor":3,"turns":4},{"damage":5,"enemies":"2 Louse","floor":4,"turns":4},{"damage":29,"enemies":"3 Sentries","floor":6,"turns":12},{"damage":7,"enemies":"Red Slaver","floor":8,"turns":4},{"damage":18,"enemies":"Gremlin Nob","floor":10,"turns":5},{"damage":4,"enemies":"3 Louse","floor":11,"turns":3},{"damage":14,"enemies":"Exordium Wildlife","floor":14,"turns":3},{"damage":27,"enemies":"The Guardian","floor":16,"turns":10},{"damage":7,"enemies":"Chosen","floor":18,"turns":6},{"damage":24,"enemies":"2 Thieves","floor":21,"turns":4},{"damage":29,"enemies":"Snake Plant","floor":24,"turns":4},{"damage":16,"enemies":"Slavers","floor":27,"turns":5},{"damage":13,"enemies":"Sentry and Sphere","floor":29,"turns":6},{"damage":29,"enemies":"Shelled Parasite and Fungi","floor":31,"turns":7},{"damage":49,"enemies":"Champ","floor":33,"turns":15},{"damage":0,"enemies":"Orb Walker","floor":35,"turns":3},{"damage":0,"enemies":"3 Darklings","floor":38,"turns":3},{"damage":9,"enemies":"Giant Head","floor":40,"turns":5},{"damage":23,"enemies":"Nemesis","floor":42,"turns":5},{"damage":28,"enemies":"Giant Head","floor":45,"turns":6},{"damage":3,"enemies":"Writhing Mass","floor":46,"turns":3},{"damage":13,"enemies":"Spire Growth","floor":47,"turns":4},{"damage":34,"enemies":"Donu and Deca","floor":50,"turns":6}],"seed_played":"-6656552890007619240","potions_obtained":[{"floor":1,"key":"DistilledChaos"},{"floor":3,"key":"SneckoOil"},{"floor":4,"key":"PowerPotion"},{"floor":11,"key":"BlessingOfTheForge"},{"floor":18,"key":"Energy Potion"},{"floor":33,"key":"Dexterity Potion"},{"floor":38,"key":"Fire Potion"}],"is_trial":false,"path_per_floor":["M","$","M","M","?","E","R","M","T","E","M","$","?","M","R","B",null,"M","$","?","M","T","?","M","R","T","E","R","M","$","M","R","B",null,"M","$","?","M","T","E","$","E","T","R","E","M","M","$","R","B",null],"character_chosen":"IRONCLAD","items_purchased":["OrangePellets","Shrug It Off","Fire Breathing","Armaments","Metallicize","Headbutt","Shockwave","Shrug It Off","Membership Card","Apotheosis","Bag of Marbles","Evolve","Oddly Smooth Stone","Entrench","Havoc"],"campfire_rested":4,"item_purchase_floors":[12,12,19,30,30,30,36,36,41,41,41,41,48,48,48],"current_hp_per_floor":[74,74,75,75,75,52,52,51,51,39,41,41,41,33,33,12,59,58,58,58,48,48,55,39,63,63,74,82,75,75,62,82,47,73,82,82,82,82,82,82,82,65,65,82,60,66,61,61,84,56],"gold":14,"neow_bonus":"ONE_RARE_RELIC","is_daily":false,"chose_seed":false,"campfire_upgraded":2,"win_rate":0.0,"timestamp":1610638339,"path_taken":["M","$","M","M","?","E","R","M","T","E","M","$","?","?","R","BOSS","M","$","?","M","?","?","?","R","T","E","R","M","$","M","R","BOSS","M","$","?","M","?","E","$","E","T","R","E","?","M","$","R","BOSS"],"items_purchased_type":["Relic","Card","Card","Card","Card","Card","Card","Card","Relic","Card","Relic","Card","Relic","Card","Card"],"build_version":"2020-12-22","purchased_purges":3,"victory":true,"max_hp_per_floor":[75,75,75,75,75,75,75,75,75,75,75,75,75,75,75,75,75,75,75,75,75,75,82,82,82,82,82,82,82,82,82,82,82,82,82,82,82,82,82,82,82,82,82,82,82,82,84,84,84,84],"card_choices":[{"not_picked":["Warcry","Seeing Red"],"picked":"Anger","floor":1},{"not_picked":["Seeing Red","Warcry"],"picked":"Pommel Strike","floor":3},{"not_picked":["Thunderclap","Anger"],"picked":"Shockwave","floor":4},{"not_picked":["Bloodletting","Pommel Strike"],"picked":"Clash","floor":6},{"not_picked":["Sentinel","Metallicize"],"picked":"Juggernaut","floor":8},{"not_picked":["Anger","Clash"],"picked":"Feel No Pain","floor":10},{"not_picked":["Pummel","Wild Strike"],"picked":"Thunderclap","floor":11},{"not_picked":["Pommel Strike","Wild Strike"],"picked":"Impervious","floor":14},{"not_picked":["Exhume","Corruption"],"picked":"Reaper","floor":16},{"not_picked":["Heavy Blade","Shrug It Off"],"picked":"Body Slam","floor":18},{"not_picked":["Twin Strike","Cleave"],"picked":"Power Through","floor":21},{"not_picked":["Reckless Charge","Pommel Strike"],"picked":"Barricade","floor":24},{"not_picked":["Warcry","Anger"],"picked":"Second Wind","floor":27},{"not_picked":["Rampage","Clash"],"picked":"Seeing Red","floor":29},{"not_picked":["Perfected Strike","Wild Strike"],"picked":"Seeing Red","floor":31},{"not_picked":["Offering","Barricade"],"picked":"Corruption","floor":33},{"not_picked":["True Grit+1","Thunderclap"],"picked":"Dark Embrace","floor":35},{"not_picked":["Pommel Strike","Wild Strike+1"],"picked":"Demon Form","floor":38},{"not_picked":["True Grit","Iron Wave"],"picked":"Body Slam","floor":40},{"not_picked":["Warcry","Clothesline"],"picked":"Heavy Blade+1","floor":42},{"not_picked":["Sever Soul+1","Dark Embrace"],"picked":"Fiend Fire","floor":45},{"not_picked":["Clothesline","Disarm+1"],"picked":"Feel No Pain+1","floor":46},{"not_picked":["Flex","Twin Strike","Thunderclap+1"],"picked":"Singing Bowl","floor":47}],"player_experience":717744,"relics_obtained":[{"floor":6,"key":"Red Skull"},{"floor":9,"key":"Tiny Chest"},{"floor":10,"key":"PreservedInsect"},{"floor":22,"key":"War Paint"},{"floor":26,"key":"Whetstone"},{"floor":27,"key":"Dead Branch"},{"floor":39,"key":"Bottled Lightning"},{"floor":40,"key":"CeramicFish"},{"floor":42,"key":"Happy Flower"},{"floor":43,"key":"Eternal Feather"},{"floor":45,"key":"Singing Bowl"}],"event_choices":[{"damage_healed":0,"gold_gain":0,"player_choice":"Take Wound","damage_taken":0,"relics_obtained":["Golden Idol"],"max_hp_gain":0,"max_hp_loss":0,"event_name":"Golden Idol","floor":5,"gold_loss":0,"cards_obtained":["Injury"]},{"damage_healed":0,"gold_gain":0,"cards_transformed":["Strike_R"],"player_choice":"Transformed","damage_taken":0,"max_hp_gain":0,"max_hp_loss":0,"event_name":"Transmorgrifier","floor":13,"gold_loss":0,"cards_obtained":["Sword Boomerang"]},{"damage_healed":0,"gold_gain":0,"player_choice":"Upgraded","damage_taken":0,"max_hp_gain":0,"max_hp_loss":0,"event_name":"Upgrade Shrine","floor":20,"gold_loss":0,"cards_upgraded":["Feel No Pain"]},{"damage_healed":0,"gold_gain":0,"player_choice":"Gave Potion","damage_taken":0,"relics_obtained":["Strawberry"],"max_hp_gain":0,"max_hp_loss":0,"event_name":"WeMeetAgain","floor":23,"gold_loss":0},{"damage_healed":0,"gold_gain":333,"player_choice":"Gave Idol","damage_taken":0,"max_hp_gain":0,"max_hp_loss":0,"event_name":"The Moai Head","floor":37,"relics_lost":["Golden Idol"],"gold_loss":0}],"is_beta":false,"boss_relics":[{"not_picked":["Velvet Choker","SlaversCollar"],"picked":"Fusion Hammer"},{"not_picked":["Runic Dome","Black Star"],"picked":"Mark of Pain"}],"items_purged_floors":[2,19,41],"is_endless":false,"potions_floor_spawned":[1,3,4,11,14,18,33,38,42,45,47],"ascension_level":15}}