{"host":"hca6liskeo7s99fa","time":1610653725,"event":{"mods":["BaseMod","Downfall","Minty Spire (QoL Compilation)","Replay The Spire","StSLib"],"gold_per_floor":[218,218,228,37,55,55,88,88,113,146,146,146,178,193,193,193,193],"floor_reached":16,"language":"ENG","playtime":1592,"items_purged":["Strike_R"],"score":136,"play_id":"0a09d6f6-fc7d-45e4-a46f-46a347cfa4e3","local_time":"20210114144845","is_ascension_mode":true,"campfire_choices":[{"data":"ReplayTheSpireMod:LeadingStrike","floor":6,"key":"SMITH"},{"data":"Flex","floor":8,"key":"SMITH"},{"data":"Searing Blow","floor":12,"key":"SMITH"},{"floor":15,"key":"RECALL"}],"circlet_count":0,"master_deck":["Strike_R","Strike_R","Strike_R","Defend_R","Defend_R","Defend_R","Defend_R","Bash","ReplayTheSpireMod:LeadingStrike+1","ReplayTheSpireMod:Trickstab","Flex+1","Perfected Strike","Perfected Strike","Carnage","Searing Blow+1","Carnage","Burning Pact"],"relics":["Burning Blood","Replay:Baseball","BargainBundle","ReplayTheSpireMod:Spearhead","Onion Ring","Replay:Towering Pillar of Hats"],"acts_visited":["Exordium"],"potions_floor_usage":[7,7,10,16],"damage_taken":[{"damage":5,"enemies":"Small Slimes","floor":1,"turns":4},{"damage":1,"enemies":"Cultist","floor":3,"turns":3},{"damage":0,"enemies":"2 Louse","floor":5,"turns":2},{"damage":6,"enemies":"Replay:BlueRogue","floor":7,"turns":4},{"damage":15,"enemies":"Lagavulin","floor":10,"turns":3},{"damage":25,"enemies":"Replay:BlueRogue","floor":13,"turns":4},{"damage":0,"enemies":"2 Fungi Beasts","floor":14,"turns":2},{"damage":61,"enemies":"Hexaghost","floor":16,"turns":9}],"seed_played":"-2739242103420175696","potions_obtained":[{"floor":1,"key":"PowerPotion"},{"floor":3,"key":"sneckomod:MuddlingPotion"},{"floor":7,"key":"Swift Potion"}],"is_trial":false,"path_per_floor":["M","?","M","$","M","R","E","R","T","E","?","R","E","M","R","B"],"character_chosen":"IRONCLAD","items_purchased":["BargainBundle","SteroidPotion","GamblersBrew","CultistPotion","ReplayTheSpireMod:Trickstab","Flex","Perfected Strike"],"campfire_rested":0,"item_purchase_floors":[4,4,4,4,4,4,4],"current_hp_per_floor":[80,80,80,80,80,80,80,80,80,71,71,71,52,58,58,0,0],"gold":193,"neow_bonus":"HUNDRED_GOLD","is_daily":false,"chose_seed":false,"campfire_upgraded":3,"win_rate":0.0,"timestamp":1610653725,"path_taken":["M","?","M","?","M","R","E","R","T","E","?","R","E","M","R","BOSS"],"items_purchased_type":["Relic","Potion","Potion","Potion","Card","Card","Card"],"build_version":"2020-12-22","purchased_purges":1,"victory":false,"max_hp_per_floor":[80,80,80,80,80,80,80,80,80,80,80,80,80,80,80,80,80],"card_choices":[{"not_picked":["Searing Blow","Feel No Pain"],"picked":"ReplayTheSpireMod:LeadingStrike","floor":1},{"not_picked":["ReplayReversal","Body Slam","Second Wind"],"picked":"SKIP","floor":3},{"not_picked":["Pommel Strike","Inflame"],"picked":"Carnage","floor":5},{"not_picked":["Flex","Disarm"],"picked":"Searing Blow","floor":7},{"not_picked":["Sword Boomerang","Sentinel","Body Slam"],"picked":"SKIP","floor":10},{"not_picked":["Metallicize","Havoc"],"picked":"Carnage","floor":13},{"not_picked":["Armaments","Anger"],"picked":"Burning Pact","floor":14}],"player_experience":259961,"relics_obtained":[{"floor":7,"key":"ReplayTheSpireMod:Spearhead"},{"floor":10,"key":"Onion Ring"},{"floor":13,"key":"Replay:Towering Pillar of Hats"}],"event_choices":[{"damage_healed":0,"gold_gain":0,"player_choice":"Gave Potion","damage_taken":0,"relics_obtained":["Replay:Baseball"],"max_hp_gain":0,"max_hp_loss":0,"event_name":"WeMeetAgain","floor":2,"gold_loss":0},{"cards_removed":["Strike_R"],"damage_healed":0,"gold_gain":0,"player_choice":"Forget","damage_taken":0,"max_hp_gain":0,"max_hp_loss":0,"event_name":"Living Wall","floor":11,"gold_loss":0}],"is_beta":false,"boss_relics":[],"items_purged_floors":[4],"is_endless":false,"potions_floor_spawned":[1,3,7],"killed_by":"Hexaghost","ascension_level":3}}