{"host":"r2kogfp0vqm1y5g3","time":1610655853,"event":{"mods":["AchievementEnabler","BaseMod","Downfall","Marisa????????","Minty Spire (QoL Compilation)","Quick Restart","StSLib","The Animator","The Cursed"],"gold_per_floor":[114,114,114,114,129,149,175,175,175,175,199,56,66,85,85,190,190,207,57,75,75,75,108,108,119,172,200,224,246,275,302,314,431,443,473,498,560,572,603,615,637,649,685,697,735,763,775,806,818,830,830],"floor_reached":50,"language":"ENG","playtime":12899,"items_purged":["Strike_MRS","Strike_MRS"],"score":548,"play_id":"189290c5-9f3d-4def-8d7c-10b1d59cfb45","local_time":"20210114212413","is_ascension_mode":false,"campfire_choices":[{"floor":8,"key":"RECALL"},{"data":"GrandCross","floor":10,"key":"SMITH"},{"floor":15,"key":"REST"},{"floor":24,"key":"REST"},{"floor":32,"key":"REST"},{"floor":40,"key":"REST"},{"data":"expansioncontent:Flail","floor":44,"key":"SMITH"},{"floor":47,"key":"REST"},{"floor":49,"key":"REST"}],"circlet_count":0,"master_deck":["Strike_MRS+1","Defend_MRS","Defend_MRS","MasterSpark+1","UpSweep+1","SporeBomb","StarBarrage","GrandCross+1","OortCloud","Parasite","Parasite","LuminesStrike","EarthLightRay","Acceleration","MysteriousBeam","BinaryStars","DoubleSpark","MilkyWay","MagicChant","EventHorizon+1","GalacticHalo","PowerUp","MaximisePower","FairyDestructionRay+1","MilkyWay","AsteroidBelt+1","PropBag+1","expansioncontent:Flail+1","MysteriousBeam","WitchLeyline+1"],"relics":["MiniHakkero","Ornamental Fan","ShroomBag","ExperimentalFamiliar","Nilry\u0027s Codex","Shuriken","MawBank","Empty Cage","Mango","Pen Nib","Meat on the Bone","Mercury Hourglass"],"acts_visited":["Exordium","TheCity","TheBeyond"],"potions_floor_usage":[16,23,23,23,29,33,37,39,45,50],"damage_taken":[{"damage":1,"enemies":"Jaw Worm","floor":1,"turns":4},{"damage":1,"enemies":"Cultist","floor":5,"turns":3},{"damage":5,"enemies":"Small Slimes","floor":6,"turns":3},{"damage":17,"enemies":"3 Sentries","floor":7,"turns":5},{"damage":22,"enemies":"The Mushroom Lair","floor":11,"turns":3},{"damage":0,"enemies":"Exordium Wildlife","floor":13,"turns":3},{"damage":4,"enemies":"Looter","floor":14,"turns":3},{"damage":22,"enemies":"Hexaghost","floor":16,"turns":6},{"damage":8,"enemies":"2 Thieves","floor":18,"turns":2},{"damage":8,"enemies":"Shell Parasite","floor":20,"turns":3},{"damage":53,"enemies":"Gremlin Leader","floor":23,"turns":7},{"damage":0,"enemies":"Cultist and Chosen","floor":25,"turns":1},{"damage":0,"enemies":"Snake Plant","floor":27,"turns":2},{"damage":9,"enemies":"Centurion and Healer","floor":28,"turns":2},{"damage":3,"enemies":"Shelled Parasite and Fungi","floor":29,"turns":5},{"damage":5,"enemies":"Snecko","floor":30,"turns":5},{"damage":12,"enemies":"Cultist and Chosen","floor":31,"turns":6},{"damage":12,"enemies":"Champ","floor":33,"turns":8},{"damage":6,"enemies":"3 Shapes","floor":35,"turns":6},{"damage":37,"enemies":"3 Darklings","floor":36,"turns":3},{"damage":14,"enemies":"Mind Bloom Boss Battle","floor":37,"turns":5},{"damage":0,"enemies":"Transient","floor":39,"turns":5},{"damage":32,"enemies":"Jaw Worm Horde","floor":41,"turns":3},{"damage":50,"enemies":"Nemesis","floor":45,"turns":7},{"damage":17,"enemies":"4 Shapes","floor":46,"turns":4},{"damage":16,"enemies":"Sphere and 2 Shapes","floor":48,"turns":3},{"damage":96,"enemies":"Donu and Deca","floor":50,"turns":6}],"seed_played":"-676143150555227947","potions_obtained":[{"floor":7,"key":"FearPotion"},{"floor":11,"key":"Explosive Potion"},{"floor":13,"key":"BottledSpark"},{"floor":16,"key":"FearPotion"},{"floor":20,"key":"BottledSpark"},{"floor":23,"key":"EssenceOfSteel"},{"floor":27,"key":"Block Potion"},{"floor":29,"key":"BlessingOfTheForge"},{"floor":33,"key":"Fire Potion"},{"floor":36,"key":"AttackPotion"},{"floor":37,"key":"GamblersBrew"}],"is_trial":false,"path_per_floor":["M","?","$","?","M","M","E","R","T","R","?","$","M","M","R","B",null,"M","$","M","?","?","E","R","M","T","M","M","M","M","M","R","B",null,"M","M","?","?","M","R","M","?","T","R","E","M","R","M","R","B"],"character_chosen":"MARISA","items_purchased":["EarthLightRay","MilkyWay"],"campfire_rested":6,"item_purchase_floors":[12,19],"current_hp_per_floor":[81,65,65,65,64,59,42,42,42,42,20,20,28,32,56,42,82,74,74,74,74,58,13,37,37,37,39,30,35,34,26,50,46,82,78,47,55,55,63,91,65,65,65,65,23,18,46,50,78,0,0],"gold":830,"neow_bonus":"TEN_PERCENT_HP_BONUS","is_daily":false,"chose_seed":false,"campfire_upgraded":2,"win_rate":0.0,"timestamp":1610655853,"path_taken":["M","?","$","?","?","M","E","R","T","R","?","$","M","M","R","BOSS","M","$","M","?","?","E","R","M","T","M","M","M","M","M","R","BOSS","M","M","?","?","?","R","?","?","T","R","E","M","R","M","R","BOSS"],"items_purchased_type":["Card","Card"],"build_version":"2020-12-22","purchased_purges":2,"victory":false,"max_hp_per_floor":[82,82,82,82,82,82,82,82,82,82,82,82,82,82,82,82,82,82,82,82,82,82,82,82,82,82,82,82,82,82,82,82,82,82,82,82,96,96,96,96,96,96,96,96,96,96,96,96,96,96,96],"card_choices":[{"not_picked":["NonDirectionalLaser","EventHorizon"],"picked":"SporeBomb","floor":1},{"not_picked":["PowerUp","Orbital"],"picked":"StarBarrage","floor":5},{"not_picked":["GravityBeat","ChargingUp"],"picked":"GrandCross","floor":6},{"not_picked":["ManaConvection","GravityBeat"],"picked":"OortCloud","floor":7},{"not_picked":["GravityBeat","GrandCross"],"picked":"LuminesStrike","floor":11},{"not_picked":["DarkSpark","SuperPerseids"],"picked":"Acceleration","floor":13},{"not_picked":["GasGiant","DarkMatter"],"picked":"MysteriousBeam","floor":14},{"not_picked":["BigCrunch","EscapeVelocity"],"picked":"BinaryStars","floor":16},{"not_picked":["FairyDestructionRay","DC"],"picked":"DoubleSpark","floor":18},{"not_picked":["ShootingEcho","Acceleration"],"picked":"MagicChant","floor":20},{"not_picked":["MysteriousBeam","NonDirectionalLaser","Robbery"],"picked":"SKIP","floor":23},{"not_picked":["DC","SporeBomb"],"picked":"EventHorizon+1","floor":25},{"not_picked":["MilkyWay","MysteriousBeam","StarBarrage"],"picked":"SKIP","floor":27},{"not_picked":["EventHorizon","ManaRampage"],"picked":"GalacticHalo","floor":28},{"not_picked":["Acceleration","DragonMeteor"],"picked":"PowerUp","floor":29},{"not_picked":["GrandCross+1","SporeBomb+1","GravityBeat+1"],"picked":"SKIP","floor":30},{"not_picked":["EventHorizon","WitchLeyline","ShootingEcho"],"picked":"SKIP","floor":31},{"not_picked":["TreasureHunter","ManaRampage"],"picked":"MaximisePower","floor":33},{"not_picked":["OneTimeOff","MachineGunSpark+1"],"picked":"FairyDestructionRay+1","floor":35},{"not_picked":["WitchOfGreed","StarlightTyphoon+1","NonDirectionalLaser+1"],"picked":"SKIP","floor":36},{"not_picked":["EnergyRecoil","WitchLeyline+1"],"picked":"MilkyWay","floor":37},{"not_picked":["Robbery","MysteriousBeam+1"],"picked":"AsteroidBelt+1","floor":39},{"not_picked":["AlicesGift","WitchLeyline+1"],"picked":"PropBag+1","floor":41},{"not_picked":["expansioncontent:Chronoboost","Dramatic Entrance"],"picked":"expansioncontent:Flail","floor":42},{"not_picked":["SporeBomb+1","GravityBeat","UltimateShortwave"],"picked":"SKIP","floor":45},{"not_picked":["GalacticHalo","Acceleration"],"picked":"MysteriousBeam","floor":46},{"not_picked":["UnstableBomb+1","RefractionSpark+1"],"picked":"WitchLeyline+1","floor":48}],"player_experience":45153,"relics_obtained":[{"floor":7,"key":"Ornamental Fan"},{"floor":11,"key":"ShroomBag"},{"floor":22,"key":"Nilry\u0027s Codex"},{"floor":23,"key":"Shuriken"},{"floor":26,"key":"MawBank"},{"floor":37,"key":"Mango"},{"floor":43,"key":"Pen Nib"},{"floor":45,"key":"Meat on the Bone"}],"event_choices":[{"damage_healed":0,"gold_gain":0,"player_choice":"Entered Light","damage_taken":16,"max_hp_gain":0,"max_hp_loss":0,"event_name":"Shining Light","floor":2,"gold_loss":0,"cards_upgraded":["UpSweep","Strike_MRS"]},{"damage_healed":0,"gold_gain":0,"player_choice":"Upgraded","damage_taken":0,"max_hp_gain":0,"max_hp_loss":0,"event_name":"Upgrade Shrine","floor":4,"gold_loss":0,"cards_upgraded":["MasterSpark"]},{"damage_healed":0,"gold_gain":0,"player_choice":"Fought Mushrooms","damage_taken":0,"max_hp_gain":0,"max_hp_loss":0,"event_name":"Mushrooms_MRS","floor":11,"gold_loss":0},{"damage_healed":0,"gold_gain":0,"player_choice":"Ignored","damage_taken":0,"max_hp_gain":0,"max_hp_loss":0,"event_name":"Ghosts","floor":21,"gold_loss":0},{"damage_healed":0,"gold_gain":0,"player_choice":"Obtained Book","damage_taken":16,"max_hp_gain":0,"max_hp_loss":0,"event_name":"Cursed Tome","floor":22,"gold_loss":0},{"damage_healed":0,"gold_gain":0,"player_choice":"Fight","damage_taken":0,"max_hp_gain":0,"max_hp_loss":0,"event_name":"MindBloom","floor":37,"gold_loss":0},{"cards_removed":["Defend_MRS"],"damage_healed":0,"gold_gain":0,"player_choice":"Purged","damage_taken":0,"max_hp_gain":0,"max_hp_loss":0,"event_name":"Purifier","floor":38,"gold_loss":0},{"damage_healed":0,"gold_gain":0,"player_choice":"Memory 1","damage_taken":0,"max_hp_gain":0,"max_hp_loss":0,"event_name":"SensoryStone","floor":42,"gold_loss":0}],"is_beta":false,"boss_relics":[{"not_picked":["BewitchedHakkero","Philosopher\u0027s Stone"],"picked":"ExperimentalFamiliar"},{"not_picked":["SacredBark","Coffee Dripper"],"picked":"Empty Cage"}],"items_purged_floors":[12,19],"is_endless":false,"potions_floor_spawned":[7,11,13,16,20,23,27,29,33,36,37],"killed_by":"Donu and Deca","ascension_level":0}}