{"host":"xh3brefae6wm9kl8","time":1610592350,"event":{"mods":["AchievementEnabler","BaseMod","GifTheSpireLib","Keyboard Shortcuts","Minty Spire (QoL Compilation)","Permanent Neow","Relic Stats","StSLib","SuperFastMode"],"gold_per_floor":[117,117,74,93,18,18,49,49,95,95,136,157,157,177,177,177,177],"floor_reached":16,"language":"KOR","playtime":363,"items_purged":["Strike_R"],"score":266,"play_id":"b984451b-e429-41c0-99d4-6fb2b77ee397","local_time":"20210114114550","is_ascension_mode":true,"campfire_choices":[{"data":"Armaments","floor":6,"key":"SMITH"},{"data":"Armaments","floor":8,"key":"SMITH"},{"data":"Searing Blow","floor":13,"key":"SMITH"},{"data":"Searing Blow+1","floor":15,"key":"SMITH"}],"circlet_count":0,"master_deck":["AscendersBane","Strike_R","Strike_R","Strike_R","Defend_R","Defend_R+1","Defend_R","Defend_R+1","Bash","Armaments+1","Searing Blow+2","Armaments+1","Fiend Fire+1","Headbutt+1","Power Through"],"relics":["Burning Blood","NeowsBlessing","Molten Egg 2","War Paint","Golden Idol","Boot"],"acts_visited":["Exordium"],"potions_floor_usage":[11],"damage_taken":[{"damage":0,"enemies":"Jaw Worm","floor":1,"turns":1},{"damage":0,"enemies":"Small Slimes","floor":4,"turns":1},{"damage":0,"enemies":"3 Sentries","floor":7,"turns":2},{"damage":34,"enemies":"Gremlin Nob","floor":11,"turns":4},{"damage":0,"enemies":"2 Louse","floor":12,"turns":4},{"damage":6,"enemies":"Lots of Slimes","floor":14,"turns":5},{"damage":27,"enemies":"The Guardian","floor":16,"turns":4}],"seed_played":"5049352376670744305","potions_obtained":[{"floor":4,"key":"Fire Potion"},{"floor":7,"key":"Ancient Potion"}],"is_trial":false,"path_per_floor":["M","?","$","M","$","R","E","R","T","?","E","M","R","M","R","B"],"character_chosen":"IRONCLAD","items_purchased":["Searing Blow"],"campfire_rested":0,"item_purchase_floors":[3],"current_hp_per_floor":[74,67,67,73,73,73,75,75,75,49,21,27,27,27,27,0,0],"gold":177,"neow_bonus":"THREE_ENEMY_KILL","is_daily":false,"chose_seed":false,"campfire_upgraded":4,"win_rate":0.0,"timestamp":1610592350,"path_taken":["M","?","$","M","$","R","E","R","T","?","E","M","R","M","R","BOSS"],"items_purchased_type":["Card"],"build_version":"2020-12-22","purchased_purges":1,"victory":false,"max_hp_per_floor":[75,75,75,75,75,75,75,75,75,75,75,75,75,75,75,75,75],"relic_stats":{"counters":[7,21],"Golden Idol":16,"War Paint":["Defend_R","Defend_R"],"Boot":[2],"obtain_stats":[{"NeowsBlessing":0,"Golden Idol":10,"Molten Egg 2":7,"War Paint":9,"Boot":11,"Burning Blood":0},{"NeowsBlessing":0,"Golden Idol":3,"Molten Egg 2":3,"War Paint":3,"Boot":4,"Burning Blood":0},{"NeowsBlessing":0,"Golden Idol":4,"Molten Egg 2":4,"War Paint":4,"Boot":8,"Burning Blood":0}],"Burning Blood":32},"card_choices":[{"not_picked":["Flex","Infernal Blade"],"picked":"Armaments","floor":1},{"not_picked":["Body Slam","Metallicize","Pummel"],"picked":"SKIP","floor":4},{"not_picked":["Rupture","Perfected Strike+1"],"picked":"Armaments","floor":7},{"not_picked":["Dark Embrace","Anger+1"],"picked":"Fiend Fire+1","floor":11},{"not_picked":["Entrench","Clash+1"],"picked":"Headbutt+1","floor":12},{"not_picked":["Warcry","Sever Soul+1"],"picked":"Power Through","floor":14}],"player_experience":380471,"relics_obtained":[{"floor":7,"key":"Molten Egg 2"},{"floor":9,"key":"War Paint"},{"floor":11,"key":"Boot"}],"event_choices":[{"cards_removed":["Strike_R"],"damage_healed":0,"gold_gain":0,"player_choice":"Card Removal","damage_taken":7,"max_hp_gain":0,"max_hp_loss":0,"event_name":"Golden Wing","floor":2,"gold_loss":0},{"damage_healed":0,"gold_gain":0,"player_choice":"Take Damage","damage_taken":26,"relics_obtained":["Golden Idol"],"max_hp_gain":0,"max_hp_loss":0,"event_name":"Golden Idol","floor":10,"gold_loss":0}],"is_beta":false,"boss_relics":[],"items_purged_floors":[5],"is_endless":false,"potions_floor_spawned":[4,7],"killed_by":"The Guardian","ascension_level":20}}