{"host":"lb27wy21808d043q","time":1610665815,"event":{"mods":["AchievementEnabler","BaseMod","BetterRewards","Clockwork Mod","Colored Map","Conspire","Curses Come First","Halation","Highlight Path","Hubris","Infinite Spire","Marisa????????","Minty Spire (QoL Compilation)","Replay The Spire","StSLib","The Animator","The Bug Knight","The Servant 0.9.4","Yuri Mod"],"gold_per_floor":[99,129,140,18,18,53,53,68,115,140,140,166,191,191,191],"floor_reached":14,"language":"ENG","playtime":960,"items_purged":["Flying Knee"],"score":164,"play_id":"bde6c241-5400-452d-ae94-f72b051938b4","local_time":"20210115001015","daily_mods":["Draft","Heirloom","Time Dilation","Flight","DeadlyEvents","Elite Swarm","Terminal"],"is_ascension_mode":false,"campfire_choices":[{"data":"Envenom","floor":7,"key":"SMITH"},{"data":"Replay:Bag of Tricks","floor":11,"key":"SMITH"}],"circlet_count":0,"master_deck":["Deflect","Dagger Spray","Blade Dance","Cloak And Dagger","Bane","Backflip","Deadly Poison","Infinite Blades","Bouncing Flask+1","Outmaneuver","Blade Dance","Caltrops","Caltrops","Tools of the Trade+1","Dagger Spray","Poisoned Stab","Bane","Envenom+1","Bane","Pot Of Greed","Pot Of Greed","Replay:Bag of Tricks+1","infinitespire:Neurotoxin","Envenom"],"relics":["Snecko Eye","conspire:GlowingRock","Unceasing Top","hubris:MysteriousPyramids","halation:PrussianBluePaint","Grinning Jar","hubris:AncientText","PreservedInsect"],"acts_visited":["Exordium"],"potions_floor_usage":[13,13],"damage_taken":[{"damage":1,"enemies":"Jaw Worm","floor":3,"turns":2},{"damage":13,"enemies":"3 Sentries","floor":6,"turns":5},{"damage":0,"enemies":"2 Louse","floor":8,"turns":2},{"damage":0,"enemies":"Gremlin Nob","floor":10,"turns":2},{"damage":0,"enemies":"Lagavulin","floor":12,"turns":2},{"damage":20,"enemies":"3 Sentries","floor":13,"turns":3},{"damage":13,"enemies":"Lagavulin","floor":14,"turns":2}],"seed_played":"2882375585959297898","potions_obtained":[{"floor":6,"key":"Adrenaline Potion"},{"floor":8,"key":"AttackPotion"}],"is_trial":true,"path_per_floor":["?","?","M","$","?","E","R","M","T","E","R","E","E","E"],"character_chosen":"THE_SILENT","items_purchased":["Bane"],"campfire_rested":0,"item_purchase_floors":[4],"current_hp_per_floor":[68,41,40,40,40,27,27,27,27,27,27,27,7,0,0],"gold":191,"neow_bonus":"","is_daily":false,"chose_seed":false,"campfire_upgraded":2,"win_rate":0.0,"timestamp":1610665815,"path_taken":["?","?","?","$","?","E","R","M","T","E","R","?","?","E"],"items_purchased_type":["Card"],"build_version":"2020-12-22","purchased_purges":1,"victory":false,"max_hp_per_floor":[68,67,66,65,64,63,62,61,60,59,58,57,56,56,56],"card_choices":[{"not_picked":["Predator","Dodge and Roll"],"picked":"Flying Knee","floor":0},{"not_picked":["Prepared","Riddle With Holes"],"picked":"Deflect","floor":0},{"not_picked":["Deflect","Sucker Punch"],"picked":"Dagger Spray","floor":0},{"not_picked":["Predator","Flechettes"],"picked":"Quick Slash","floor":0},{"not_picked":["Prepared","Bane"],"picked":"Blade Dance","floor":0},{"not_picked":["Draining Mist","Prepared"],"picked":"Cloak And Dagger","floor":0},{"not_picked":["Sucker Punch","Flying Knee"],"picked":"Bane","floor":0},{"not_picked":["Eviscerate","Slice"],"picked":"Backflip","floor":0},{"not_picked":["Eviscerate","Bane"],"picked":"Deadly Poison","floor":0},{"not_picked":["Outmaneuver","hubris:SlightOfHand"],"picked":"Infinite Blades","floor":0},{"not_picked":["Deflect","Dodge and Roll"],"picked":"Bouncing Flask","floor":0},{"not_picked":["hubris:SlightOfHand","PiercingWail"],"picked":"Outmaneuver","floor":0},{"not_picked":["Flying Knee","Dagger Throw"],"picked":"Blade Dance","floor":0},{"not_picked":["Dagger Throw","Cloak And Dagger"],"picked":"Caltrops","floor":0},{"not_picked":["Finisher","Outmaneuver"],"picked":"Caltrops","floor":0},{"not_picked":["Prepared","Dash"],"picked":"Dagger Spray","floor":2},{"not_picked":["conspire:PoisonWeapons","Bane"],"picked":"Poisoned Stab","floor":3},{"not_picked":["Unload","Tools of the Trade"],"picked":"Envenom","floor":6},{"not_picked":["Masterful Stab","Cloak And Dagger"],"picked":"Bane","floor":8},{"not_picked":["Adrenaline","Grand Finale"],"picked":"Replay:Bag of Tricks","floor":10},{"not_picked":["Tools of the Trade","Phantasmal Killer"],"picked":"infinitespire:Neurotoxin","floor":12},{"not_picked":["Malaise","A Thousand Cuts"],"picked":"Envenom","floor":13}],"player_experience":4784,"relics_obtained":[{"floor":2,"key":"Unceasing Top"},{"floor":6,"key":"hubris:MysteriousPyramids"},{"floor":9,"key":"halation:PrussianBluePaint"},{"floor":10,"key":"Grinning Jar"},{"floor":12,"key":"hubris:AncientText"},{"floor":13,"key":"PreservedInsect"}],"event_choices":[{"damage_healed":0,"gold_gain":0,"player_choice":"Upgraded","damage_taken":0,"max_hp_gain":0,"max_hp_loss":0,"event_name":"Upgrade Shrine","floor":5,"gold_loss":0,"cards_upgraded":["Bouncing Flask"]}],"is_beta":false,"boss_relics":[],"items_purged_floors":[4],"is_endless":false,"potions_floor_spawned":[6,8],"killed_by":"Lagavulin","ascension_level":0}}