{"host":"e1pm3b7xpcm97e5w","time":1610586014,"event":{"mods":["BaseMod","Better Skull","Googly Eyes","Minty Spire (QoL Compilation)","Relic Stats","Shop Mod","Spicy Shops","StSLib"],"gold_per_floor":[119,135,153,78,38,38,51,76,121,95,95,95,95,95,95,95,95],"floor_reached":16,"language":"ENG","playtime":453,"items_purged":["Strike_R"],"score":181,"play_id":"5e72126e-c9b3-4edd-b451-bb05cc7e6877","local_time":"20210113200014","is_ascension_mode":true,"campfire_choices":[{"data":"Feed","floor":6,"key":"SMITH"},{"data":"True Grit","floor":11,"key":"SMITH"},{"data":"Feel No Pain","floor":13,"key":"SMITH"},{"data":"Pommel Strike","floor":15,"key":"SMITH"}],"circlet_count":0,"master_deck":["AscendersBane","Strike_R","Strike_R","Strike_R","Defend_R","Defend_R","Defend_R","Defend_R","Bash","Feed+1","Flame Barrier","Flame Barrier","Pommel Strike+1","Cleave","Feel No Pain+1","True Grit+1"],"relics":["Burning Blood","Ornamental Fan","Boot","Golden Idol"],"acts_visited":["Exordium"],"potions_floor_usage":[8,16],"damage_taken":[{"damage":7,"enemies":"Cultist","floor":1,"turns":4},{"damage":7,"enemies":"2 Louse","floor":2,"turns":4},{"damage":2,"enemies":"Jaw Worm","floor":3,"turns":4},{"damage":0,"enemies":"Looter","floor":5,"turns":4},{"damage":6,"enemies":"Lots of Slimes","floor":7,"turns":2},{"damage":23,"enemies":"Gremlin Nob","floor":8,"turns":5},{"damage":73,"enemies":"Slime Boss","floor":16,"turns":10}],"seed_played":"-5966119105491324370","potions_obtained":[{"floor":1,"key":"Block Potion"},{"floor":8,"key":"Weak Potion"}],"is_trial":false,"path_per_floor":["M","M","M","$","M","R","M","E","T","$","R","?","R","?","R","B"],"character_chosen":"IRONCLAD","items_purchased":["True Grit"],"campfire_rested":0,"item_purchase_floors":[10],"current_hp_per_floor":[70,72,77,77,77,77,81,68,68,68,68,68,68,61,61,0,0],"gold":95,"neow_bonus":"THREE_RARE_CARDS","is_daily":false,"chose_seed":false,"campfire_upgraded":4,"win_rate":0.0,"timestamp":1610586014,"path_taken":["M","M","M","$","?","R","M","E","T","$","R","?","R","?","R","BOSS"],"items_purchased_type":["Card"],"build_version":"2020-12-22","purchased_purges":1,"victory":false,"max_hp_per_floor":[71,74,77,77,77,77,81,85,85,85,85,77,77,77,77,77,77],"relic_stats":{"counters":[7,33],"Ornamental Fan":[4],"Golden Idol":0,"Boot":[0],"obtain_stats":[{"Ornamental Fan":8,"Golden Idol":12,"Boot":9,"Burning Blood":0},{"Ornamental Fan":6,"Golden Idol":6,"Boot":6,"Burning Blood":0},{"Ornamental Fan":23,"Golden Idol":23,"Boot":23,"Burning Blood":0}],"Burning Blood":28},"card_choices":[{"not_picked":["Corruption","Barricade"],"picked":"Feed","floor":0},{"not_picked":["Bloodletting","Headbutt"],"picked":"Flame Barrier","floor":1},{"not_picked":["Power Through","Perfected Strike"],"picked":"Flame Barrier","floor":2},{"not_picked":["Flex","Iron Wave"],"picked":"Pommel Strike","floor":3},{"not_picked":["Warcry","Body Slam"],"picked":"Cleave","floor":5},{"not_picked":["Reckless Charge","Perfected Strike","Twin Strike"],"picked":"SKIP","floor":7},{"not_picked":["Entrench","Thunderclap"],"picked":"Feel No Pain","floor":8}],"player_experience":520836,"relics_obtained":[{"floor":8,"key":"Ornamental Fan"},{"floor":9,"key":"Boot"}],"event_choices":[{"damage_healed":0,"gold_gain":0,"player_choice":"Lose Max HP","damage_taken":0,"relics_obtained":["Golden Idol"],"max_hp_gain":0,"max_hp_loss":8,"event_name":"Golden Idol","floor":12,"gold_loss":0},{"cards_removed":["Strike_R"],"damage_healed":0,"gold_gain":0,"player_choice":"Card Removal","damage_taken":7,"max_hp_gain":0,"max_hp_loss":0,"event_name":"Golden Wing","floor":14,"gold_loss":0}],"is_beta":false,"boss_relics":[],"items_purged_floors":[4],"is_endless":false,"potions_floor_spawned":[1,8],"killed_by":"Slime Boss","ascension_level":17}}