{"host":"l2dnabsh5e0fsksb","time":1610596533,"event":{"mods":["2.2 Compatiblity","BaseMod","Downfall","Minty Spire (QoL Compilation)","Quick Restart","StSLib"],"gold_per_floor":[99,99,99,549,649,664,664,664,694,710,635,647,662,690,709,814,814,739,750,770,770,789,789,858,462,462,472,489,505,505,519,539,639,639,639,650,664,677,677,691,691,691,691,691],"floor_reached":42,"language":"ENG","playtime":3256,"items_purged":["Slimebound:Icky"],"score":737,"play_id":"85aaa871-b6be-43ee-81bb-c63730eb1129","local_time":"20210114142533","is_ascension_mode":true,"campfire_choices":[{"floor":1.0,"key":"RECALL"},{"floor":11.0,"key":"REST"},{"data":"champ:VampiricStrike","floor":18.0,"key":"SMITH"},{"data":"champ:FanOfKnives","floor":23.0,"key":"SMITH"},{"data":"champ:ViciousMockery","floor":30.0,"key":"SMITH"},{"data":"champ:VampiricStrike","floor":35.0,"key":"SMITH"}],"circlet_count":0,"master_deck":["AscendersBane","champ:Strike","champ:Strike","champ:Strike","champ:Strike","champ:Defend","champ:Defend","champ:Defend","champ:Execute","champ:Taunt+1","champ:Backstep","champ:DefensiveStyle","Slimebound:Icky","champ:StanceDance","champ:HoldFirm","champ:ArenaPreparation","champ:VampiricStrike+1","champ:FanOfKnives+1","champ:StanceDance","champ:CrookedStrike","champ:ShieldWall+1","champ:RageSigil","champ:StrikeOfGenius+1","champ:ViciousMockery+1","champ:BerserkersShout","champ:FanOfKnives","champ:Duel+1","champ:IronFortress+1","champ:StanceDance+1","champ:Duel","champ:StanceDance+1","champ:VampiricStrike+1","champ:BringItOn+1","champ:FlashCut","champ:Riposte+1"],"relics":["champ:ChampionCrown","downfall:HeartsMalice","Frozen Egg 2","champ:DefensiveTrainingManual","downfall:HeartBlessingRed","Vajra","Black Star","downfall:HeartBlessingGreen","Toxic Egg 2","Membership Card","Lantern","Omamori","SacredBark"],"acts_visited":["Exordium","TheCity","TheBeyond"],"potions_floor_usage":[42,42],"damage_taken":[{"damage":0.0,"enemies":"Cultist","floor":2.0,"turns":1.0},{"damage":0.0,"enemies":"Small Slimes","floor":3.0,"turns":1.0},{"damage":0.0,"enemies":"downfall:Heads","floor":5.0,"turns":1.0},{"damage":5.0,"enemies":"Jaw Worm","floor":6.0,"turns":6.0},{"damage":23.0,"enemies":"Lagavulin","floor":9.0,"turns":7.0},{"damage":25.0,"enemies":"3 Louse","floor":10.0,"turns":5.0},{"damage":15.0,"enemies":"Exordium Thugs","floor":12.0,"turns":5.0},{"damage":37.0,"enemies":"Large Slime","floor":13.0,"turns":5.0},{"damage":49.0,"enemies":"3 Sentries","floor":14.0,"turns":9.0},{"damage":17.0,"enemies":"Gremlin Gang","floor":15.0,"turns":3.0},{"damage":34.0,"enemies":"downfall:Silent","floor":16.0,"turns":8.0},{"damage":33.0,"enemies":"3 Byrds","floor":19.0,"turns":8.0},{"damage":18.0,"enemies":"Snecko","floor":20.0,"turns":5.0},{"damage":55.0,"enemies":"Centurion and Healer","floor":22.0,"turns":11.0},{"damage":23.0,"enemies":"downfall:FleeingMerchant","floor":25.0,"turns":4.0},{"damage":26.0,"enemies":"Cultist and Chosen","floor":27.0,"turns":6.0},{"damage":23.0,"enemies":"Snecko","floor":28.0,"turns":4.0},{"damage":66.0,"enemies":"Centurion and Healer","floor":29.0,"turns":7.0},{"damage":38.0,"enemies":"Chosen and Byrds","floor":31.0,"turns":6.0},{"damage":33.0,"enemies":"Snake Plant","floor":32.0,"turns":4.0},{"damage":36.0,"enemies":"downfall:Defect","floor":33.0,"turns":9.0},{"damage":15.0,"enemies":"3 Shapes","floor":36.0,"turns":8.0},{"damage":15.0,"enemies":"Orb Walker","floor":37.0,"turns":4.0},{"damage":38.0,"enemies":"4 Shapes","floor":38.0,"turns":5.0},{"damage":67.0,"enemies":"Spire Growth","floor":40.0,"turns":7.0},{"damage":88,"enemies":"Nemesis","floor":42,"turns":7}],"seed_played":"4455983965475028735","potions_obtained":[{"floor":6.0,"key":"champ:TechniquePotion"},{"floor":9.0,"key":"Guardian:BlockOnCardUsePotion"},{"floor":12.0,"key":"champ:OpenerPotion"},{"floor":14.0,"key":"Strength Potion"},{"floor":20.0,"key":"sneckomod:MuddlingPotion"},{"floor":21.0,"key":"CultistPotion"},{"floor":28.0,"key":"LiquidBronze"},{"floor":29.0,"key":"Explosive Potion"},{"floor":33.0,"key":"EssenceOfSteel"},{"floor":37.0,"key":"Swift Potion"}],"is_trial":false,"path_per_floor":["R","M","M","?","?","M","T","?","E","M","R","M","M","E","M","B",null,"R","M","M","?","M","R","T","$","?","M","M","M","R","M","M","B",null,"R","M","M","M","?","M","T","E"],"character_chosen":"THE_CHAMP","items_purchased":["Membership Card","champ:IronFortress+1","Lantern","Omamori"],"campfire_rested":1,"item_purchase_floors":[25,25,25,25],"current_hp_per_floor":[81,81,81,81,81,81,81,46,41,36,63,63,87,55,55,53,81,81,80,88,88,79,79,79,79,70,75,90,86,86,62,40,27,74,74,90,78,62,90,54,54,0,0,0],"gold":691,"neow_bonus":"THREE_ENEMY_KILL","is_daily":false,"chose_seed":false,"campfire_upgraded":4,"win_rate":0.0,"timestamp":1610596533,"path_taken":["R","M","?","?","?","M","T","?","E","?","R","M","M","E","M","BOSS","R","M","M","?","M","R","T","$","?","M","?","M","R","M","M","BOSS","R","M","?","M","?","?","T","E"],"items_purchased_type":["Relic","Card","Relic","Relic"],"build_version":"2020-12-22","purchased_purges":1,"victory":false,"max_hp_per_floor":[90,90,90,90,90,90,90,90,90,90,90,90,90,90,90,90,90,90,90,90,90,90,90,90,90,90,90,90,90,90,90,90,90,90,90,90,90,90,90,90,90,90,90,90],"card_choices":[{"not_picked":["champ:DefensiveShout","champ:RageSigil"],"picked":"champ:Backstep","floor":2.0},{"not_picked":["champ:DefensiveShout","champ:GutPunch"],"picked":"champ:DefensiveStyle","floor":3.0},{"not_picked":["champ:PerfectedStrike","champ:FocusedDefense"],"picked":"champ:StanceDance","floor":5.0},{"not_picked":["champ:StanceDance","champ:FlashCut"],"picked":"champ:ArenaPreparation","floor":6.0},{"not_picked":["champ:HeartStrike","champ:BerserkersShout"],"picked":"champ:VampiricStrike","floor":9.0},{"not_picked":["champ:BerserkersShout","champ:BringItOn"],"picked":"champ:FanOfKnives","floor":10.0},{"not_picked":["champ:ShieldSigil","champ:EndlessRage+1"],"picked":"champ:StanceDance","floor":12.0},{"not_picked":["champ:GladiatorsShout","champ:HeartStrike"],"picked":"champ:CrookedStrike","floor":13.0},{"not_picked":["champ:GutPunch","champ:BringItOn"],"picked":"champ:ShieldWall+1","floor":14.0},{"not_picked":["champ:Control","champ:Aggression"],"picked":"champ:RageSigil","floor":15.0},{"not_picked":["champ:LastStand+1","champ:SwordThrow"],"picked":"champ:StrikeOfGenius+1","floor":16.0},{"not_picked":["champ:ShieldSigil+1","champ:Haymaker+1"],"picked":"champ:ViciousMockery","floor":19.0},{"not_picked":["champ:PerfectedStrike","champ:ShieldSigil"],"picked":"champ:BerserkersShout","floor":20.0},{"not_picked":["champ:FocusedBerserking","champ:Balance"],"picked":"champ:FanOfKnives","floor":22.0},{"not_picked":["champ:FlashCut","champ:CrookedStrike"],"picked":"champ:Duel+1","floor":25.0},{"not_picked":["champ:TornadoPunch","champ:HoldFirm+1"],"picked":"champ:StanceDance+1","floor":27.0},{"not_picked":["champ:Haymaker","champ:BerserkersShout+1","champ:FocusedDefense+1"],"picked":"SKIP","floor":28.0},{"not_picked":["champ:FocusedGladiator+1","champ:EnGarde+1"],"picked":"champ:Duel","floor":29.0},{"not_picked":["champ:EnragedBash","champ:RecklessLeap","champ:EndlessRage+1"],"picked":"SKIP","floor":31.0},{"not_picked":["champ:RageSigil+1","champ:TornadoPunch"],"picked":"champ:StanceDance+1","floor":32.0},{"not_picked":["champ:DancingMaster+1","champ:EnchantSword+1"],"picked":"champ:VampiricStrike","floor":33.0},{"not_picked":["champ:GladiatorsShout+1","champ:RisingSlash+1"],"picked":"champ:BringItOn+1","floor":36.0},{"not_picked":["champ:EndlessRage+1","champ:PerfectedStrike+1"],"picked":"champ:FlashCut","floor":37.0},{"not_picked":["champ:RisingSlash","champ:GutPunch","champ:Circumvent+1"],"picked":"SKIP","floor":38.0},{"not_picked":["champ:FanOfKnives","champ:RapidStrikes"],"picked":"champ:Riposte+1","floor":40.0}],"player_experience":1781338,"relics_obtained":[{"floor":7.0,"key":"Frozen Egg 2"},{"floor":9.0,"key":"champ:DefensiveTrainingManual"},{"floor":14.0,"key":"Vajra"},{"floor":24.0,"key":"Toxic Egg 2"}],"event_choices":[{"damage_healed":0.0,"max_hp_gain":0.0,"max_hp_loss":0.0,"gold_gain":0.0,"event_name":"Wheel of Change","player_choice":"Damaged","floor":26.0,"gold_loss":0.0,"damage_taken":9.0},{"damage_healed":28.0,"max_hp_gain":0.0,"max_hp_loss":0.0,"gold_gain":0.0,"event_name":"Wheel of Change","player_choice":"Full Heal","floor":39.0,"gold_loss":0.0,"damage_taken":0.0}],"is_beta":false,"boss_relics":[{"not_picked":["downfall:Hecktoplasm","Astrolabe"],"picked":"Black Star"},{"not_picked":["Tiny House","Runic Pyramid"],"picked":"SacredBark"}],"items_purged_floors":[25],"is_endless":false,"potions_floor_spawned":[6,9,12,14,15,20,28,29,31,33,37],"killed_by":"Nemesis","ascension_level":12}}