{"host":"hbmugw1tcdgjy91l","time":1610597725,"event":{"mods":["Act Like it!","Arknights The Spire","BaseMod","Chen","Downfall","Gensokyo","Gremlin Mod","GungeonMod","Lobotomy","LobotomyExtend","Mari Mod (Legacy)","Mari\u0027s V1 Patch","Minty Spire (QoL Compilation)","Pale of the Ancients","Prisma Mod","READ ME - Guardian Mod","Replay The Spire","StSLib","Td1madao Mod","TestMod","The Animator","The Bug Knight","The Mystic","WarShipGirlsR/战舰少女R mod","vexMod","【功能Mod】混沌之环修复补丁"],"gold_per_floor":[111,111,125,44,44,44,64,74,74,108,108,133,18,30,30,125,125,141,240,240,240,254,254,254],"floor_reached":23,"language":"ZHS","playtime":1381,"items_purged":[],"score":199,"play_id":"335d9dba-1800-4f55-b091-53d10132dede","local_time":"20210114121525","is_ascension_mode":false,"campfire_choices":[{"data":"ats:Neurotoxin","floor":6,"key":"SMITH"},{"data":"ats:Composite Medical Shells","floor":11,"key":"SMITH"},{"data":"ats:Emotion Absorption","floor":15,"key":"SMITH"}],"circlet_count":0,"master_deck":["ats:Strike C+1","ats:Strike G+1","ats:Strike S+1","ats:Strike V+1","ats:Armor Crushing Shot+1","ats:Defend+1","ats:Defend+1","ats:Defend+1","ats:Defend+1","ats:Emotion Absorption+1","ats:Revitalization","ats:Neurotoxin+1","Clumsy","ats:Composite Medical Shells+1","Dazed","ats:Explosion Area Strengthen","Dazed","ats:Shell Defense","ats:Echo Reverb+1","ats:Revitalization+1"],"relics":["ats:Sanity","testmod-TestBox","CogitoBucket","testmod-BatchProcessingSystem","LetterFromLob","Gensokyo:NagashiBinaDoll","ats:Originium","Mercury Hourglass","Replay:Kaleidoscope","Replay:Rubber Ducky","DemoMod:GnawedKey","Theresia","testmod-HarvestTotem","Gaze_r"],"acts_visited":["Gensokyo:Gensokyo","TheCity"],"potions_floor_usage":[],"damage_taken":[{"damage":0,"enemies":"Gensokyo:Gryphon","floor":1,"turns":3},{"damage":0,"enemies":"Gensokyo:2_Kodama","floor":3,"turns":5},{"damage":7,"enemies":"Gensokyo:Python","floor":7,"turns":4},{"damage":18,"enemies":"Gensokyo:3_Kodama","floor":8,"turns":4},{"damage":27,"enemies":"Gensokyo:Cirno","floor":10,"turns":9},{"damage":11,"enemies":"Gensokyo:Aya","floor":12,"turns":5},{"damage":11,"enemies":"Gensokyo:LivingMonolith","floor":14,"turns":4},{"damage":11,"enemies":"Gensokyo:Yukari","floor":16,"turns":7},{"damage":8,"enemies":"2 Thieves","floor":18,"turns":3},{"damage":22,"enemies":"2 Thieves","floor":20,"turns":4},{"damage":1,"enemies":"3 Byrds","floor":22,"turns":3}],"seed_played":"7258299026442462561","potions_obtained":[{"floor":1,"key":"Fire Potion"},{"floor":10,"key":"FairyPotion"},{"floor":16,"key":"Milkshake"}],"is_trial":false,"path_per_floor":["M","?","M","COS","?","R","M","M","T","E","R","E","$","M","R","B",null,"M","?","?","?","M","E"],"character_chosen":"DOCTOR_CLASS","items_purchased":["DemoMod:GnawedKey"],"campfire_rested":0,"item_purchase_floors":[13],"current_hp_per_floor":[72,72,72,72,72,72,67,51,51,43,43,37,37,33,33,66,144,144,144,1,1,1,0,0],"gold":254,"neow_bonus":"","is_daily":false,"chose_seed":false,"campfire_upgraded":3,"win_rate":0.0,"timestamp":1610597725,"path_taken":["M","?","M","COS","?","R","M","M","T","E","R","E","?","?","R","BOSS","M","?","?","?","M","E"],"items_purchased_type":["Relic"],"build_version":"2020-12-22","purchased_purges":0,"victory":false,"max_hp_per_floor":[72,72,72,72,72,72,72,72,72,72,72,72,72,72,72,72,144,144,144,1,1,1,1,1],"card_choices":[{"not_picked":["ats:Curse Doll","ats:Blood Oath"],"picked":"ats:Revitalization","floor":1},{"not_picked":["ShyLook","BigBird"],"picked":"CherryBlossoms","floor":1},{"not_picked":["ats:Assault Order","ats:Hammer On"],"picked":"ats:Neurotoxin","floor":3},{"not_picked":["ats:Burning Ground","ats:Cat Scratch"],"picked":"ats:Composite Medical Shells","floor":7},{"not_picked":["ats:Chain Hook","ats:Thermite Blade"],"picked":"ats:Part Time Job","floor":8},{"not_picked":["ats:Curse Doll","ats:Closed Bolt Burst Fire"],"picked":"ats:Explosion Area Strengthen","floor":10},{"not_picked":["ats:Curse Doll","ats:Leaping Hammer"],"picked":"ats:Shell Defense","floor":12},{"not_picked":["ats:Thermite Blade","ats:Ignite"],"picked":"ats:Shell Defense","floor":14},{"not_picked":["ats:Dogmatic Field","ats:Rat Pack"],"picked":"ats:Echo Reverb","floor":16},{"not_picked":["ats:Thermite Blade","ats:Cat Scratch+1"],"picked":"ats:Revitalization+1","floor":18},{"not_picked":["ats:Hammer On","ats:Leaping Hammer","ats:Shell Defense"],"picked":"SKIP","floor":22}],"player_experience":437155,"relics_obtained":[{"floor":1,"key":"LetterFromLob"},{"floor":10,"key":"ats:Originium"},{"floor":10,"key":"Mercury Hourglass"},{"floor":12,"key":"ats:Originium"},{"floor":12,"key":"Replay:Rubber Ducky"}],"event_choices":[{"damage_healed":0,"gold_gain":99,"player_choice":"Stole From Cult","damage_taken":0,"max_hp_gain":0,"max_hp_loss":0,"event_name":"Nest","floor":19,"gold_loss":0},{"damage_healed":0,"gold_gain":0,"player_choice":"Simplicity","damage_taken":0,"max_hp_gain":0,"max_hp_loss":0,"event_name":"Back to Basics","floor":21,"gold_loss":0,"cards_upgraded":["ats:Strike C","ats:Strike G","ats:Strike S","ats:Strike V","ats:Defend","ats:Defend","ats:Defend","ats:Defend"]}],"is_beta":false,"boss_relics":[{"not_picked":["ats:Omniscience","vexMod:EndlessSickness"],"picked":"testmod-HarvestTotem"}],"items_purged_floors":[],"is_endless":false,"potions_floor_spawned":[1,10,16,18],"ascension_level":0}}