{"host":"gxfwlvk9al6s9931","time":1610658719,"event":{"mods":["2.2 Compatiblity","BaseMod","Colored Powertips","Friendly Minions","Minty Spire (QoL Compilation)","StSLib","The Bug Knight"],"gold_per_floor":[112,112,125,140,140,140,150,164,164,164,164,164,195,206,206,206,206],"floor_reached":16,"language":"ENG","playtime":1489,"items_purged":[],"score":102,"play_id":"4fa3126d-c2d1-42e6-85a9-b4df341379fb","local_time":"20210114131159","is_ascension_mode":false,"campfire_choices":[{"data":"HollowMod:SoulEater","floor":6,"key":"SMITH"},{"data":"HollowMod:SoulStrike","floor":10,"key":"SMITH"},{"data":"HollowMod:CornifersMapStart","floor":12,"key":"SMITH"},{"data":"HollowMod:CornifersMapStart","floor":15,"key":"SMITH"}],"circlet_count":0,"master_deck":["HollowMod:NailStrikeStart","HollowMod:NailStrikeStart","HollowMod:NailStrikeStart","HollowMod:NailStrikeStart","HollowMod:QuickDashStart","HollowMod:QuickDashStart","HollowMod:QuickDashStart","HollowMod:QuickDashStart","HollowMod:FocusHealStart","HollowMod:PogoStrike","HollowMod:CloakDash","HollowMod:SoulEater+1","HollowMod:CornifersMapStart+1","HollowMod:SoulStrike+1","HollowMod:CornifersMapStart+1"],"relics":["HollowMod:VesselMask","Singing Bowl","Gambling Chip","Toy Ornithopter"],"acts_visited":["Exordium"],"potions_floor_usage":[7,8,13,16,16],"damage_taken":[{"damage":0,"enemies":"2 Louse","floor":1,"turns":2},{"damage":0,"enemies":"Small Slimes","floor":3,"turns":3},{"damage":2,"enemies":"Cultist","floor":4,"turns":5},{"damage":12,"enemies":"Exordium Thugs","floor":7,"turns":4},{"damage":17,"enemies":"Lots of Slimes","floor":8,"turns":8},{"damage":17,"enemies":"3 Sentries","floor":13,"turns":8},{"damage":0,"enemies":"2 Fungi Beasts","floor":14,"turns":3},{"damage":78,"enemies":"Hexaghost","floor":16,"turns":11}],"seed_played":"1174263946690585347","potions_obtained":[{"floor":3,"key":"Explosive Potion"},{"floor":7,"key":"EntropicBrew"},{"floor":14,"key":"Fire Potion"}],"is_trial":false,"path_per_floor":["M","?","M","M","?","R","M","M","T","R","T","R","E","M","R","B"],"character_chosen":"THE_BUGKNIGHT","items_purchased":[],"campfire_rested":0,"item_purchase_floors":[],"current_hp_per_floor":[75,75,75,73,73,73,67,60,60,60,60,60,49,57,57,0,0],"gold":206,"neow_bonus":"THREE_CARDS","is_daily":false,"chose_seed":false,"campfire_upgraded":4,"win_rate":0.0,"timestamp":1610658719,"path_taken":["M","?","M","M","?","R","?","M","T","R","?","R","E","?","R","BOSS"],"items_purchased_type":[],"build_version":"2020-12-22","purchased_purges":0,"victory":false,"max_hp_per_floor":[75,75,75,75,75,75,75,75,75,75,75,75,75,77,77,77,77],"card_choices":[{"not_picked":["HollowMod:HeavyBlow","HollowMod:InfectedCysts"],"picked":"HollowMod:CloakDash","floor":0},{"not_picked":["HollowMod:SoulStrike","HollowMod:InfectedCysts"],"picked":"HollowMod:SoulEater","floor":1},{"not_picked":["HollowMod:MothsMistake","HollowMod:SharpenedShadows","HollowMod:SharpenedNail"],"picked":"SKIP","floor":3},{"not_picked":["HollowMod:CrystalDash","HollowMod:TaintedHusks"],"picked":"HollowMod:CornifersMapStart","floor":4},{"not_picked":["HollowMod:MothsMistake","HollowMod:SharpenedNail","HollowMod:AbyssShriek"],"picked":"SKIP","floor":7},{"not_picked":["HollowMod:CycloneSlash","HollowMod:VengefulVoid","HollowMod:GoodIntentions"],"picked":"SKIP","floor":8},{"not_picked":["HollowMod:TaintedHusks","HollowMod:SoulStrike"],"picked":"HollowMod:CornifersMapStart","floor":13},{"not_picked":["HollowMod:DescendingDark","HollowMod:CornifersMapStart","HollowMod:GrimmsGift"],"picked":"Singing Bowl","floor":14}],"player_experience":294154,"relics_obtained":[{"floor":9,"key":"Singing Bowl"},{"floor":11,"key":"Gambling Chip"},{"floor":13,"key":"Toy Ornithopter"}],"event_choices":[{"damage_healed":0,"gold_gain":0,"player_choice":"Ignored","damage_taken":0,"max_hp_gain":0,"max_hp_loss":0,"event_name":"Liars Game","floor":2,"gold_loss":0},{"damage_healed":0,"gold_gain":0,"player_choice":"1 cards matched","damage_taken":0,"max_hp_gain":0,"max_hp_loss":0,"event_name":"Match and Keep!","floor":5,"gold_loss":0,"cards_obtained":["HollowMod:SoulStrike"]}],"is_beta":false,"boss_relics":[],"items_purged_floors":[],"is_endless":false,"potions_floor_spawned":[3,7,14],"killed_by":"Hexaghost","ascension_level":0}}