{"host":"32dedufnxebqtmo3","time":1610663073,"event":{"mods":["AchievementEnabler","BaseMod","Better Third Choice","Card Filter","Colored Powertips","Defuse TimeMaze Blight","GifTheSpireLib","Minty Spire (QoL Compilation)","Permanent Neow","Relic Filter","Relic Stats","Remove Card Discount Mod","Shop Mod","StSLib","The Cursed","The Mystic","Unceasing Turn Reminder"],"gold_per_floor":[114,128,140,85,260,260,294,294,341,374,392,405,419,447,447,549,549,565,271,288,308,308,308,341,341,365,399,411,421,449,462,462,567,567,582,598,234,246,264,264,290,290,290,303,13,13,44,89,89,89,89,89,125,151,151],"floor_reached":56,"language":"ENG","playtime":4055,"items_purged":["mysticmod:Strike_Mystic","mysticmod:Strike_Mystic","Doubt","mysticmod:Strike_Mystic","mysticmod:Strike_Mystic","mysticmod:Defend_Mystic","mysticmod:Sideswipe","mysticmod:Sideswipe","mysticmod:ComponentsPouch+1","mysticmod:FiveFootStep","mysticmod:TomeOfSpells","mysticmod:Defend_Mystic","mysticmod:Defend_Mystic","mysticmod:Defend_Mystic"],"score":1389,"play_id":"539ee2bc-76ca-46fa-8b35-837fb4143b84","local_time":"20210114142433","is_ascension_mode":false,"campfire_choices":[{"data":"mysticmod:ComponentsPouch","floor":6,"key":"SMITH"},{"data":"mysticmod:Daze","floor":8,"key":"SMITH"},{"data":"mysticmod:Spellstrike","floor":15,"key":"SMITH"},{"data":"mysticmod:MightyMagic","floor":23,"key":"SMITH"},{"data":"mysticmod:Feint","floor":25,"key":"SMITH"},{"floor":32,"key":"RECALL"},{"data":"mysticmod:Alacrity","floor":40,"key":"SMITH"},{"data":"mysticmod:ShockingGrasp","floor":42,"key":"SMITH"},{"data":"mysticmod:Discipline","floor":49,"key":"SMITH"},{"data":"mysticmod:Disengage","floor":52,"key":"SMITH"}],"circlet_count":0,"master_deck":["mysticmod:ArcaneDodge+1","mysticmod:ShockingGrasp+1","mysticmod:HeavyStrike","mysticmod:Daze+1","mysticmod:LightningBolt","mysticmod:Disengage+1","mysticmod:Spellstrike+1","mysticmod:MightyMagic+1","mysticmod:Feint+1","mysticmod:Disengage","mysticmod:Alacrity+1","mysticmod:MagicMissile+1","mysticmod:Disengage","mysticmod:Discipline+1","Decay","mysticmod:ArcaneAccuracy","mysticmod:Disengage"],"relics":["mysticmod:SpellBook","Cursed Key","Singing Bowl","Vajra","Ancient Tea Set","Runic Pyramid","MerchantsRug","Shuriken","Oddly Smooth Stone","mysticmod:RabbitsFoot","ClockworkSouvenir","Bag of Preparation","Blood Vial","Anchor","Lantern"],"acts_visited":["Exordium","TheCity","TheBeyond","TheEnding"],"potions_floor_usage":[7,12,24,24,29,33,39,54,55,55,55],"damage_taken":[{"damage":0,"enemies":"Jaw Worm","floor":1,"turns":4},{"damage":0,"enemies":"2 Louse","floor":2,"turns":3},{"damage":1,"enemies":"Cultist","floor":3,"turns":4},{"damage":4,"enemies":"Gremlin Nob","floor":7,"turns":3},{"damage":13,"enemies":"Lagavulin","floor":10,"turns":5},{"damage":5,"enemies":"Large Slime","floor":11,"turns":6},{"damage":8,"enemies":"Exordium Thugs","floor":12,"turns":3},{"damage":0,"enemies":"3 Louse","floor":13,"turns":3},{"damage":5,"enemies":"3 Sentries","floor":14,"turns":6},{"damage":30,"enemies":"The Guardian","floor":16,"turns":11},{"damage":9,"enemies":"Spheric Guardian","floor":18,"turns":4},{"damage":1,"enemies":"2 Thieves","floor":20,"turns":3},{"damage":9,"enemies":"Snake Plant","floor":21,"turns":4},{"damage":0,"enemies":"Book of Stabbing","floor":24,"turns":4},{"damage":14,"enemies":"Slavers","floor":27,"turns":4},{"damage":2,"enemies":"Chosen and Byrds","floor":28,"turns":3},{"damage":5,"enemies":"Centurion and Healer","floor":29,"turns":3},{"damage":21,"enemies":"Book of Stabbing","floor":30,"turns":4},{"damage":8,"enemies":"Snake Plant","floor":31,"turns":3},{"damage":41,"enemies":"Collector","floor":33,"turns":9},{"damage":0,"enemies":"3 Shapes","floor":35,"turns":3},{"damage":0,"enemies":"Orb Walker","floor":36,"turns":2},{"damage":12,"enemies":"4 Shapes","floor":38,"turns":5},{"damage":6,"enemies":"Spire Growth","floor":39,"turns":3},{"damage":1,"enemies":"Nemesis","floor":41,"turns":3},{"damage":0,"enemies":"Writhing Mass","floor":44,"turns":4},{"damage":0,"enemies":"Reptomancer","floor":47,"turns":3},{"damage":21,"enemies":"Donu and Deca","floor":50,"turns":9},{"damage":1,"enemies":"Shield and Spear","floor":54,"turns":6},{"damage":69,"enemies":"The Heart","floor":55,"turns":9}],"seed_played":"3008680731471871853","potions_obtained":[{"floor":3,"key":"GamblersBrew"},{"floor":7,"key":"Explosive Potion"},{"floor":10,"key":"AttackPotion"},{"floor":12,"key":"LiquidMemories"},{"floor":18,"key":"DistilledChaos"},{"floor":27,"key":"FearPotion"},{"floor":28,"key":"Regen Potion"},{"floor":29,"key":"FearPotion"},{"floor":33,"key":"Block Potion"},{"floor":41,"key":"Strength Potion"},{"floor":54,"key":"Block Potion"}],"is_trial":false,"path_per_floor":["M","M","M","$","?","R","E","R","T","E","M","M","M","E","R","B",null,"M","$","M","M","?","R","E","R","T","E","M","M","E","M","R","B",null,"M","M","$","M","M","R","E","R","T","M","$","?","E","T","R","B",null,"R","$","E","B",null],"character_chosen":"MYSTIC_CLASS","items_purchased":["mysticmod:HeavyStrike","mysticmod:Feint","Lee\u0027s Waffle","mysticmod:Disengage","mysticmod:Alacrity","MerchantsRug","Shuriken","ClockworkSouvenir","Bag of Preparation","mysticmod:ArcaneAccuracy","mysticmod:Disengage"],"campfire_rested":0,"item_purchase_floors":[4,19,19,19,19,37,37,45,45,53,53],"current_hp_per_floor":[77,77,76,76,76,76,72,77,77,64,59,51,51,46,55,25,77,68,84,83,74,74,83,83,84,84,72,70,67,48,42,54,13,92,94,96,96,86,91,100,101,102,102,104,104,114,116,116,116,95,116,116,116,117,49],"gold":151,"neow_bonus":"UPGRADE_CARD","is_daily":false,"chose_seed":false,"campfire_upgraded":9,"win_rate":0.0,"timestamp":1610663073,"path_taken":["M","M","M","$","?","R","E","R","T","E","M","M","M","E","R","BOSS","M","$","M","M","?","R","E","R","T","E","M","M","E","M","R","BOSS","M","M","$","M","M","R","E","R","T","M","?","?","E","?","R","BOSS","R","$","E","BOSS"],"items_purchased_type":["Card","Card","Relic","Card","Card","Relic","Relic","Relic","Relic","Card","Card"],"build_version":"2020-12-22","purchased_purges":14,"victory":true,"max_hp_per_floor":[77,77,77,77,77,77,77,77,77,77,77,77,77,77,77,77,77,77,84,84,84,84,84,84,84,84,86,86,88,90,92,92,92,92,94,96,96,98,100,100,102,102,102,104,104,114,116,116,116,116,116,116,116,118,118],"relic_stats":{"Blood Vial":1,"Singing Bowl":24,"counters":[30,136],"Shuriken":[25],"Bag of Preparation":[8],"Cursed Key":3,"obtain_stats":[{"MerchantsRug":37,"Lee\u0027s Waffle":19,"Lantern":54,"Singing Bowl":24,"mysticmod:RabbitsFoot":43,"Vajra":27,"Oddly Smooth Stone":41,"mysticmod:SpellBook":0,"Eternal Feather":7,"Omamori":10,"Bag of Preparation":45,"Cursed Key":17,"Ancient Tea Set":30,"ClockworkSouvenir":45,"Blood Vial":47,"Anchor":48,"Shuriken":37,"Tiny Chest":9,"mysticmod:TrainingManual":14,"Runic Pyramid":34},{"MerchantsRug":22,"Lee\u0027s Waffle":11,"Lantern":29,"Singing Bowl":14,"mysticmod:RabbitsFoot":25,"Vajra":15,"Oddly Smooth Stone":25,"mysticmod:SpellBook":0,"Eternal Feather":4,"Omamori":5,"Bag of Preparation":26,"Cursed Key":10,"Ancient Tea Set":18,"ClockworkSouvenir":26,"Blood Vial":27,"Anchor":27,"Shuriken":22,"Tiny Chest":4,"mysticmod:TrainingManual":9,"Runic Pyramid":20},{"MerchantsRug":94,"Lee\u0027s Waffle":52,"Lantern":127,"Singing Bowl":63,"mysticmod:RabbitsFoot":105,"Vajra":67,"Oddly Smooth Stone":105,"mysticmod:SpellBook":0,"Eternal Feather":14,"Omamori":19,"Bag of Preparation":109,"Cursed Key":48,"Ancient Tea Set":77,"ClockworkSouvenir":109,"Blood Vial":112,"Anchor":112,"Shuriken":94,"Tiny Chest":14,"mysticmod:TrainingManual":37,"Runic Pyramid":89}]},"card_choices":[{"not_picked":["mysticmod:Flurry","mysticmod:Disengage"],"picked":"mysticmod:Sideswipe","floor":1},{"not_picked":["mysticmod:Sideswipe","mysticmod:PowerSlash"],"picked":"mysticmod:TomeOfSpells","floor":2},{"not_picked":["mysticmod:IllusionOfCalm","mysticmod:BulkUp"],"picked":"mysticmod:ComponentsPouch","floor":3},{"not_picked":["mysticmod:Shield","mysticmod:CorrosiveTouch"],"picked":"mysticmod:Daze","floor":7},{"not_picked":["mysticmod:StyleChange","mysticmod:Grease"],"picked":"mysticmod:FiveFootStep","floor":10},{"not_picked":["mysticmod:EbbAndFlow","mysticmod:DiviningBlow"],"picked":"mysticmod:LightningBolt","floor":11},{"not_picked":["mysticmod:DiviningBlow","mysticmod:MirrorStrike"],"picked":"mysticmod:Disengage","floor":12},{"not_picked":["mysticmod:BulkUp","mysticmod:Flurry"],"picked":"mysticmod:Sideswipe","floor":13},{"not_picked":["mysticmod:BladeMaster","mysticmod:Shield"],"picked":"mysticmod:Spellstrike","floor":14},{"not_picked":["mysticmod:KnowledgePool","mysticmod:Haste"],"picked":"mysticmod:Lunge","floor":16},{"not_picked":["mysticmod:Sideswipe","mysticmod:LightningBolt"],"picked":"mysticmod:MightyMagic","floor":18},{"not_picked":["mysticmod:Shield","mysticmod:Dedication","mysticmod:Daze"],"picked":"SKIP","floor":20},{"not_picked":["mysticmod:EnergizedRift","mysticmod:StyleChange","mysticmod:Shield"],"picked":"SKIP","floor":21},{"not_picked":["mysticmod:Stoneskin","mysticmod:MightyMagic"],"picked":"mysticmod:MagicMissile+1","floor":24},{"not_picked":["mysticmod:Sideswipe","mysticmod:BladeMaster","mysticmod:KnowledgePool"],"picked":"Singing Bowl","floor":27},{"not_picked":["mysticmod:LightningBolt","mysticmod:AllIn"],"picked":"mysticmod:Disengage","floor":28},{"not_picked":["mysticmod:Snowball","mysticmod:KeenEdge","mysticmod:ComponentsPouch+1"],"picked":"Singing Bowl","floor":29},{"not_picked":["mysticmod:Snowball","mysticmod:PureInstinct","mysticmod:IllusionOfCalm"],"picked":"Singing Bowl","floor":30},{"not_picked":["mysticmod:CorrosiveTouch","mysticmod:StyleChange","mysticmod:PowerSlash"],"picked":"Singing Bowl","floor":31},{"not_picked":["mysticmod:KnowledgePool","mysticmod:Lunge"],"picked":"mysticmod:Discipline","floor":33},{"not_picked":["mysticmod:DiviningBlow","mysticmod:Shield+1","mysticmod:Stoneskin+1"],"picked":"Singing Bowl","floor":35},{"not_picked":["mysticmod:Shield+1","mysticmod:FiveFootStep+1","mysticmod:ComponentsPouch+1"],"picked":"Singing Bowl","floor":36},{"not_picked":["mysticmod:SpellCombat+1","mysticmod:Fireball+1","mysticmod:SuddenClarity"],"picked":"Singing Bowl","floor":38},{"not_picked":["mysticmod:SuddenClarity","mysticmod:CorrosiveTouch","mysticmod:PowerSlash+1"],"picked":"Singing Bowl","floor":39},{"not_picked":["mysticmod:Flourish+1","mysticmod:Disengage+1","mysticmod:SuddenClarity"],"picked":"Singing Bowl","floor":41},{"not_picked":["mysticmod:HeavyStrike","mysticmod:AllIn","mysticmod:TomeOfSpells"],"picked":"Singing Bowl","floor":44},{"not_picked":["mysticmod:Disengage","mysticmod:PunishingArmor","mysticmod:Grease+1"],"picked":"Singing Bowl","floor":47},{"not_picked":["mysticmod:Flourish+1","mysticmod:MirrorEntity","mysticmod:VorpalThrust"],"picked":"Singing Bowl","floor":54}],"player_experience":702353,"relics_obtained":[{"floor":7,"key":"Eternal Feather"},{"floor":9,"key":"Tiny Chest"},{"floor":10,"key":"Omamori"},{"floor":14,"key":"mysticmod:TrainingManual"},{"floor":24,"key":"Singing Bowl"},{"floor":27,"key":"Vajra"},{"floor":30,"key":"Ancient Tea Set"},{"floor":41,"key":"Oddly Smooth Stone"},{"floor":43,"key":"mysticmod:RabbitsFoot"},{"floor":47,"key":"Blood Vial"},{"floor":48,"key":"Anchor"},{"floor":54,"key":"Lantern"}],"event_choices":[{"damage_healed":0,"gold_gain":175,"player_choice":"AGREE","damage_taken":85,"max_hp_gain":0,"max_hp_loss":0,"event_name":"betterThird:BetterSerpent","floor":5,"gold_loss":0},{"damage_healed":0,"gold_gain":0,"player_choice":"Ignored","damage_taken":0,"max_hp_gain":0,"max_hp_loss":0,"event_name":"NoteForYourself","floor":22,"gold_loss":0},{"cards_removed":["mysticmod:Lunge"],"damage_healed":0,"gold_gain":0,"player_choice":"Offered Rare","damage_taken":0,"max_hp_gain":10,"max_hp_loss":0,"event_name":"Bonfire Elementals","floor":46,"gold_loss":0}],"is_beta":false,"boss_relics":[{"not_picked":["mysticmod:DeckOfManyThings","Ectoplasm"],"picked":"Cursed Key"},{"not_picked":["SacredBark","Snecko Eye"],"picked":"Runic Pyramid"}],"items_purged_floors":[4,4,19,19,19,19,19,37,37,37,37,37,37,37],"is_endless":false,"potions_floor_spawned":[3,7,10,12,18,21,27,28,29,33,35,41,44,54],"ascension_level":0}}