{"host":"rz8ryyppw1rffr47","time":1610637153,"event":{"mods":["BaseMod","BetterRewards","Downfall","Googly Eyes","Minty Spire (QoL Compilation)","Quick Restart","Replay The Spire","StSLib","slay the spire mod where everything is the same but ironclad has a cowboy hat"],"gold_per_floor":[99,99,99,99,113,129,129,155,155,175,9,24,24,52,66,164,164,164,179,191,191,201,221,221,236,247,258,278,278,278,278],"floor_reached":29,"language":"ENG","playtime":1670,"items_purged":[],"score":281,"play_id":"c10304fa-66e1-4a65-9653-536da3699c76","local_time":"20210114151233","is_ascension_mode":false,"campfire_choices":[{"data":"Slimebound:Split","floor":1,"key":"SMITH"},{"data":"Slimebound:SlimeSlap","floor":18,"key":"SMITH"}],"circlet_count":0,"master_deck":["Slimebound:Strike_Slimebound","Slimebound:Strike_Slimebound","Slimebound:Strike_Slimebound","Slimebound:Tackle","Slimebound:Defend_Slimebound","Slimebound:Defend_Slimebound","Slimebound:Defend_Slimebound","Slimebound:Defend_Slimebound","Slimebound:Split+1","Slimebound:CorrosiveSpit","Slimebound:SlimeSpikes","Slimebound:RainOfGoop","Slimebound:FirmFortitude","Slimebound:RejuvenatingLick","Slimebound:Dissolve","Slimebound:SamplingLick","Slimebound:SlimeSlap+1","Slimebound:LivingWall","Slimebound:MassFeed","Slimebound:GoopSpray","Slimebound:LivingWall+1","Slimebound:Schlurp+1","Slimebound:Schlurp","Slimebound:SamplingLick"],"relics":["Slimebound:AbsorbEndCombat","downfall:HeartsMalice","Replay:Kaleidoscope","Singing Bowl","Pet Ghost","Shovel","Odd Mushroom","ReplayTheSpireMod:Ninjato"],"acts_visited":["Exordium","TheCity"],"potions_floor_usage":[10,16,16,23,26,28,29,29],"damage_taken":[{"damage":0,"enemies":"Cultist","floor":2,"turns":1},{"damage":0,"enemies":"2 Louse","floor":3,"turns":1},{"damage":0,"enemies":"Jaw Worm","floor":4,"turns":1},{"damage":12,"enemies":"Large Slime","floor":5,"turns":6},{"damage":13,"enemies":"Red Slaver","floor":6,"turns":3},{"damage":35,"enemies":"Lagavulin","floor":8,"turns":7},{"damage":20,"enemies":"Lots of Slimes","floor":10,"turns":5},{"damage":4,"enemies":"downfall:FleeingMerchant","floor":11,"turns":4},{"damage":23,"enemies":"Exordium Thugs","floor":12,"turns":4},{"damage":44,"enemies":"The Mushroom Lair","floor":14,"turns":5},{"damage":12,"enemies":"Exordium Wildlife","floor":15,"turns":3},{"damage":27,"enemies":"downfall:Silent","floor":16,"turns":8},{"damage":18,"enemies":"Spheric Guardian","floor":19,"turns":5},{"damage":33,"enemies":"Cultist and Chosen","floor":20,"turns":6},{"damage":46,"enemies":"Snake Plant","floor":22,"turns":4},{"damage":23,"enemies":"Centurion and Healer","floor":23,"turns":6},{"damage":16,"enemies":"Snecko","floor":25,"turns":5},{"damage":32,"enemies":"Sentry and Sphere","floor":26,"turns":4},{"damage":21,"enemies":"Shelled Parasite and Fungi","floor":27,"turns":6},{"damage":21,"enemies":"Snake Plant","floor":28,"turns":3},{"damage":63,"enemies":"Gremlin Leader","floor":29,"turns":6}],"seed_played":"-4110470840538871215","potions_obtained":[{"floor":8,"key":"Fruit Juice"},{"floor":10,"key":"Fruit Juice"},{"floor":12,"key":"sneckomod:MuddlingPotion"},{"floor":15,"key":"ColorlessPotion"},{"floor":22,"key":"ColorlessPotion"},{"floor":25,"key":"SkillPotion"},{"floor":26,"key":"PowerPotion"},{"floor":27,"key":"SpeedPotion"}],"is_trial":false,"path_per_floor":["R","M","M","M","M","M","T","E","?","M","$","M","?","?","M","B",null,"R","M","M","?","M","M","T","M","M","M","M","E"],"character_chosen":"SLIMEBOUND","items_purchased":["Pet Ghost"],"campfire_rested":0,"item_purchase_floors":[11],"current_hp_per_floor":[60,60,60,60,60,55,55,43,62,67,69,66,66,44,54,54,74,74,72,67,56,32,40,40,52,52,53,45,0,0,0],"gold":278,"neow_bonus":"THREE_ENEMY_KILL","is_daily":false,"chose_seed":false,"campfire_upgraded":2,"win_rate":0.0,"timestamp":1610637153,"path_taken":["R","M","M","M","M","?","T","E","?","M","$","M","?","?","M","BOSS","R","M","M","?","M","M","T","M","M","M","?","E"],"items_purchased_type":["Relic"],"build_version":"2020-12-22","purchased_purges":0,"victory":false,"max_hp_per_floor":[60,60,60,60,60,60,60,62,62,67,69,69,69,69,69,74,74,74,74,74,74,74,79,79,81,89,89,92,92,92,92],"card_choices":[{"not_picked":["Slimebound:ViciousTackle","Slimebound:SplitMire"],"picked":"Slimebound:SlimeSpikes","floor":2},{"not_picked":["Slimebound:SplitMire","Slimebound:ForwardTackle","Slimebound:SplitBruiser"],"picked":"SKIP","floor":3},{"not_picked":["Slimebound:DivideAndConquer","Slimebound:ViciousTackle"],"picked":"Slimebound:RainOfGoop","floor":4},{"not_picked":["Slimebound:BestDefense","Slimebound:ForwardTackle"],"picked":"Slimebound:FirmFortitude","floor":5},{"not_picked":["Slimebound:FirmFortitude","Slimebound:SlimeTap"],"picked":"Slimebound:RejuvenatingLick","floor":6},{"not_picked":["Slimebound:Equalize","Slimebound:RollThrough","Slimebound:SplitAcid"],"picked":"Singing Bowl","floor":8},{"not_picked":["Slimebound:WasteNot","Slimebound:SlimeTap"],"picked":"Slimebound:Dissolve","floor":10},{"not_picked":["Slimebound:Replication","Slimebound:SplitMire","Slimebound:LeechEnergy"],"picked":"Singing Bowl","floor":11},{"not_picked":["Slimebound:LeechEnergy","Slimebound:ComboTackle"],"picked":"Slimebound:SamplingLick","floor":12},{"not_picked":["Slimebound:LevelUp","Slimebound:RollThrough"],"picked":"Slimebound:SlimeSlap","floor":14},{"not_picked":["Slimebound:SplitBruiser","Slimebound:LeechingTouch"],"picked":"Slimebound:LivingWall","floor":15},{"not_picked":["Slimebound:SelfFormingGoo","Slimebound:MassRepurpose"],"picked":"Slimebound:MassFeed","floor":16},{"not_picked":["Slimebound:SplitMire","Slimebound:GrowthPunch"],"picked":"Slimebound:GoopSpray","floor":19},{"not_picked":["Slimebound:SplitAcid","Slimebound:SlimeTap+1"],"picked":"Slimebound:LivingWall+1","floor":20},{"not_picked":["Slimebound:SelfFormingGoo","Slimebound:ItLooksTasty+1"],"picked":"Slimebound:Schlurp+1","floor":22},{"not_picked":["Slimebound:PressTheAttack+1","Slimebound:FinishingTackle+1","Slimebound:SplitLeeching"],"picked":"Singing Bowl","floor":23},{"not_picked":["Slimebound:FlameTackle","Slimebound:ComboTackle","Slimebound:ServeAndProtect+1"],"picked":"Singing Bowl","floor":25},{"not_picked":["Slimebound:PressTheAttack+1","Slimebound:GoopSpray","Slimebound:OneTwoCombo"],"picked":"Singing Bowl","floor":26},{"not_picked":["Slimebound:Nibble","Slimebound:SplitAcid"],"picked":"Slimebound:Schlurp","floor":27},{"not_picked":["Slimebound:SlimeTap","Slimebound:ComboTackle"],"picked":"Slimebound:SamplingLick","floor":28}],"player_experience":370882,"relics_obtained":[{"floor":7,"key":"Replay:Kaleidoscope"},{"floor":8,"key":"Singing Bowl"},{"floor":14,"key":"Odd Mushroom"},{"floor":24,"key":"ReplayTheSpireMod:Ninjato"}],"event_choices":[{"damage_healed":20,"gold_gain":0,"player_choice":"Banana","damage_taken":0,"max_hp_gain":0,"max_hp_loss":0,"event_name":"Big Fish","floor":9,"gold_loss":0},{"damage_healed":0,"gold_gain":0,"player_choice":"Fought Mushrooms","damage_taken":0,"max_hp_gain":0,"max_hp_loss":0,"event_name":"Mushrooms","floor":14,"gold_loss":0}],"is_beta":false,"boss_relics":[{"not_picked":["Cursed Key","Abe\u0027s Treasure","Replay:Drink Me"]}],"items_purged_floors":[],"is_endless":false,"potions_floor_spawned":[8,10,12,15,22,25,26,27],"killed_by":"Gremlin Leader","ascension_level":0}}