{"host":"konjmgczbcns2r3g","time":1610588449,"event":{"mods":["AchievementEnabler","BaseMod","Colored Powertips","Hermit","Infinite Spire","Koishi","Marisa????????","Minty Spire (QoL Compilation)","Replay The Spire","StSLib","The Cursed","The Necromancer","The Servant 0.9.4"],"gold_per_floor":[113,113,129,0,30,50,96,116,116,151,226,319,332,367,367,504,504,535,584,161,161,8,8,8,8,37,109,187,214,239,270,270,289,289,411,411,428,469,583,613,73,73,88,118,200,200,200,8,110,140,140,158],"floor_reached":53,"language":"ENG","playtime":4722,"items_purged":[],"score":554,"play_id":"bd09c421-a7ac-45a6-98b4-b70c5e8fea79","local_time":"20210113204049","is_ascension_mode":false,"campfire_choices":[{"floor":15.0,"key":"REST"},{"floor":23,"key":"REST"},{"floor":32,"key":"REST"},{"floor":34,"key":"REST"},{"floor":42,"key":"REST"},{"floor":47,"key":"REST"},{"floor":51,"key":"REST"}],"circlet_count":0,"master_deck":["Strike_MRS","Strike_MRS","Strike_MRS","Defend_MRS","Defend_MRS","Defend_MRS","Defend_MRS","MasterSpark","UpSweep","BlazeAway+1","SprinkleStarSeal","WitchOfGreed","IllusionStar","GravityBeat","DoubleSpark","GrandCross","Robbery","Acceleration","PulseMagic","DoubleSpark","ChargeUpSpray","DC","TreasureHunter","6A","DeepEcoloBomb+1","EarthLightRay","MilkyWay","MilkyWay","EventHorizon","StarlightTyphoon","AsteroidBelt","DoubleSpark+1","DoubleSpark+1","UltimateShortwave","IllusionStar","MysteriousBeam+1","AlicesGift+1","Parasite","RefractionSpark+1","FinalSpark+1","OrrerysSun+1","CasketOfStar+1","infinitespire:Pacifist","WitchOfGreed+1","PowerUp+1","MysteriousBeam+1"],"relics":["MiniHakkero","Lantern","Replay:Bottled Eggs","Bag of Preparation","ChewingGum","Sling","Replay:Mystery Machine","Nilry\u0027s Codex","Potion Belt","Molten Egg 2","Black Star","TungstenRod","Frozen Egg 2","Blood Vial","Snack Pack","Ring of Fury","ReplayTheSpireMod:Ring of Challenge","Nunchaku","Ice Cream"],"acts_visited":["Exordium","TheCity","TheBeyond"],"potions_floor_usage":[26,27,27,29,30,33,35,35,39,39,40,43,49,52,52,52],"damage_taken":[{"damage":1.0,"enemies":"2 Louse","floor":1.0,"turns":3.0},{"damage":1.0,"enemies":"Cultist","floor":3.0,"turns":3.0},{"damage":10.0,"enemies":"Small Slimes","floor":5.0,"turns":3.0},{"damage":0.0,"enemies":"3 Louse","floor":6.0,"turns":2.0},{"damage":24.0,"enemies":"Gremlin Nob","floor":7.0,"turns":5.0},{"damage":0.0,"enemies":"2 Fungi Beasts","floor":8.0,"turns":2.0},{"damage":0.0,"enemies":"Exordium Wildlife","floor":10.0,"turns":2.0},{"damage":7.0,"enemies":"Replay:BlueRogue","floor":12.0,"turns":4.0},{"damage":0.0,"enemies":"Red Slaver","floor":13.0,"turns":1.0},{"damage":0.0,"enemies":"Large Slime","floor":14.0,"turns":2.0},{"damage":43.0,"enemies":"Fading Forest","floor":16.0,"turns":11.0},{"damage":10.0,"enemies":"Shell Parasite","floor":18.0,"turns":2.0},{"damage":21.0,"enemies":"3 Byrds","floor":19.0,"turns":5.0},{"damage":23,"enemies":"Sentry and Sphere","floor":26,"turns":6},{"damage":0,"enemies":"Centurion and Healer","floor":27,"turns":4},{"damage":6,"enemies":"3 Cultists","floor":29,"turns":3},{"damage":10,"enemies":"Chosen and Byrds","floor":30,"turns":4},{"damage":0,"enemies":"Sentry and Sphere","floor":31,"turns":3},{"damage":12,"enemies":"Snake Plant","floor":33,"turns":4},{"damage":58,"enemies":"Automaton","floor":35,"turns":10},{"damage":9,"enemies":"Orb Walker","floor":37,"turns":3},{"damage":10,"enemies":"3 Shapes","floor":38,"turns":5},{"damage":23,"enemies":"Mind Bloom Boss Battle","floor":39,"turns":7},{"damage":18,"enemies":"Writhing Mass","floor":40,"turns":6},{"damage":15,"enemies":"Jaw Worm Horde","floor":43,"turns":2},{"damage":16,"enemies":"4 Shapes","floor":44,"turns":5},{"damage":29,"enemies":"2 Orb Walkers","floor":49,"turns":3},{"damage":0,"enemies":"Maw","floor":50,"turns":5},{"damage":64,"enemies":"Replay:Hell Engine","floor":52,"turns":8}],"seed_played":"511294420479752243","potions_obtained":[{"floor":6.0,"key":"PowerPotion"},{"floor":7.0,"key":"BlessingOfTheForge"},{"floor":7.0,"key":"SkillPotion"},{"floor":8.0,"key":"Milkshake"},{"floor":10.0,"key":"Swift Potion"},{"floor":12.0,"key":"SteroidPotion"},{"floor":16.0,"key":"SneckoOil"},{"floor":16.0,"key":"Venom Potion"},{"floor":18.0,"key":"LiquidBronze"},{"floor":26,"key":"PowerPotion"},{"floor":26,"key":"SkillPotion"},{"floor":27,"key":"CultistPotion"},{"floor":30,"key":"Fire Potion"},{"floor":31,"key":"BottledSpark"},{"floor":33,"key":"FairyPotion"},{"floor":35,"key":"BottledSpark"},{"floor":38,"key":"PowerPotion"},{"floor":39,"key":"Weak Potion"},{"floor":40,"key":"Swift Potion"},{"floor":40,"key":"Weak Potion"},{"floor":49,"key":"Ancient Potion"},{"floor":50,"key":"SpeedPotion"},{"floor":50,"key":"SkillPotion"}],"is_trial":false,"path_per_floor":["M","?","M","$","M","M","E","M","T","M","?","E","M","M","R","B",null,"M","M","$","?","$","R","PTL","PTL","M","M","T","M","M","M","R","M","R","B",null,"M","M","?","M","$","R","M","M","T","?","R","$","?","M","R","B",null],"character_chosen":"MARISA","items_purchased":["WitchOfGreed","IllusionStar","GravityBeat","Sling","Replay:Mystery Machine","EarthLightRay","MilkyWay","Potion Belt","Frozen Egg 2","Blood Vial","FinalSpark+1","Nunchaku","WitchOfGreed+1"],"campfire_rested":7,"item_purchase_floors":[4,4,4,20,20,20,20,22,41,41,41,48,48],"current_hp_per_floor":[81,81,80,80,70,70,46,46,46,46,46,39,39,39,63,30,82,72,51,51,35,35,59,59,59,40,44,44,42,32,32,56,48,72,18,82,73,67,48,34,34,58,45,35,35,35,59,59,42,54,78,32],"gold":158,"neow_bonus":"TEN_PERCENT_HP_BONUS","is_daily":false,"chose_seed":false,"campfire_upgraded":0,"win_rate":0.0,"timestamp":1610588449,"path_taken":["M","?","M","$","?","M","E","M","T","M","?","E","M","M","R","BOSS","M","M","$","?","$","R","PTL","PTL","M","M","T","M","M","M","R","M","R","BOSS","M","M","?","M","$","R","M","M","T","?","R","$","?","M","R","BOSS"],"items_purchased_type":["Card","Card","Card","Relic","Relic","Card","Card","Relic","Relic","Relic","Card","Relic","Card"],"build_version":"2020-12-22","purchased_purges":0,"victory":true,"max_hp_per_floor":[82,82,82,82,82,82,82,82,82,82,82,82,82,82,82,82,82,82,82,82,82,82,82,82,82,82,82,82,82,82,82,82,82,82,82,82,82,82,82,82,82,82,82,82,82,82,82,82,82,82,82,82],"card_choices":[{"not_picked":["EventHorizon","NonDirectionalLaser"],"picked":"BlazeAway","floor":1.0},{"not_picked":["Occultation","WitchLeyline"],"picked":"SprinkleStarSeal","floor":3.0},{"not_picked":["DarkSpark","Robbery"],"picked":"DoubleSpark","floor":5.0},{"not_picked":["GravityBeat","DarkSpark"],"picked":"GrandCross","floor":6.0},{"not_picked":["MilkyWay","DarkMatter"],"picked":"Robbery","floor":7.0},{"not_picked":["GrandCross","UnstableBomb"],"picked":"Acceleration","floor":8.0},{"not_picked":["GasGiant","AsteroidBelt"],"picked":"PulseMagic","floor":10.0},{"not_picked":["Occultation","EscapeVelocity"],"picked":"DoubleSpark","floor":12.0},{"not_picked":["ShootTheMoon","SuperPerseids"],"picked":"ChargeUpSpray","floor":13.0},{"not_picked":["ManaConvection","DragonMeteor"],"picked":"DC","floor":14.0},{"not_picked":["AbsoluteMagnitude","CollectingQuirk"],"picked":"TreasureHunter","floor":16.0},{"not_picked":["MysteriousBeam","RefractionSpark"],"picked":"6A","floor":18.0},{"not_picked":["ChargeUpSpray","IllusionStar"],"picked":"DeepEcoloBomb+1","floor":19.0},{"not_picked":["MysteriousBeam","GasGiant"],"picked":"MilkyWay","floor":26},{"not_picked":["GrandCross","AsteroidBelt"],"picked":"EventHorizon","floor":27},{"not_picked":["GrandCross+1","Occultation+1"],"picked":"StarlightTyphoon","floor":29},{"not_picked":["UnstableBomb+1","LuminesStrike+1"],"picked":"AsteroidBelt","floor":30},{"not_picked":["ShootTheMoon+1","SuperPerseids"],"picked":"DoubleSpark+1","floor":31},{"not_picked":["GrandCross+1","AsteroidBelt"],"picked":"DoubleSpark+1","floor":33},{"not_picked":["MillisecondPulsars","BinaryStars"],"picked":"UltimateShortwave","floor":35},{"not_picked":["MilkyWay","LuminesStrike+1"],"picked":"IllusionStar","floor":37},{"not_picked":["ChargeUpSpray+1","DeepEcoloBomb+1"],"picked":"MysteriousBeam+1","floor":38},{"not_picked":["OneTimeOff+1","GalacticHalo"],"picked":"AlicesGift+1","floor":39},{"not_picked":["DarkMatter","Robbery+1"],"picked":"RefractionSpark+1","floor":40},{"not_picked":["RefractionSpark+1","ShootingEcho+1"],"picked":"OrrerysSun+1","floor":43},{"not_picked":["SporeBomb+1","ShootingEcho+1"],"picked":"CasketOfStar+1","floor":44},{"not_picked":["EventHorizon+1","Acceleration"],"picked":"PowerUp+1","floor":49},{"not_picked":["DC+1","RefractionSpark+1"],"picked":"MysteriousBeam+1","floor":50}],"player_experience":320552,"relics_obtained":[{"floor":7.0,"key":"Lantern"},{"floor":9.0,"key":"Replay:Bottled Eggs"},{"floor":12.0,"key":"Bag of Preparation"},{"floor":21,"key":"Nilry\u0027s Codex"},{"floor":28,"key":"Molten Egg 2"},{"floor":39,"key":"TungstenRod"},{"floor":45,"key":"Snack Pack"},{"floor":46,"key":"Ring of Fury"},{"floor":46,"key":"ReplayTheSpireMod:Ring of Challenge"},{"floor":49,"key":"Ice Cream"}],"event_choices":[{"cards_removed":["Strike_MRS"],"damage_healed":0.0,"max_hp_gain":0.0,"max_hp_loss":0.0,"gold_gain":0.0,"event_name":"Bonfire Elementals","player_choice":"Offered Basic","floor":2.0,"gold_loss":0.0,"damage_taken":0.0},{"damage_healed":0.0,"max_hp_gain":0.0,"max_hp_loss":0.0,"gold_gain":75.0,"event_name":"Golden Wing","player_choice":"Gained Gold","floor":11.0,"gold_loss":0.0,"damage_taken":0.0},{"damage_healed":0,"gold_gain":0,"player_choice":"Obtained Book","damage_taken":16,"max_hp_gain":0,"max_hp_loss":0,"event_name":"Cursed Tome","floor":21,"gold_loss":0},{"damage_healed":0,"gold_gain":0,"player_choice":"Fight","damage_taken":0,"max_hp_gain":0,"max_hp_loss":0,"event_name":"MindBloom","floor":39,"gold_loss":0},{"damage_healed":0,"gold_gain":0,"player_choice":"Fight","damage_taken":0,"max_hp_gain":0,"max_hp_loss":0,"event_name":"Mysterious Sphere","floor":49,"gold_loss":0}],"is_beta":false,"boss_relics":[{"not_picked":["Sozu","ReplayTheSpireMod:DimensionalGlitch"],"picked":"ChewingGum"},{"not_picked":["Calling Bell","Replay:Wanted Poster"],"picked":"Black Star"}],"items_purged_floors":[],"is_endless":false,"potions_floor_spawned":[6,7,8,10,16,18,26,27,30,33,39,40,50],"ascension_level":0}}