{"host":"cjmwurvrz00ml9vd","time":1610659272,"event":{"mods":["2.2 Compatiblity","AchievementEnabler","Act Like it!","Aspiration","BaseMod","Beaked The Cultist","Better Third Choice","BetterRewards","Colored Powertips","Conspire","Downfall","Energized Spire","Infinite Spire","Marisa????????","Marked Mod","Minty Spire (QoL Compilation)","Replay The Spire","Say the Spire","StSLib","The Blackbeard","The Cursed","The Disciple","The Hierophant","The Jungle","The Necromancer","The Servant 0.9.4","TheFirefly","vexMod"],"gold_per_floor":[119,139,139,139,139,139,139,153,198,198,222,238,259,259,259],"floor_reached":14,"language":"ENG","playtime":392,"items_purged":[],"score":107,"play_id":"73f582db-29b4-40f4-a7ce-aa635cd7d96e","local_time":"20210114222112","is_ascension_mode":true,"campfire_choices":[{"data":"NonDirectionalLaser","floor":6,"key":"SMITH"},{"data":"UpSweep","floor":10,"key":"SMITH"}],"circlet_count":0,"master_deck":["Strike_MRS","Strike_MRS","Strike_MRS","Strike_MRS+1","Defend_MRS","Defend_MRS","Defend_MRS","MasterSpark","UpSweep+1","NonDirectionalLaser+1"],"relics":["MiniHakkero","Golden Idol","Eternal Feather","Replay:Rubber Ducky"],"acts_visited":["Exordium"],"potions_floor_usage":[14,14],"damage_taken":[{"damage":1,"enemies":"conspire:RoseBush","floor":1,"turns":3},{"damage":0,"enemies":"2 Louse","floor":2,"turns":2},{"damage":2,"enemies":"Small Slimes","floor":8,"turns":3},{"damage":12,"enemies":"Looter","floor":11,"turns":3},{"damage":0,"enemies":"Gremlin Gang","floor":12,"turns":3},{"damage":18,"enemies":"Lots of Slimes","floor":13,"turns":3},{"damage":20,"enemies":"Lagavulin","floor":14,"turns":4}],"seed_played":"-4450051679694091769","potions_obtained":[{"floor":11,"key":"SkillPotion"},{"floor":12,"key":"LiquidMemories"}],"is_trial":false,"path_per_floor":["M","M","?","?","?","R","T","M","T","R","M","M","M","E"],"character_chosen":"MARISA","items_purchased":[],"campfire_rested":0,"item_purchase_floors":[],"current_hp_per_floor":[67,67,67,60,42,42,42,40,40,46,34,34,16,0,0],"gold":259,"neow_bonus":"","is_daily":false,"chose_seed":false,"campfire_upgraded":2,"win_rate":0.0,"timestamp":1610659272,"path_taken":["M","M","?","?","?","R","?","M","T","R","?","M","?","E"],"items_purchased_type":[],"build_version":"2020-12-22","purchased_purges":0,"victory":false,"max_hp_per_floor":[75,75,75,75,75,75,75,75,75,75,75,75,75,75,75],"card_choices":[{"not_picked":["LuminesStrike","GalacticHalo"],"picked":"NonDirectionalLaser","floor":1},{"not_picked":["MysteriousBeam","Acceleration","AsteroidBelt"],"picked":"SKIP","floor":2},{"not_picked":["ShootingEcho","TreasureHunter","NonDirectionalLaser"],"picked":"SKIP","floor":8},{"not_picked":["MysteriousBeam","Robbery","Orbital"],"picked":"SKIP","floor":11},{"not_picked":["6A","UnstableBomb","ShootTheMoon"],"picked":"SKIP","floor":12},{"not_picked":["OortCloud","DC","ShootTheMoon"],"picked":"SKIP","floor":13}],"player_experience":639107,"relics_obtained":[{"floor":7,"key":"Eternal Feather"},{"floor":9,"key":"Replay:Rubber Ducky"}],"event_choices":[{"cards_removed":["Defend_MRS"],"damage_healed":0,"gold_gain":0,"player_choice":"Card Removal","damage_taken":7,"max_hp_gain":0,"max_hp_loss":0,"event_name":"Golden Wing","floor":4,"gold_loss":0},{"damage_healed":0,"gold_gain":0,"player_choice":"Take Damage","damage_taken":18,"relics_obtained":["Golden Idol"],"max_hp_gain":0,"max_hp_loss":0,"event_name":"Golden Idol","floor":5,"gold_loss":0}],"is_beta":false,"boss_relics":[],"items_purged_floors":[],"is_endless":false,"potions_floor_spawned":[11,12],"killed_by":"Lagavulin","ascension_level":6}}