{"host":"vohenq18pmg6jboc","time":1610597323,"event":{"mods":["Arknights The Spire","Bard","BaseMod","Chen","Downfall","Gremlin Mod","GungeonMod","Hermit","Koishi","Marisa¡]Ãú«B¡@Å]²z¨F¡^","Minty Spire (QoL Compilation)","Relic Stats","Remilia¡]Á¢¦Ì²ú?¡^","StSLib","The Administrix","The Bug Knight","The Cursed","The Hierophant","The IronCluck","The Runesmith","The Servant 0.9.4","WarShipGirlsR/??¤Ö¤kR mod","Yakumo Yukari mod","Youmu¡]»î¾z§¯?¡^","Yuyuko"],"gold_per_floor":[13,13,13,25,25,25,44,56,56,68,68,68,34,51,51,155,155,166,3,3,3,3,3,22,22,22,35,50,69,69,69,69,69,69],"floor_reached":33,"language":"ZHS","playtime":2358,"items_purged":[],"score":262,"play_id":"3713ab0c-d385-43a7-955c-dd2511ba5707","local_time":"20210114120843","is_ascension_mode":false,"campfire_choices":[{"floor":6.0,"key":"REST"},{"data":"rmod:shuttlebombing","floor":11.0,"key":"SMITH"},{"data":"rmod:maingunfire","floor":15.0,"key":"SMITH"},{"data":"rmod:seals","floor":23.0,"key":"SMITH"},{"floor":25.0,"key":"REST"},{"floor":32,"key":"REST"}],"circlet_count":0,"master_deck":["rmod:strick","rmod:strick","rmod:strick","rmod:strick","rmod:defend","rmod:defend","rmod:defend","rmod:defend","rmod:basicallowance","rmod:maingunfire+1","rmod:highspeedmaneuver+1","rmod:circuitoustactics","rmod:firesupport","rmod:supportescort","rmod:shuttlebombing+1","rmod:goodfighter","rmod:selfconfidence","rmod:timeschanged","rmod:seals+1","rmod:openingtorpedo","rmod:windflower+1","rmod:smokecover","Injury","rmod:ammunitionsupply+1","rmod:chargemoney+1","rmod:advancebysurprise"],"relics":["rmod:firstchargereward","Pear","Darkstone Periapt","Cursed Key","HollowMod:LifeEnderRelic","Kunai"],"acts_visited":["Exordium","TheCity"],"potions_floor_usage":[33],"damage_taken":[{"damage":0.0,"enemies":"2 Louse","floor":1.0,"turns":2.0},{"damage":0.0,"enemies":"Small Slimes","floor":4.0,"turns":4.0},{"damage":0.0,"enemies":"Cultist","floor":7.0,"turns":3.0},{"damage":0.0,"enemies":"Blue Slaver","floor":8.0,"turns":3.0},{"damage":0.0,"enemies":"3 Louse","floor":10.0,"turns":3.0},{"damage":5.0,"enemies":"Exordium Thugs","floor":14.0,"turns":3.0},{"damage":7.0,"enemies":"Slime Boss","floor":16.0,"turns":8.0},{"damage":7.0,"enemies":"Chosen","floor":18.0,"turns":5.0},{"damage":43.0,"enemies":"Snecko","floor":24.0,"turns":8.0},{"damage":15.0,"enemies":"Snake Plant","floor":27.0,"turns":6.0},{"damage":23.0,"enemies":"Centurion and Healer","floor":28.0,"turns":8.0},{"damage":21.0,"enemies":"Shelled Parasite and Fungi","floor":29.0,"turns":3.0},{"damage":42,"enemies":"Collector","floor":33,"turns":6}],"seed_played":"-3081792768188688767","potions_obtained":[{"floor":8.0,"key":"BlessingOfTheForge"},{"floor":10.0,"key":"Weak Potion"},{"floor":14.0,"key":"Fire Potion"},{"floor":28.0,"key":"Explosive Potion"},{"floor":29.0,"key":"FearPotion"}],"is_trial":false,"path_per_floor":["M","?","?","M","$","R","M","M","T","M","R","?","$","M","R","B",null,"M","$","?","?","$","R","M","R","T","M","M","M","?","?","R","B"],"character_chosen":"PRAEFECT","items_purchased":["rmod:selfconfidence","rmod:windflower"],"campfire_rested":3,"item_purchase_floors":[13,19],"current_hp_per_floor":[75,75,60,60,60,85,85,85,85,85,85,90,90,85,85,78,90,83,83,83,83,83,83,40,67,73,58,35,14,14,14,42,0,0],"gold":69,"neow_bonus":"THREE_RARE_CARDS","is_daily":false,"chose_seed":false,"campfire_upgraded":3,"win_rate":0.0,"timestamp":1610597323,"path_taken":["M","?","?","M","$","R","M","M","T","M","R","?","$","M","R","BOSS","M","$","?","?","$","R","?","R","T","M","M","M","?","?","R","BOSS"],"items_purchased_type":["Card","Card"],"build_version":"2020-12-22","purchased_purges":0,"victory":false,"max_hp_per_floor":[75,75,85,85,85,85,85,85,85,85,85,90,90,90,90,90,90,90,90,90,90,90,90,90,90,96,96,96,96,96,96,96,96,96],"relic_stats":{"Darkstone Periapt":6,"counters":[13,62],"Kunai":[3],"Cursed Key":1,"obtain_stats":[{"Darkstone Periapt":9,"Pear":3,"HollowMod:LifeEnderRelic":26,"DemoMod:GlassGuonStoneRelic":7,"rmod:firstchargereward":0,"Kunai":30,"Cursed Key":17},{"Darkstone Periapt":4,"Pear":1,"HollowMod:LifeEnderRelic":9,"DemoMod:GlassGuonStoneRelic":3,"rmod:firstchargereward":0,"Kunai":12,"Cursed Key":7},{"Darkstone Periapt":12,"Pear":2,"HollowMod:LifeEnderRelic":39,"DemoMod:GlassGuonStoneRelic":9,"rmod:firstchargereward":0,"Kunai":56,"Cursed Key":26}]},"card_choices":[{"not_picked":["rmod:supriseattacks","rmod:abidefaith"],"picked":"rmod:highspeedmaneuver","floor":0.0},{"not_picked":["rmod:aluminumsupply","rmod:expedition"],"picked":"rmod:circuitoustactics","floor":1.0},{"not_picked":["rmod:supportescort","rmod:wolves"],"picked":"rmod:firesupport","floor":4.0},{"not_picked":["rmod:fuelsupply","rmod:launchingtorpedo"],"picked":"rmod:supportescort","floor":7.0},{"not_picked":["rmod:expedition","rmod:victimresponsibility"],"picked":"rmod:shuttlebombing","floor":8.0},{"not_picked":["rmod:circuitoustactics","rmod:aluminumsupply"],"picked":"rmod:goodfighter","floor":10.0},{"not_picked":["rmod:steelsupply","rmod:goodsister"],"picked":"rmod:timeschanged","floor":14.0},{"not_picked":["rmod:desperatesituation","rmod:auspiciousomen"],"picked":"rmod:seals","floor":16.0},{"not_picked":["rmod:luckystar","rmod:wolves+1"],"picked":"rmod:openingtorpedo","floor":18.0},{"not_picked":["rmod:steelsupply+1","rmod:ring"],"picked":"rmod:smokecover","floor":24.0},{"not_picked":["rmod:combined+1","rmod:circuitoustactics"],"picked":"rmod:ammunitionsupply+1","floor":27.0},{"not_picked":["rmod:intelligenceanalysis","rmod:victimresponsibility+1"],"picked":"rmod:chargemoney+1","floor":28.0},{"not_picked":["rmod:openingtorpedo+1","rmod:victimresponsibility"],"picked":"rmod:advancebysurprise","floor":29.0}],"player_experience":82976,"relics_obtained":[{"floor":9.0,"key":"Darkstone Periapt"},{"floor":26.0,"key":"HollowMod:LifeEnderRelic"}],"event_choices":[{"damage_healed":0.0,"max_hp_gain":0.0,"max_hp_loss":0.0,"gold_gain":0.0,"event_name":"Living Wall","player_choice":"Grow","floor":2.0,"gold_loss":0.0,"damage_taken":0.0,"cards_upgraded":["rmod:highspeedmaneuver"]},{"damage_healed":0.0,"max_hp_gain":0.0,"max_hp_loss":0.0,"gold_gain":0.0,"event_name":"Scrap Ooze","player_choice":"Success","floor":3.0,"gold_loss":0.0,"damage_taken":25.0,"relics_obtained":["Pear"]},{"damage_healed":0.0,"max_hp_gain":5.0,"max_hp_loss":0.0,"gold_gain":0.0,"event_name":"Big Fish","player_choice":"Donut","floor":12.0,"gold_loss":0.0,"damage_taken":0.0},{"damage_healed":0.0,"max_hp_gain":0.0,"max_hp_loss":0.0,"gold_gain":0.0,"event_name":"Vampires","player_choice":"Ignored","floor":20.0,"gold_loss":0.0,"damage_taken":0.0},{"damage_healed":0.0,"max_hp_gain":0.0,"max_hp_loss":0.0,"gold_gain":0.0,"event_name":"Upgrade Shrine","player_choice":"Upgraded","floor":21.0,"gold_loss":0.0,"damage_taken":0.0,"cards_upgraded":["rmod:windflower"]},{"damage_healed":0.0,"max_hp_gain":0.0,"max_hp_loss":0.0,"gold_gain":0.0,"event_name":"The Mausoleum","player_choice":"Opened","floor":30.0,"gold_loss":0.0,"damage_taken":0.0,"relics_obtained":["Kunai"]}],"is_beta":false,"boss_relics":[{"not_picked":["Runesmith:UraniumAnvil","Philosopher\u0027s Stone"],"picked":"Cursed Key"}],"items_purged_floors":[],"is_endless":false,"potions_floor_spawned":[8,10,14,28,29],"killed_by":"Collector","ascension_level":0}}