{"host":"0qlrtuw7bw78ucw4","time":1610664261,"event":{"mods":["BaseMod","Downfall","Minty Spire (QoL Compilation)","StSLib"],"gold_per_floor":[99,115,115,162,162,190,259,275,275,301,319,331,331,194,205,304,304,304,321,321,321,335,335,389,405,419,445,465,550,550,568,583,684,684,609,623,636,655,389,406,406,423,324,357,369,294,294,324,334,334],"floor_reached":51,"language":"ENG","playtime":6274,"items_purged":["hexamod:Strike","hexamod:Defend","hexamod:Strike"],"score":897,"play_id":"82c95f40-7f38-43f3-855c-c9f2a00632d1","local_time":"20210115094421","is_ascension_mode":true,"campfire_choices":[{"data":"hexamod:SearingWound","floor":1.0,"key":"SMITH"},{"data":"hexamod:Float","floor":13.0,"key":"SMITH"},{"data":"hexamod:FastForward","floor":18.0,"key":"SMITH"},{"data":"hexamod:RainOfEmbers","floor":23.0,"key":"SMITH"},{"data":"hexamod:EmpoweringStance","floor":35.0,"key":"SMITH"},{"floor":46,"key":"RECALL"}],"circlet_count":0,"master_deck":["hexamod:Defend","hexamod:Defend","hexamod:Defend","hexamod:Sear","hexamod:Float+1","hexamod:SearingWound+1","hexamod:FirstSeal","hexamod:HauntingEcho","hexamod:Firestarter","hexamod:FastForward+1","hexamod:BurningTouch","hexamod:EmpoweringStance+1","hexamod:ShieldOfDarkness","hexamod:ThermalTransfer","hexamod:SpectersWail","hexamod:SwordOfDarkness","hexamod:UnlimitedPower+1","hexamod:InspiringFlames","hexamod:GhostflameBarrier","hexamod:RainOfEmbers+1","hexamod:HeatCrush+1","hexamod:NightmareGuise","hexamod:EmpoweredFlame","hexamod:FastForward","hexamod:HexaLevel","hexamod:RadiantFlame+1","hexamod:ApocalypticArmor","hexamod:StepThrough+1","hexamod:Hexaguard"],"relics":["hexamod:SpiritBrand","Ancient Tea Set","StoneCalendar","Bottled Tornado","Boot","Snecko Eye","Thread and Needle","Oddly Smooth Stone","Blue Candle","hexamod:IceCube","downfall:HeartBlessingGreen","Strange Spoon","Membership Card","Bag of Preparation","Eternal Feather","Darkstone Periapt","downfall:HeartBlessingBlue","Orichalcum"],"acts_visited":["Exordium","TheCity","TheBeyond"],"potions_floor_usage":[49,50],"damage_taken":[{"damage":2.0,"enemies":"Jaw Worm","floor":2.0,"turns":3.0},{"damage":14.0,"enemies":"Gremlin Nob","floor":6.0,"turns":3.0},{"damage":2.0,"enemies":"Small Slimes","floor":8.0,"turns":4.0},{"damage":0.0,"enemies":"Cultist","floor":9.0,"turns":1.0},{"damage":18.0,"enemies":"Lagavulin","floor":10.0,"turns":6.0},{"damage":18.0,"enemies":"Gremlin Gang","floor":11.0,"turns":5.0},{"damage":9.0,"enemies":"Exordium Wildlife","floor":12.0,"turns":5.0},{"damage":0.0,"enemies":"downfall:FleeingMerchant","floor":14.0,"turns":4.0},{"damage":1.0,"enemies":"Lots of Slimes","floor":15.0,"turns":4.0},{"damage":19.0,"enemies":"downfall:Silent","floor":16.0,"turns":7.0},{"damage":12.0,"enemies":"3 Byrds","floor":19.0,"turns":3.0},{"damage":23.0,"enemies":"Centurion and Healer","floor":22.0,"turns":8.0},{"damage":0.0,"enemies":"3 Cultists","floor":25.0,"turns":5.0},{"damage":2.0,"enemies":"Shelled Parasite and Fungi","floor":26.0,"turns":5.0},{"damage":0.0,"enemies":"Slavers","floor":27.0,"turns":5.0},{"damage":2.0,"enemies":"Cultist and Chosen","floor":28.0,"turns":5.0},{"damage":0.0,"enemies":"Sentry and Sphere","floor":31.0,"turns":3.0},{"damage":9.0,"enemies":"Snake Plant","floor":32.0,"turns":4.0},{"damage":12.0,"enemies":"downfall:Ironclad","floor":33.0,"turns":6.0},{"damage":0.0,"enemies":"Orb Walker","floor":36.0,"turns":3.0},{"damage":0.0,"enemies":"3 Darklings","floor":37.0,"turns":4.0},{"damage":0.0,"enemies":"Writhing Mass","floor":38.0,"turns":5.0},{"damage":0.0,"enemies":"downfall:FleeingMerchant","floor":39.0,"turns":4.0},{"damage":12.0,"enemies":"Maw","floor":40.0,"turns":6.0},{"damage":3.0,"enemies":"Jaw Worm Horde","floor":42.0,"turns":5.0},{"damage":0.0,"enemies":"downfall:FleeingMerchant","floor":43.0,"turns":3.0},{"damage":0.0,"enemies":"Reptomancer","floor":44.0,"turns":5.0},{"damage":0.0,"enemies":"4 Shapes","floor":45.0,"turns":3.0},{"damage":0,"enemies":"Giant Head","floor":48,"turns":7},{"damage":8,"enemies":"Maw","floor":49,"turns":7},{"damage":14,"enemies":"downfall:Defect","floor":50,"turns":8}],"seed_played":"6534970029280255734","potions_obtained":[{"floor":2.0,"key":"LiquidBronze"},{"floor":10.0,"key":"SteroidPotion"},{"floor":11.0,"key":"ColorlessPotion"},{"floor":15.0,"key":"hexamod:DoubleChargePotion"},{"floor":28.0,"key":"Fire Potion"},{"floor":33.0,"key":"Strength Potion"},{"floor":40.0,"key":"Energy Potion"},{"floor":49,"key":"SpeedPotion"}],"is_trial":false,"path_per_floor":["R","M","?","T","?","E","T","M","M","E","M","M","R","$","M","B",null,"R","M","?","T","M","R","T","M","M","E","M","?","?","M","M","B",null,"R","M","M","M","$","M","T","M","$","E","M","R","?","E","M","B",null],"character_chosen":"THE_SPIRIT","items_purchased":["hexamod:SpectersWail","Strange Spoon","Membership Card","Bag of Preparation","Eternal Feather"],"campfire_rested":0,"item_purchase_floors":[14,39,43,43,43],"current_hp_per_floor":[63,61,61,61,61,54,54,59,59,48,37,35,35,42,48,29,63,63,58,58,58,42,42,42,49,47,47,45,31,23,30,28,16,63,63,63,63,63,63,58,58,55,62,62,62,73,73,73,72,65],"gold":334,"neow_bonus":"THREE_RARE_CARDS","is_daily":false,"chose_seed":false,"campfire_upgraded":5,"win_rate":0.0,"timestamp":1610664261,"path_taken":["R","M","?","?","?","E","T","M","?","E","?","M","R","$","M","BOSS","R","M","?","?","?","R","T","M","M","E","M","?","?","M","M","BOSS","R","M","M","M","$","?","T","M","$","E","M","R","?","E","M","BOSS"],"items_purchased_type":["Card","Relic","Relic","Relic","Relic"],"build_version":"2020-12-22","purchased_purges":3,"victory":true,"max_hp_per_floor":[63,63,63,63,63,63,63,63,63,63,63,63,63,63,63,63,63,63,63,63,63,63,63,63,63,63,63,63,63,63,63,63,63,63,63,63,63,63,63,63,63,63,63,63,63,73,73,73,73,73],"card_choices":[{"not_picked":["hexamod:WildfireWeapon","hexamod:ApocalypseNow"],"picked":"hexamod:SearingWound","floor":0.0},{"not_picked":["hexamod:CatchUp","hexamod:RainOfEmbers"],"picked":"hexamod:FirstSeal","floor":2.0},{"not_picked":["hexamod:NightmareGuise","hexamod:InspiringFlames"],"picked":"hexamod:HauntingEcho","floor":6.0},{"not_picked":["hexamod:GhostLash","hexamod:GhostOfSpirePast"],"picked":"hexamod:Firestarter","floor":8.0},{"not_picked":["hexamod:GhostOfSpireFuture","hexamod:SpectralSpark"],"picked":"hexamod:FastForward","floor":9.0},{"not_picked":["hexamod:Firestarter","hexamod:PhantomFireball"],"picked":"hexamod:BurningTouch","floor":10.0},{"not_picked":["hexamod:GhostShield","hexamod:PhantomCloak"],"picked":"hexamod:EmpoweringStance","floor":11.0},{"not_picked":["hexamod:EtherealExpedition","hexamod:GhostShield"],"picked":"hexamod:ShieldOfDarkness","floor":12.0},{"not_picked":["hexamod:HauntingEcho","hexamod:NightmareStrike"],"picked":"hexamod:ThermalTransfer","floor":14.0},{"not_picked":["hexamod:HauntingEcho","hexamod:NightmareGuise"],"picked":"hexamod:SwordOfDarkness","floor":15.0},{"not_picked":["hexamod:SixthSeal","hexamod:TimeWarp"],"picked":"hexamod:UnlimitedPower","floor":16.0},{"not_picked":["hexamod:PowerFromBeyond+1","hexamod:RetreatToShadows"],"picked":"hexamod:InspiringFlames","floor":19.0},{"not_picked":["hexamod:Haunt","hexamod:GhostLash"],"picked":"hexamod:RainOfEmbers","floor":22.0},{"not_picked":["hexamod:ShieldOfDarkness","hexamod:PowerFromBeyond"],"picked":"hexamod:HeatCrush+1","floor":25.0},{"not_picked":["hexamod:BurningTouch","hexamod:Hexaguard"],"picked":"hexamod:NightmareGuise","floor":26.0},{"not_picked":["hexamod:FourthSeal","hexamod:NightmareStrike+1"],"picked":"hexamod:EmpoweredFlame","floor":27.0},{"not_picked":["hexamod:RainOfEmbers+1","hexamod:AdvancingGuard","hexamod:GhostOfSpirePresent"],"picked":"SKIP","floor":28.0},{"not_picked":["hexamod:SpectersWail+1","hexamod:NightmareStrike"],"picked":"hexamod:FastForward","floor":31.0},{"not_picked":["hexamod:GhostShield","hexamod:FastForward","hexamod:BacktrackSmack"],"picked":"SKIP","floor":32.0},{"not_picked":["hexamod:TimeWarp","hexamod:EmpoweringStance"],"picked":"hexamod:HexaLevel","floor":33.0},{"not_picked":["hexamod:ChargedBarrage+1","hexamod:Incineration+1"],"picked":"hexamod:RadiantFlame+1","floor":36.0},{"not_picked":["hexamod:Firestarter+1","hexamod:BurningTouch+1","hexamod:Hexaguard+1"],"picked":"SKIP","floor":37.0},{"not_picked":["hexamod:NightmareGuise+1","hexamod:SwordOfDarkness+1","hexamod:RainOfEmbers"],"picked":"SKIP","floor":38.0},{"not_picked":["hexamod:HauntingEcho+1","hexamod:GhostOfSpirePast+1"],"picked":"hexamod:ApocalypticArmor","floor":39.0},{"not_picked":["hexamod:HauntingEcho+1","hexamod:BacktrackSmack+1","hexamod:FourthSeal"],"picked":"SKIP","floor":40.0},{"not_picked":["hexamod:ShieldOfDarkness","hexamod:Firestarter","hexamod:Hexaguard+1"],"picked":"SKIP","floor":42.0},{"not_picked":["hexamod:ChargedBarrage+1","hexamod:FastForward","hexamod:ThermalTransfer+1"],"picked":"SKIP","floor":44.0},{"not_picked":["hexamod:SpectersWail+1","hexamod:InspiringFlames+1"],"picked":"hexamod:StepThrough+1","floor":45.0},{"not_picked":["hexamod:FirstSeal","hexamod:ShieldOfDarkness","hexamod:BacktrackSmack+1"],"picked":"SKIP","floor":48},{"not_picked":["hexamod:HeatCrush+1","hexamod:ThermalTransfer+1"],"picked":"hexamod:Hexaguard","floor":49}],"player_experience":814448,"relics_obtained":[{"floor":4.0,"key":"Ancient Tea Set"},{"floor":6.0,"key":"StoneCalendar"},{"floor":7.0,"key":"Bottled Tornado"},{"floor":10.0,"key":"Boot"},{"floor":21.0,"key":"Thread and Needle"},{"floor":24.0,"key":"Oddly Smooth Stone"},{"floor":27.0,"key":"Blue Candle"},{"floor":44.0,"key":"Darkstone Periapt"},{"floor":48,"key":"Orichalcum"}],"event_choices":[{"cards_removed":["hexamod:Strike"],"damage_healed":0.0,"max_hp_gain":0.0,"max_hp_loss":0.0,"gold_gain":0.0,"event_name":"Purifier","player_choice":"Purged","floor":5.0,"gold_loss":0.0,"damage_taken":0.0},{"damage_healed":0.0,"max_hp_gain":0.0,"max_hp_loss":0.0,"gold_gain":0.0,"event_name":"The Library","player_choice":"Read","floor":20.0,"gold_loss":0.0,"damage_taken":0.0,"cards_obtained":["hexamod:GhostflameBarrier"]}],"is_beta":false,"boss_relics":[{"not_picked":["SacredBark","Astrolabe"],"picked":"Snecko Eye"},{"not_picked":["Calling Bell","Pandora\u0027s Box"],"picked":"hexamod:IceCube"}],"items_purged_floors":[14,39,43],"is_endless":false,"potions_floor_spawned":[2,10,11,15,22,25,28,31,33,37,40,44,45,49],"ascension_level":2}}