{"host":"mmro3auxcbu5pwad","time":1610582965,"event":{"mods":["Aspiration","BaseMod","Conspire","Energized Spire","Halation","Hubris","Infinite Spire","Minty Spire (QoL Compilation)","Permanent Neow","Replay The Spire","StSLib","vexMod"],"gold_per_floor":[115,128,128,146,161,194,239,239,239,42,53,128,128,145,145,248,248,232,232,16,36,46,46,57,68,68,82,82,82,82,82,116,116,116,213,213,225,225,7,7,7,7,38,56,56,56,90,13,24,44,44,44],"floor_reached":53,"language":"ENG","playtime":1990,"items_purged":["Replay:Hysterical Blindness"],"score":812,"play_id":"8a120de3-b1da-4241-bbdf-be8b012debe1","local_time":"20210114010925","is_ascension_mode":false,"campfire_choices":[{"data":"hubris:EnhanceAbility","floor":15,"key":"SMITH"},{"data":"Blizzard","floor":23,"key":"SMITH"},{"data":"Coolheaded","floor":28,"key":"SMITH"},{"data":"Glacier","floor":34,"key":"SMITH"},{"data":"Zap","floor":42,"key":"SMITH"},{"data":"Echo Form","floor":51,"key":"SMITH"}],"circlet_count":0,"master_deck":["Strike_B","Strike_B","Strike_B","Strike_B","Defend_B","Defend_B","Defend_B","Defend_B","Zap+1","Dualcast","Cold Snap","Capacitor+1","Cold Snap","Cold Snap","Blizzard+1","hubris:EnhanceAbility+1","Coolheaded+1","Lockon+1","Ball Lightning+1","Ball Lightning","infinitespire:Fortify","Glacier+1","Echo Form+1","hubris:Wrath","Pain","infinitespire:Collect","Ball Lightning+1","Coolheaded+1","Decay","Blizzard+1","Mirror Shield"],"relics":["Sozu","hubris:Towel","aspiration:FrozenJewel","Replay:Baseball","vexMod:Dragonfruit","Busted Crown","aspiration:Nostalgia","Sizzling Blood","Bottled Lightning","Toy Ornithopter","Counterbalance","Replay:Ancient Bell","Bag of Preparation","Kunai","TungstenRod","Replay:Frozen Program","hubris:BallOfYels","Nunchaku","Molten Egg 2","Anchor"],"acts_visited":["Exordium","TheCity","TheBeyond"],"potions_floor_usage":[],"damage_taken":[{"damage":0,"enemies":"Jaw Worm","floor":1,"turns":3},{"damage":6,"enemies":"2 Louse","floor":2,"turns":3},{"damage":0,"enemies":"Cultist","floor":4,"turns":4},{"damage":5,"enemies":"Blue Slaver","floor":5,"turns":4},{"damage":11,"enemies":"Lagavulin","floor":6,"turns":7},{"damage":7,"enemies":"conspire:MimicChest","floor":7,"turns":8},{"damage":1,"enemies":"Large Slime","floor":11,"turns":5},{"damage":4,"enemies":"2 Fungi Beasts","floor":14,"turns":4},{"damage":4,"enemies":"Fading Forest","floor":16,"turns":11},{"damage":8,"enemies":"2 Thieves","floor":18,"turns":4},{"damage":4,"enemies":"Shell Parasite","floor":21,"turns":5},{"damage":0,"enemies":"3 Cultists","floor":22,"turns":6},{"damage":15,"enemies":"Snake Plant","floor":24,"turns":4},{"damage":2,"enemies":"Centurion and Healer","floor":25,"turns":6},{"damage":1,"enemies":"Chosen and Byrds","floor":27,"turns":6},{"damage":17,"enemies":"Slavers","floor":32,"turns":5},{"damage":26,"enemies":"hubris:MusketHawk","floor":35,"turns":10},{"damage":6,"enemies":"3 Shapes","floor":37,"turns":5},{"damage":7,"enemies":"Giant Head","floor":43,"turns":9},{"damage":0,"enemies":"Orb Walker","floor":44,"turns":3},{"damage":7,"enemies":"R_Hoarder","floor":47,"turns":5},{"damage":4,"enemies":"Transient","floor":49,"turns":5},{"damage":3,"enemies":"Sphere and 2 Shapes","floor":50,"turns":4},{"damage":9,"enemies":"Donu and Deca","floor":52,"turns":6}],"seed_played":"-5875351209694511215","potions_obtained":[],"is_trial":false,"path_per_floor":["M","M","?","M","M","E","?","?","T","$","M","?","?","M","R","B",null,"M","?","$","M","M","R","M","M","T","M","R","PTL","PTL","AVR","E","?","R","B",null,"M","?","$","?","AVR","R","E","M","T","?","E","$","M","M","R","B",null],"character_chosen":"DEFECT","items_purchased":["hubris:EnhanceAbility","Lockon+1","aspiration:Nostalgia","Replay:Frozen Program","Blizzard+1"],"campfire_rested":0,"item_purchase_floors":[10,20,20,39,48],"current_hp_per_floor":[75,69,69,69,64,53,46,46,51,51,50,39,63,59,59,65,80,72,90,94,94,94,94,83,85,85,88,88,88,88,88,75,75,75,53,94,92,92,92,92,92,92,89,93,93,93,90,90,90,91,91,86],"gold":44,"neow_bonus":"BOSS_RELIC","is_daily":false,"chose_seed":false,"campfire_upgraded":6,"win_rate":0.0,"timestamp":1610582965,"path_taken":["M","M","?","M","M","E","?","?","T","$","?","?","?","M","R","BOSS","M","?","$","M","?","R","?","M","T","M","R","PTL","PTL","AVR","E","?","R","BOSS","M","?","$","?","AVR","R","E","?","T","?","E","$","M","M","R","BOSS"],"items_purchased_type":["Card","Card","Relic","Relic","Card"],"build_version":"2020-12-22","purchased_purges":1,"victory":true,"max_hp_per_floor":[75,75,75,75,75,75,75,75,80,80,80,80,80,80,80,80,80,80,90,94,94,94,94,94,94,94,94,94,94,94,94,94,94,94,94,94,94,94,94,94,94,94,94,94,94,94,94,94,94,94,94,94],"card_choices":[{"not_picked":["Hologram","Stack"],"picked":"Cold Snap","floor":1},{"not_picked":["Turbo","All For One"],"picked":"Capacitor","floor":2},{"not_picked":["Chaos","ReplayTheSpireMod:Reroute Power"],"picked":"Cold Snap","floor":4},{"not_picked":["Hologram","Self Repair"],"picked":"Cold Snap","floor":5},{"not_picked":["Storm","conspire:SharedLibrary","aspiration:Polymerization"],"picked":"SKIP","floor":6},{"not_picked":["Streamline","Amplify"],"picked":"Coolheaded","floor":11},{"not_picked":["Double Energy","Panic Button","Ball Lightning"],"picked":"SKIP","floor":14},{"not_picked":["Multi-Cast","Reboot"],"picked":"hubris:DoWhile","floor":16},{"not_picked":["Conserve Battery"],"picked":"SKIP","floor":18},{"not_picked":[],"picked":"Ball Lightning+1","floor":21},{"not_picked":["Rebound"],"picked":"SKIP","floor":22},{"not_picked":["Beam Cell"],"picked":"SKIP","floor":24},{"not_picked":["Sweeping Beam"],"picked":"SKIP","floor":25},{"not_picked":[],"picked":"Ball Lightning","floor":27},{"not_picked":[],"picked":"Glacier","floor":32},{"not_picked":[],"picked":"Echo Form","floor":35},{"not_picked":[],"picked":"hubris:Wrath","floor":36},{"not_picked":[],"picked":"Replay:Hysterical Blindness","floor":36},{"not_picked":[],"picked":"Pain","floor":36},{"not_picked":["Fusion+1"],"picked":"SKIP","floor":37},{"not_picked":[],"picked":"Ball Lightning+1","floor":43},{"not_picked":[],"picked":"Coolheaded+1","floor":44},{"not_picked":["Gash+1"],"picked":"SKIP","floor":47},{"not_picked":[],"picked":"Mirror Shield","floor":49},{"not_picked":["Compile Driver+1"],"picked":"SKIP","floor":50}],"player_experience":33344,"relics_obtained":[{"floor":6,"key":"aspiration:FrozenJewel"},{"floor":7,"key":"Replay:Baseball"},{"floor":9,"key":"vexMod:Dragonfruit"},{"floor":26,"key":"Bottled Lightning"},{"floor":32,"key":"Counterbalance"},{"floor":43,"key":"Nunchaku"},{"floor":45,"key":"Molten Egg 2"},{"floor":47,"key":"Anchor"}],"event_choices":[{"damage_healed":0,"gold_gain":0,"player_choice":"1 cards matched","damage_taken":0,"max_hp_gain":0,"max_hp_loss":0,"event_name":"Match and Keep!","floor":8,"gold_loss":0,"cards_obtained":["Blizzard"]},{"damage_healed":0,"gold_gain":75,"player_choice":"Gather Gold","damage_taken":11,"max_hp_gain":0,"max_hp_loss":0,"event_name":"World of Goop","floor":12,"gold_loss":0},{"cards_removed":["hubris:DoWhile"],"damage_healed":8,"gold_gain":0,"player_choice":"Offered Rare","damage_taken":0,"max_hp_gain":10,"max_hp_loss":0,"event_name":"Bonfire Elementals","floor":19,"gold_loss":0},{"damage_healed":0,"gold_gain":0,"player_choice":"Ignored","damage_taken":0,"max_hp_gain":0,"max_hp_loss":0,"event_name":"SecretPortal","floor":40,"gold_loss":0},{"damage_healed":0,"gold_gain":0,"player_choice":"Cursed","damage_taken":0,"max_hp_gain":0,"max_hp_loss":0,"event_name":"Wheel of Change","floor":46,"gold_loss":0,"cards_obtained":["Decay"]}],"is_beta":false,"boss_relics":[{"not_picked":["energizedSpire:MagnifyingGlass","Philosopher\u0027s Stone"],"picked":"Busted Crown"},{"not_picked":["Abe\u0027s Treasure","halation:PlatinumPhoenix"],"picked":"Replay:Ancient Bell"},{"not_picked":["MawBank","Potion Belt"],"picked":"Bag of Preparation"},{"not_picked":["White Beast Statue","Replay:Ringing Soul"],"picked":"Kunai"},{"not_picked":["FossilizedHelix","Ginger"],"picked":"TungstenRod"}],"items_purged_floors":[39],"is_endless":false,"potions_floor_spawned":[4,5,7,14,16,21,24,25,37,43,50],"ascension_level":0}}