{"host":"y9jgkjnf95sujozk","time":1610656266,"event":{"mods":["2.2 Compatiblity","AchievementEnabler","Act Like it!","BaseMod","Block Reminder","Colored Map","Colored Powertips","Decade(王小明)","Downfall","Friendly Minions","Gensokyo","GifTheSpireLib","Hallownest","Hermit","Highlight Path","HololiveMod","Hubris","Infinite Spire","Jorbs\u0027s Wanderer Trilogy","Koishi","Marisa（霧雨　魔理沙）","Minty Spire (QoL Compilation)","Quick Restart","Random Character Button","Rare Cards Sparkle","Reimu（博??梦）","Remilia（蕾米莉?）","Replay The Spire","Shop Mod","StSLib","SuperFastMode","The Animator","The Bug Knight","The Cursed","The Disciple","The Hierophant","The Jungle","The Senshi","The Servant 0.9.4"],"gold_per_floor":[110,30,43,60,70,100,100,100,148,167,167,167,186,62,62,160,160,170,170,182,202,202,220,220,232,286,286,286,286,305,323,323,420,420,434,13,13,13,25,25,25],"floor_reached":40,"language":"ENG","playtime":1359,"items_purged":[],"score":390,"play_id":"3e8c7cb1-1cc8-4dd8-a45a-d10e1e27bacc","local_time":"20210114213106","is_ascension_mode":false,"campfire_choices":[{"floor":7,"key":"REST"},{"floor":12,"key":"REST"},{"floor":15,"key":"REST"},{"floor":24,"key":"REST"},{"floor":28,"key":"REST"},{"floor":32,"key":"REST"}],"circlet_count":0,"master_deck":["Strike_P+1","Strike_P+1","Strike_P+1","Strike_P+1","Defend_P+1","Defend_P+1","Defend_P+1","Defend_P+1","Eruption","Vigilance","ThirdEye","Nirvana","SandsOfTime","SashWhip","Replay:ManipulateFuture","Prostrate","Replay:ManipulateFuture","WreathOfFlame","FollowUp","CutThroughFate+1","Replay:SS_fish_2","FlurryOfBlows+1","JustLucky","ThirdEye","WheelKick","FlyingSleeves","Replay:Hum","Prostrate","Blasphemy","Meditate+1","Midas Touch","Good Instincts","Nirvana+1"],"relics":["PureWater","War Paint","Hallownest:DreamNailRelic","MealTicket","BranchBurnRelic","Painkiller Herb","Centennial Puzzle","Philosopher\u0027s Stone","Pen Nib","Snecko Heart","Cauldron","hubris:Icosahedron"],"acts_visited":["Exordium","TheCity","TheBeyond"],"potions_floor_usage":[16,16,23,23,23,33,33,40,40,40],"damage_taken":[{"damage":0,"enemies":"Hallownest:2_Tiktiks_and_1_Crawlid","floor":1,"turns":4},{"damage":7,"enemies":"2_ Uuma","floor":3,"turns":5},{"damage":6,"enemies":"Hallownest:monsterHuskWarrior","floor":4,"turns":3},{"damage":0,"enemies":"Hallownest:monsterFoolEater","floor":5,"turns":4},{"damage":58,"enemies":"Hallownest:eliteMossKnight","floor":6,"turns":8},{"damage":0,"enemies":"Hallownest:monsterMossCharger","floor":10,"turns":6},{"damage":1,"enemies":"Hallownest:monsterAspidMother","floor":11,"turns":4},{"damage":0,"enemies":"Hallownest:Wandering_and_Horned","floor":13,"turns":6},{"damage":62,"enemies":"Hallownest:BossFalseKnight","floor":16,"turns":7},{"damage":12,"enemies":"Chosen","floor":18,"turns":6},{"damage":7,"enemies":"Spheric Guardian","floor":20,"turns":5},{"damage":49,"enemies":"Cultist and Chosen","floor":21,"turns":5},{"damage":14,"enemies":"Snecko","floor":23,"turns":6},{"damage":7,"enemies":"Chosen and Byrds","floor":25,"turns":4},{"damage":0,"enemies":"Snake Plant","floor":30,"turns":3},{"damage":31,"enemies":"3 Cultists","floor":31,"turns":7},{"damage":82,"enemies":"Automaton","floor":33,"turns":11},{"damage":26,"enemies":"3 Darklings","floor":35,"turns":4},{"damage":18,"enemies":"Orb Walker","floor":39,"turns":5},{"damage":62,"enemies":"Reptomancer","floor":40,"turns":5}],"seed_played":"7216854144024515042","potions_obtained":[{"floor":4,"key":"GrandPatriotsElixir:ReiMu"},{"floor":6,"key":"GrandPatriotsElixir:ReiMu"},{"floor":16,"key":"PowerPotion"},{"floor":18,"key":"MagicPotion:ReiMu"},{"floor":20,"key":"Regen Potion"},{"floor":25,"key":"Milkshake"},{"floor":31,"key":"Explosive Potion"},{"floor":33,"key":"FearPotion"},{"floor":35,"key":"Languid Potion"},{"floor":36,"key":"CultistPotion"}],"is_trial":false,"path_per_floor":["M","$","M","M","M","E","R","?","T","M","M","R","M","$","R","B",null,"?","AVR","?","?","?","?","T","?","T","?","T","?","?","?","T","B",null,"?","T","?","?","?","E"],"character_chosen":"WATCHER","items_purchased":["Nirvana","CutThroughFate+1","Replay:SS_fish_2","Cauldron","Midas Touch","Good Instincts"],"campfire_rested":6,"item_purchase_floors":[2,14,14,36,36,36],"current_hp_per_floor":[72,72,65,59,59,1,22,22,22,22,21,42,42,57,72,15,72,68,68,61,20,20,26,47,60,60,60,72,72,72,49,70,4,72,46,61,61,61,51,0,0],"gold":25,"neow_bonus":"RANDOM_COMMON_RELIC","is_daily":false,"chose_seed":false,"campfire_upgraded":0,"win_rate":0.0,"timestamp":1610656266,"path_taken":["M","$","M","M","M","E","R","?","T","?","M","R","M","$","R","BOSS","?","AVR","?","?","?","?","T","?","T","?","T","?","?","?","T","BOSS","?","T","?","?","?","E"],"items_purchased_type":["Card","Card","Card","Relic","Card","Card"],"build_version":"2020-12-22","purchased_purges":0,"victory":false,"max_hp_per_floor":[72,72,72,72,72,72,72,72,72,72,72,72,72,72,72,72,72,72,72,72,72,72,72,72,72,72,72,72,72,72,72,72,72,72,72,72,72,72,72,72,72],"card_choices":[{"not_picked":["Replay:AtTheReady","BowlingBash"],"picked":"ThirdEye","floor":1},{"not_picked":["CrushJoints","EmptyFist"],"picked":"SandsOfTime","floor":3},{"not_picked":["Fasting2","FlyingSleeves"],"picked":"SashWhip","floor":4},{"not_picked":["PathToVictory","EmptyFist"],"picked":"Replay:ManipulateFuture","floor":5},{"not_picked":["LikeWater","Conclude"],"picked":"Prostrate","floor":6},{"not_picked":["CarveReality","Wallop"],"picked":"Replay:ManipulateFuture","floor":10},{"not_picked":["Replay:AtTheReady","EmptyBody"],"picked":"WreathOfFlame","floor":11},{"not_picked":["Halt","EmptyBody"],"picked":"FollowUp","floor":13},{"not_picked":["MasterReality","Omniscience"],"picked":"Replay:AllIn","floor":16},{"not_picked":["ClearTheMind","BowlingBash"],"picked":"FlurryOfBlows+1","floor":18},{"not_picked":["FollowUp","ThirdEye"],"picked":"JustLucky","floor":20},{"not_picked":["BattleHymn","JustLucky"],"picked":"ThirdEye","floor":21},{"not_picked":["Indignation+1","Protect+1"],"picked":"WheelKick","floor":23},{"not_picked":["ClearTheMind","BowlingBash"],"picked":"FlyingSleeves","floor":25},{"not_picked":["Prostrate","CrushJoints+1"],"picked":"Replay:Hum","floor":30},{"not_picked":["InnerPeace+1","EmptyBody"],"picked":"Prostrate","floor":31},{"not_picked":["Replay:AllIn","Establishment"],"picked":"Blasphemy","floor":33},{"not_picked":["EmptyBody","WindmillStrike"],"picked":"Meditate+1","floor":35},{"not_picked":["BattleHymn","Replay:AtTheReady"],"picked":"Nirvana+1","floor":39}],"player_experience":147173,"relics_obtained":[{"floor":6,"key":"Dead Branch"},{"floor":9,"key":"MealTicket"},{"floor":26,"key":"Pen Nib"}],"event_choices":[{"damage_healed":0,"gold_gain":0,"player_choice":"Simplicity","damage_taken":0,"max_hp_gain":0,"max_hp_loss":0,"event_name":"Back to Basics","floor":22,"gold_loss":0,"cards_upgraded":["Strike_P","Strike_P","Strike_P","Strike_P","Defend_P","Defend_P"]},{"damage_healed":0,"gold_gain":0,"player_choice":"Ignored","damage_taken":0,"max_hp_gain":0,"max_hp_loss":0,"event_name":"Beggar","floor":27,"gold_loss":0},{"damage_healed":0,"gold_gain":0,"player_choice":"Ignored","damage_taken":0,"max_hp_gain":0,"max_hp_loss":0,"event_name":"Purifier","floor":29,"gold_loss":0},{"cards_removed":["Replay:AllIn"],"damage_healed":0,"gold_gain":0,"player_choice":"Removed Skill","damage_taken":0,"max_hp_gain":0,"max_hp_loss":0,"event_name":"Falling","floor":37,"gold_loss":0}],"is_beta":false,"boss_relics":[{"not_picked":["hubris:HollowSoul","RedLine:ReiMu"],"picked":"Painkiller Herb"},{"not_picked":["Replay:Drink Me","Kintsugi"],"picked":"Snecko Heart"}],"items_purged_floors":[],"is_endless":false,"potions_floor_spawned":[4,6,16,18,20,25,31,33,35],"killed_by":"Reptomancer","ascension_level":0}}