{"host":"bcpymmgxdm3pkqi5","time":1610597996,"event":{"mods":["AchievementEnabler","Aspiration","Astrologer","BaseMod","Colored Map","Conspire","Defuse TimeMaze Blight","Dio Mod","Energized Spire","GifTheSpireLib","Gremlin Mod","Halation","Hero for Fun","Hubris","Infinite Spire","Minty Spire (QoL Compilation)","Quick Restart","Random Character Button","Relic Sorter","Replay The Spire","Shop Mod","StSLib","Stuff the Spire","The Animator","The Bladedancer","The Bug Knight","The Exalted","The Forsaken","The Saiyan","TheHeartMod","Yuri Mod","vexMod"],"gold_per_floor":[217,197,207,218,218,218,218,218,245,267,267,267,267,280,280,366,366,376,376,376,395,395,395,414,414,414,432,432,432],"floor_reached":28,"playtime":971,"items_purged":[],"score":466,"play_id":"57ca64c3-2b5b-4894-b75d-e4c0c06ad695","local_time":"20210113231956","is_ascension_mode":true,"campfire_choices":[{"data":"animator:YaoHaDucy","floor":6.0,"key":"SMITH"},{"data":"animator:ElricEdward","floor":8.0,"key":"SMITH"},{"data":"animator:ElricEdward","floor":12.0,"key":"SMITH"},{"data":"animator:Sloth","floor":15.0,"key":"SMITH"},{"data":"infinitespire:Gouge","floor":23.0,"key":"SMITH"},{"floor":25.0,"key":"REST"}],"circlet_count":0,"master_deck":["AscendersBane","animator:Strike_FullmetalAlchemist","animator:Defend_FullmetalAlchemist+1","animator:Strike","animator:Strike","animator:Defend","animator:Defend","animator:Defend+1","animator:ElricEdward+1","animator:ElricAlphonse","animator:ElricEdward+1","animator:YaoHaDucy+1","animator:Scar","animator:Sloth+1","animator:SwordMaiden","infinitespire:Gouge+1","hubris:Fate","Shame"],"relics":["animator:LivingPicture","animator:TheMissingPiece","aspiration:ChemicalBlood","vexMod:FluxCapacitor","FossilizedHelix","Simple Rune"],"acts_visited":["Exordium","TheCity"],"potions_floor_usage":[28],"damage_taken":[{"damage":14.0,"enemies":"2 Louse","floor":1.0,"turns":3.0},{"damage":1.0,"enemies":"Cultist","floor":3.0,"turns":3.0},{"damage":6.0,"enemies":"Jaw Worm","floor":4.0,"turns":3.0},{"damage":0.0,"enemies":"2 Fungi Beasts","floor":10.0,"turns":4.0},{"damage":3.0,"enemies":"3 Louse","floor":14.0,"turns":3.0},{"damage":56.0,"enemies":"The Guardian","floor":16.0,"turns":9.0},{"damage":13.0,"enemies":"2 Thieves","floor":18.0,"turns":4.0},{"damage":0.0,"enemies":"Chosen","floor":21.0,"turns":1.0},{"damage":0.0,"enemies":"Snake Plant","floor":24.0,"turns":2.0},{"damage":0.0,"enemies":"3 Cultists","floor":27.0,"turns":5.0},{"damage":42,"enemies":"Cultist and Chosen","floor":28,"turns":5}],"seed_played":"-8083887165470212862","potions_obtained":[{"floor":1.0,"key":"LiquidBronze"},{"floor":2.0,"key":"FairyPotion"},{"floor":16.0,"key":"AttackPotion"},{"floor":16.0,"key":"FearPotion"},{"floor":27.0,"key":"LiquidBronze"}],"is_trial":false,"path_per_floor":["M","?","M","M","?","R","?","R","T","M","?","R","$","M","R","B",null,"M","?","AVR","M","?","R","M","R","T","M","M"],"character_chosen":"THE_ANIMATOR","items_purchased":[],"campfire_rested":1,"item_purchase_floors":[],"current_hp_per_floor":[40,40,39,33,33,33,39,39,39,39,39,39,39,37,37,1,46,33,17,17,17,17,17,17,36,36,36,0,0],"gold":432,"neow_bonus":"HUNDRED_GOLD","is_daily":false,"chose_seed":false,"campfire_upgraded":5,"win_rate":0.0,"timestamp":1610597996,"path_taken":["M","?","?","M","?","R","?","R","T","M","?","R","$","M","R","BOSS","M","?","AVR","M","?","R","M","R","T","M","M"],"items_purchased_type":[],"build_version":"2020-12-22","purchased_purges":0,"victory":false,"max_hp_per_floor":[60,60,60,60,60,60,60,60,60,60,60,60,60,61,61,61,61,61,66,66,66,66,66,66,66,66,66,66,66],"card_choices":[{"not_picked":["animator:Aqua","animator:Assassin"],"picked":"animator:ElricEdward","floor":1.0},{"not_picked":["animator:Evileye","animator:Verdia","animator:Hakurou"],"picked":"SKIP","floor":3.0},{"not_picked":["animator:GazelDwargon","animator:PandorasActor"],"picked":"animator:YaoHaDucy","floor":4.0},{"not_picked":["animator:RoyMustang","animator:Pride"],"picked":"animator:Scar","floor":10.0},{"not_picked":["animator:YunYun","animator:Kazuma"],"picked":"animator:Sloth","floor":14.0},{"not_picked":["animator:ItamiYouji","animator:PinaCoLada"],"picked":"animator:SwordMaiden","floor":16.0},{"not_picked":["animator:Illya","animator:Shion","animator:Assassin"],"picked":"SKIP","floor":18.0},{"not_picked":["animator:CowGirl","animator:Demiurge","animator:Kaijin"],"picked":"SKIP","floor":21.0},{"not_picked":["animator:Shion","animator:TukaLunaMarceau","animator:NarberalGamma"],"picked":"SKIP","floor":27.0}],"player_experience":1364544,"relics_obtained":[{"floor":9.0,"key":"aspiration:ChemicalBlood"},{"floor":26.0,"key":"Simple Rune"}],"event_choices":[{"damage_healed":0.0,"max_hp_gain":0.0,"max_hp_loss":0.0,"gold_gain":0.0,"event_name":"The Woman in Blue","player_choice":"Bought 1 Potion","floor":2.0,"gold_loss":0.0,"damage_taken":0.0},{"damage_healed":0.0,"max_hp_gain":5.0,"max_hp_loss":0.0,"gold_gain":0.0,"event_name":"Forgotten Altar","player_choice":"Shed Blood","floor":19.0,"gold_loss":0.0,"damage_taken":21.0}],"is_beta":false,"boss_relics":[{"not_picked":["aspiration:PoetsPen_weak","Ring of Chaos"],"picked":"vexMod:FluxCapacitor"}],"items_purged_floors":[],"is_endless":false,"potions_floor_spawned":[1,3,27],"killed_by":"Cultist and Chosen","ascension_level":20}}