{"host":"36t3qd3wjvajtu1z","time":1610607129,"event":{"mods":["AchievementEnabler","BaseMod","Block Reminder","Colored Powertips","Minty Spire (QoL Compilation)","Permanent Neow","Quick Restart","Random Character Button","Rare Cards Sparkle","Relic Stats","Slay-I","StSLib"],"gold_per_floor":[117,117,135,135,152,185,185,202,202,152,168,42,69,87,87,182,182,193,18,32,42,53,53,71,103,103,203,236,161,161,187,187,286,286,298,42,42,59,0,0,30,43,43,68,82,98,118,118,118,118],"floor_reached":51,"language":"ENG","playtime":2971,"items_purged":["Strike_R"],"score":920,"play_id":"57c99ed5-4232-4b6a-b29d-5652fa02ba6a","local_time":"20210113225209","is_ascension_mode":true,"campfire_choices":[{"data":"Spot Weakness","floor":7,"key":"SMITH"},{"data":"True Grit","floor":15,"key":"SMITH"},{"data":"Armaments","floor":23,"key":"SMITH"},{"data":"Whirlwind","floor":30,"key":"SMITH"},{"floor":32,"key":"DIG"},{"data":"Limit Break","floor":40,"key":"SMITH"},{"floor":49,"key":"DIG"}],"circlet_count":0,"master_deck":["Strike_R","Strike_R","Strike_R","Defend_R","Defend_R","Defend_R","Defend_R","Bash","Clothesline","Shrug It Off","Reckless Charge","Spot Weakness+1","Pummel","Reaper","True Grit+1","Headbutt","Juggernaut","Thunderclap","Armaments+1","Battle Trance","Dual Wield+1","Whirlwind+1","Sentinel","Limit Break+1","Infernal Blade+1","Fire Breathing+1","Reckless Charge","Discovery","Fire Breathing+1","Metallicize+1","Reckless Charge","Parasite","Spot Weakness+1","Heavy Blade+1","Battle Trance"],"relics":["Burning Blood","Centennial Puzzle","Shovel","Ornamental Fan","Paper Frog","Kunai","Cursed Key","Akabeko","Toy Ornithopter","Sundial","Dead Branch","Frozen Egg 2","Matryoshka","Anchor","Pen Nib","Coffee Dripper","Bag of Marbles","Red Mask","HornCleat","Mercury Hourglass","Singing Bowl","Potion Belt","Nunchaku"],"acts_visited":["Exordium","TheCity","TheBeyond"],"potions_floor_usage":[6,16,16,25,28,31,31,42,50,50,50,50,50],"damage_taken":[{"damage":4,"enemies":"Small Slimes","floor":1,"turns":5},{"damage":0,"enemies":"2 Louse","floor":3,"turns":3},{"damage":3,"enemies":"Jaw Worm","floor":5,"turns":3},{"damage":24,"enemies":"Gremlin Nob","floor":6,"turns":4},{"damage":1,"enemies":"Blue Slaver","floor":8,"turns":4},{"damage":8,"enemies":"3 Louse","floor":11,"turns":2},{"damage":19,"enemies":"3 Sentries","floor":13,"turns":5},{"damage":3,"enemies":"Red Slaver","floor":14,"turns":3},{"damage":13,"enemies":"Slime Boss","floor":16,"turns":8},{"damage":9,"enemies":"2 Thieves","floor":18,"turns":4},{"damage":13,"enemies":"Shell Parasite","floor":20,"turns":9},{"damage":0,"enemies":"Centurion and Healer","floor":21,"turns":4},{"damage":22,"enemies":"Snake Plant","floor":22,"turns":5},{"damage":15,"enemies":"Shelled Parasite and Fungi","floor":24,"turns":4},{"damage":8,"enemies":"Gremlin Leader","floor":25,"turns":8},{"damage":21,"enemies":"Colosseum Slavers","floor":27,"turns":3},{"damage":24,"enemies":"Colosseum Nobs","floor":27,"turns":4},{"damage":33,"enemies":"Slavers","floor":28,"turns":4},{"damage":0,"enemies":"Gremlin Leader","floor":31,"turns":6},{"damage":0,"enemies":"Champ","floor":33,"turns":9},{"damage":2,"enemies":"Orb Walker","floor":35,"turns":3},{"damage":0,"enemies":"3 Shapes","floor":38,"turns":1},{"damage":40,"enemies":"Giant Head","floor":41,"turns":7},{"damage":7,"enemies":"Sphere and 2 Shapes","floor":42,"turns":3},{"damage":0,"enemies":"Reptomancer","floor":44,"turns":2},{"damage":0,"enemies":"4 Shapes","floor":45,"turns":3},{"damage":1,"enemies":"Maw","floor":46,"turns":5},{"damage":5,"enemies":"Jaw Worm Horde","floor":47,"turns":3},{"damage":59,"enemies":"Time Eater","floor":50,"turns":9}],"seed_played":"-8982199447185641190","potions_obtained":[{"floor":5,"key":"BlessingOfTheForge"},{"floor":13,"key":"SkillPotion"},{"floor":14,"key":"PowerPotion"},{"floor":22,"key":"Dexterity Potion"},{"floor":24,"key":"SneckoOil"},{"floor":25,"key":"DistilledChaos"},{"floor":28,"key":"Explosive Potion"},{"floor":31,"key":"Fruit Juice"},{"floor":41,"key":"Energy Potion"},{"floor":44,"key":"Regen Potion"},{"floor":45,"key":"Block Potion"},{"floor":48,"key":"Regen Potion"},{"floor":48,"key":"SkillPotion"}],"is_trial":false,"path_per_floor":["M","?","M","?","M","E","R","M","T","?","M","$","E","M","R","B",null,"M","$","M","M","M","R","M","E","T","?","E","?","R","E","R","B",null,"M","$","?","M","?","R","E","M","T","E","M","M","M","?","R","B",null],"character_chosen":"IRONCLAD","items_purchased":["True Grit","Akabeko","Armaments","Fire Breathing+1","Bag of Marbles","Reckless Charge"],"campfire_rested":0,"item_purchase_floors":[12,19,19,36,36,36],"current_hp_per_floor":[80,68,74,79,82,64,64,69,69,69,67,67,77,85,85,85,85,85,85,85,85,76,76,79,85,85,69,47,47,47,90,90,90,90,90,90,90,90,90,90,56,86,86,90,90,90,92,92,92,70],"gold":118,"neow_bonus":"RANDOM_COMMON_RELIC","is_daily":false,"chose_seed":false,"campfire_upgraded":5,"win_rate":0.0,"timestamp":1610607129,"path_taken":["M","?","M","?","M","E","R","M","T","?","M","$","E","M","R","BOSS","M","$","M","M","M","R","M","E","T","?","E","?","R","E","R","BOSS","M","$","?","M","?","R","E","M","T","E","M","M","M","?","R","BOSS"],"items_purchased_type":["Card","Relic","Card","Card","Relic","Card"],"build_version":"2020-12-22","purchased_purges":1,"victory":true,"max_hp_per_floor":[80,80,80,85,85,85,85,85,85,85,85,85,85,85,85,85,85,85,85,85,85,85,85,85,85,85,85,85,85,85,90,90,90,90,90,90,90,90,90,90,90,90,90,90,90,90,92,92,92,92],"relic_stats":{"Singing Bowl":2,"counters":[29,133],"Dead Branch":[52],"Pen Nib":[9],"Cursed Key":2,"Burning Blood":116,"Mercury Hourglass":[75],"Centennial Puzzle":[66],"Nunchaku":[1],"Shovel":2,"Ornamental Fan":[120],"Sundial":[4],"Kunai":[28],"obtain_stats":[{"Potion Belt":44,"Singing Bowl":43,"Dead Branch":27,"Pen Nib":32,"Frozen Egg 2":27,"Cursed Key":17,"Burning Blood":0,"Akabeko":19,"Mercury Hourglass":43,"Centennial Puzzle":0,"Anchor":31,"Nunchaku":49,"Shovel":2,"Matryoshka":28,"HornCleat":41,"Ornamental Fan":6,"Sundial":26,"Coffee Dripper":34,"Bag of Marbles":36,"Red Mask":39,"Kunai":13,"Toy Ornithopter":25,"Paper Frog":9},{"Potion Belt":25,"Singing Bowl":24,"Dead Branch":17,"Pen Nib":19,"Frozen Egg 2":17,"Cursed Key":9,"Burning Blood":0,"Akabeko":10,"Mercury Hourglass":24,"Centennial Puzzle":0,"Anchor":19,"Nunchaku":28,"Shovel":1,"Matryoshka":18,"HornCleat":23,"Ornamental Fan":4,"Sundial":15,"Coffee Dripper":20,"Bag of Marbles":21,"Red Mask":22,"Kunai":7,"Toy Ornithopter":15,"Paper Frog":5},{"Potion Belt":113,"Singing Bowl":111,"Dead Branch":78,"Pen Nib":88,"Frozen Egg 2":78,"Cursed Key":37,"Burning Blood":0,"Akabeko":41,"Mercury Hourglass":111,"Centennial Puzzle":0,"Anchor":88,"Nunchaku":124,"Shovel":5,"Matryoshka":82,"HornCleat":108,"Ornamental Fan":15,"Sundial":71,"Coffee Dripper":97,"Bag of Marbles":100,"Red Mask":101,"Kunai":26,"Toy Ornithopter":71,"Paper Frog":19}],"Toy Ornithopter":28},"card_choices":[{"not_picked":["Twin Strike","Burning Pact"],"picked":"Clothesline","floor":1},{"not_picked":["Iron Wave","Feel No Pain"],"picked":"Shrug It Off","floor":3},{"not_picked":["Wild Strike","Thunderclap"],"picked":"Reckless Charge","floor":5},{"not_picked":["Iron Wave","Shockwave"],"picked":"Spot Weakness","floor":6},{"not_picked":["Infernal Blade","Sever Soul"],"picked":"Pummel","floor":8},{"not_picked":["Thunderclap","Seeing Red"],"picked":"Reaper","floor":11},{"not_picked":["Heavy Blade","Combust","Searing Blow"],"picked":"SKIP","floor":13},{"not_picked":["True Grit","Ghostly Armor"],"picked":"Headbutt","floor":14},{"not_picked":["Fiend Fire","Demon Form"],"picked":"Juggernaut","floor":16},{"not_picked":["Heavy Blade","Combust"],"picked":"Thunderclap","floor":18},{"not_picked":["Flex","Warcry"],"picked":"Battle Trance","floor":20},{"not_picked":["Havoc","Second Wind","Warcry"],"picked":"SKIP","floor":21},{"not_picked":["Twin Strike","Armaments+1"],"picked":"Dual Wield+1","floor":22},{"not_picked":["Rampage","Spot Weakness"],"picked":"Whirlwind","floor":24},{"not_picked":["Twin Strike+1","Brutality","Havoc"],"picked":"SKIP","floor":25},{"not_picked":["Sword Boomerang","Searing Blow+1","Intimidate+1"],"picked":"SKIP","floor":28},{"not_picked":["Second Wind","Bludgeon"],"picked":"Sentinel","floor":31},{"not_picked":["Reaper","Feed"],"picked":"Limit Break","floor":33},{"not_picked":["Wild Strike+1","Clothesline+1"],"picked":"Infernal Blade+1","floor":35},{"not_picked":["Madness","Thinking Ahead"],"picked":"Discovery","floor":37},{"not_picked":["True Grit+1","Infernal Blade"],"picked":"Fire Breathing+1","floor":38},{"not_picked":["Pommel Strike+1","Havoc+1"],"picked":"Metallicize+1","floor":41},{"not_picked":["Hemokinesis+1","Warcry"],"picked":"Reckless Charge","floor":42},{"not_picked":["Cleave+1","True Grit+1"],"picked":"Spot Weakness+1","floor":44},{"not_picked":["Anger","Body Slam+1"],"picked":"Heavy Blade+1","floor":45},{"not_picked":["Flex+1","Carnage+1"],"picked":"Battle Trance","floor":46},{"not_picked":["Cleave","Combust+1","Shockwave"],"picked":"Singing Bowl","floor":47}],"player_experience":349863,"relics_obtained":[{"floor":6,"key":"Ornamental Fan"},{"floor":9,"key":"Paper Frog"},{"floor":13,"key":"Kunai"},{"floor":25,"key":"Toy Ornithopter"},{"floor":26,"key":"Sundial"},{"floor":27,"key":"Dead Branch"},{"floor":27,"key":"Frozen Egg 2"},{"floor":28,"key":"Matryoshka"},{"floor":31,"key":"Anchor"},{"floor":32,"key":"Pen Nib"},{"floor":41,"key":"HornCleat"},{"floor":43,"key":"Mercury Hourglass"},{"floor":43,"key":"Singing Bowl"},{"floor":44,"key":"Potion Belt"},{"floor":49,"key":"Nunchaku"}],"event_choices":[{"damage_healed":0,"gold_gain":0,"player_choice":"Success","damage_taken":12,"relics_obtained":["Shovel"],"max_hp_gain":0,"max_hp_loss":0,"event_name":"Scrap Ooze","floor":2,"gold_loss":0},{"damage_healed":0,"gold_gain":0,"player_choice":"Donut","damage_taken":0,"max_hp_gain":5,"max_hp_loss":0,"event_name":"Big Fish","floor":4,"gold_loss":0},{"cards_removed":["Strike_R"],"damage_healed":0,"gold_gain":0,"player_choice":"Card Removal","damage_taken":0,"max_hp_gain":0,"max_hp_loss":0,"event_name":"The Cleric","floor":10,"gold_loss":50},{"damage_healed":0,"gold_gain":0,"player_choice":"Fight","damage_taken":0,"max_hp_gain":0,"max_hp_loss":0,"event_name":"Colosseum","floor":27,"gold_loss":0},{"damage_healed":0,"gold_gain":0,"player_choice":"Fought Nobs","damage_taken":0,"max_hp_gain":0,"max_hp_loss":0,"event_name":"Colosseum","floor":27,"gold_loss":0},{"cards_removed":["Pain"],"damage_healed":0,"gold_gain":0,"player_choice":"Gave Gold","damage_taken":0,"max_hp_gain":0,"max_hp_loss":0,"event_name":"Beggar","floor":29,"gold_loss":75},{"damage_healed":0,"gold_gain":0,"player_choice":"Memory 1","damage_taken":0,"max_hp_gain":0,"max_hp_loss":0,"event_name":"SensoryStone","floor":37,"gold_loss":0},{"damage_healed":0,"gold_gain":0,"player_choice":"Paid","damage_taken":0,"relics_obtained":["Red Mask"],"max_hp_gain":0,"max_hp_loss":0,"event_name":"Tomb of Lord Red Mask","floor":39,"gold_loss":59},{"damage_healed":0,"gold_gain":0,"player_choice":"Got Potions","damage_taken":0,"max_hp_gain":0,"max_hp_loss":0,"event_name":"Lab","floor":48,"gold_loss":0}],"is_beta":false,"boss_relics":[{"not_picked":["Tiny House","Runic Pyramid"],"picked":"Cursed Key"},{"not_picked":["Runic Cube","Velvet Choker"],"picked":"Coffee Dripper"}],"items_purged_floors":[12],"is_endless":false,"potions_floor_spawned":[5,13,14,22,24,25,28,31,41,44,45],"ascension_level":1}}