{"host":"v54ek091sdz7ha6h","time":1610592019,"event":{"mods":["BaseMod","Better Vampires","Colored Map","Colored Powertips","Custom Start","DeckTracker","Highlight Path","KOR Keyword Fix","Minty Spire (QoL Compilation)","Quick Restart","Rare Cards Sparkle","StSLib","SuperFastMode","everything is the same but u backflip on backflip","slay the spire mod where everything is the same but ironclad has a cowboy hat"],"gold_per_floor":[11,11,86,106,117,117,131,131,155,168,180,180,198,123,123,194,194,206,225,243,243,267,267,267,267],"floor_reached":24,"language":"KOR","playtime":420,"items_purged":["Strike_B"],"score":380,"play_id":"ff738948-2102-4739-8c5b-67ac2ffc0952","local_time":"20210114114019","is_ascension_mode":true,"campfire_choices":[{"data":"Dualcast","floor":6.0,"key":"SMITH"},{"data":"Defragment","floor":8.0,"key":"SMITH"},{"data":"Zap","floor":15.0,"key":"SMITH"},{"data":"Chaos","floor":23.0,"key":"SMITH"}],"circlet_count":0,"master_deck":["AscendersBane","Strike_B","Strike_B","Strike_B","Defend_B","Defend_B+1","Defend_B","Zap+1","Dualcast+1","White Noise","Melter","Ball Lightning","Gash","Defragment+1","Leap","Hologram+1","Chaos+1","Electrodynamics","Gash+1","Compile Driver+1"],"relics":["Cracked Core","Incense Burner","Coffee Dripper","War Paint"],"acts_visited":["Exordium","TheCity"],"potions_floor_usage":[],"damage_taken":[{"damage":9.0,"enemies":"Jaw Worm","floor":1.0,"turns":4.0},{"damage":3.0,"enemies":"2 Louse","floor":4.0,"turns":3.0},{"damage":1.0,"enemies":"Cultist","floor":5.0,"turns":3.0},{"damage":3.0,"enemies":"Blue Slaver","floor":7.0,"turns":3.0},{"damage":9.0,"enemies":"Exordium Wildlife","floor":10.0,"turns":2.0},{"damage":14.0,"enemies":"3 Louse","floor":11.0,"turns":4.0},{"damage":0.0,"enemies":"Looter","floor":13.0,"turns":3.0},{"damage":6.0,"enemies":"Slime Boss","floor":16.0,"turns":7.0},{"damage":4.0,"enemies":"Chosen","floor":18.0,"turns":4.0},{"damage":11.0,"enemies":"Spheric Guardian","floor":19.0,"turns":3.0},{"damage":19.0,"enemies":"Snake Plant","floor":20.0,"turns":4.0},{"damage":29,"enemies":"Slavers","floor":24,"turns":3}],"seed_played":"-4086718584155736372","potions_obtained":[{"floor":5.0,"key":"Block Potion"},{"floor":7.0,"key":"CultistPotion"},{"floor":18.0,"key":"SteroidPotion"}],"is_trial":false,"path_per_floor":["M","?","?","M","M","R","M","R","T","M","M","?","M","$","R","B",null,"M","M","M","?","T","R","E"],"character_chosen":"DEFECT","items_purchased":[],"campfire_rested":0,"item_purchase_floors":[],"current_hp_per_floor":[55,55,44,41,40,40,37,37,37,28,14,14,14,14,14,8,55,51,40,21,21,21,21,0,0],"gold":267,"neow_bonus":"ONE_RARE_RELIC","is_daily":false,"chose_seed":false,"campfire_upgraded":4,"win_rate":0.0,"timestamp":1610592019,"path_taken":["M","?","?","M","M","R","M","R","T","M","M","?","M","?","R","BOSS","M","?","M","?","?","R","E"],"items_purchased_type":[],"build_version":"2020-12-22","purchased_purges":1,"victory":false,"max_hp_per_floor":[71,71,71,71,71,71,71,71,71,71,71,71,71,71,71,71,71,71,71,71,71,71,71,71,71],"card_choices":[{"not_picked":["Stack","Reinforced Body"],"picked":"White Noise","floor":1.0},{"not_picked":["Loop","Scrape"],"picked":"Ball Lightning","floor":4.0},{"not_picked":["Beam Cell","Coolheaded"],"picked":"Gash","floor":5.0},{"not_picked":["Amplify","Go for the Eyes"],"picked":"Defragment","floor":7.0},{"not_picked":["Capacitor","Gash"],"picked":"Leap","floor":10.0},{"not_picked":["Redo","Ball Lightning"],"picked":"Hologram","floor":11.0},{"not_picked":["Stack","Turbo"],"picked":"Chaos","floor":13.0},{"not_picked":["All For One","Multi-Cast"],"picked":"Electrodynamics","floor":16.0},{"not_picked":["Compile Driver","Doom and Gloom"],"picked":"Gash+1","floor":18.0},{"not_picked":["Fusion","Stack","Beam Cell"],"picked":"SKIP","floor":19.0},{"not_picked":["Steam+1","Gash"],"picked":"Compile Driver+1","floor":20.0}],"player_experience":1421628,"relics_obtained":[{"floor":22.0,"key":"War Paint"}],"event_choices":[{"damage_healed":0.0,"max_hp_gain":0.0,"max_hp_loss":0.0,"gold_gain":0.0,"cards_transformed":["Defend_B"],"event_name":"Living Wall","player_choice":"Change","floor":2.0,"gold_loss":0.0,"damage_taken":0.0,"cards_obtained":["Melter"]},{"damage_healed":0.0,"max_hp_gain":0.0,"max_hp_loss":0.0,"gold_gain":75.0,"event_name":"World of Goop","player_choice":"Gather Gold","floor":3.0,"gold_loss":0.0,"damage_taken":11.0},{"damage_healed":0.0,"max_hp_gain":0.0,"max_hp_loss":0.0,"gold_gain":0.0,"event_name":"Shining Light","player_choice":"Ignored","floor":12.0,"gold_loss":0.0,"damage_taken":0.0},{"damage_healed":0.0,"max_hp_gain":0.0,"max_hp_loss":0.0,"gold_gain":0.0,"event_name":"Cursed Tome","player_choice":"Ignored","floor":21.0,"gold_loss":0.0,"damage_taken":0.0}],"is_beta":false,"boss_relics":[{"not_picked":["Ectoplasm","Snecko Eye"],"picked":"Coffee Dripper"}],"items_purged_floors":[14],"is_endless":false,"potions_floor_spawned":[5,7,10,18],"killed_by":"Slavers","ascension_level":20}}