{"host":"52lujqhsyicpcskq","time":1610610990,"event":{"mods":["BaseMod","Colored Map","DeckTracker","Minty Spire (QoL Compilation)","Permanent Neow","StSLib","SuperFastMode","everything is the same but u backflip on backflip"],"gold_per_floor":[110,129,129,149,123,123,156,218,242,242,37,55,84,9,9,109,109,124,124,124,43,57,57,85,85,85,101,200,219,233,243,243,340,340,352,367,417,427,28,28,39,49,49,64,79,79,97,131,131,131],"floor_reached":51,"language":"KOR","playtime":2982,"items_purged":["Strike_G"],"score":1108,"play_id":"05520dd7-7086-42ab-ac68-6567ef6ff16a","local_time":"20210114165630","is_ascension_mode":true,"campfire_choices":[{"data":"Dagger Spray","floor":6,"key":"SMITH"},{"data":"Backflip","floor":10,"key":"SMITH"},{"data":"Terror","floor":15,"key":"SMITH"},{"data":"Predator","floor":23,"key":"SMITH"},{"floor":25,"key":"REST"},{"floor":32,"key":"REST"},{"floor":40,"key":"REST"},{"floor":46,"key":"REST"},{"floor":49,"key":"REST"}],"circlet_count":0,"master_deck":["AscendersBane","Strike_G+1","Strike_G+1","Defend_G","Defend_G","Defend_G","Survivor","Neutralize+1","Crippling Poison","Dagger Spray+1","Backflip+1","Dagger Throw","Slice","Poisoned Stab","Night Terror","Terror+1","Adrenaline","Sucker Punch+1","Underhanded Strike+1","Flying Knee+1","Dodge and Roll","Necronomicurse","Predator+1","Backstab","Escape Plan","Cloak And Dagger","Riddle With Holes+1","Tools of the Trade","Deflect+1","Slice+1","Apotheosis","Well Laid Plans","Deflect","Footwork","Underhanded Strike+1","Quick Slash+1","PiercingWail","PiercingWail"],"relics":["Ring of the Snake","Whetstone","Nunchaku","Toy Ornithopter","Bronze Scales","Dream Catcher","Astrolabe","Necronomicon","Centennial Puzzle","Bag of Preparation","Molten Egg 2","Fusion Hammer","Du-Vu Doll","Oddly Smooth Stone","Sundial","The Courier"],"acts_visited":["Exordium","TheCity","TheBeyond"],"potions_floor_usage":[8,13,33,50],"damage_taken":[{"damage":3,"enemies":"2 Louse","floor":1,"turns":3},{"damage":0,"enemies":"Small Slimes","floor":2,"turns":4},{"damage":1,"enemies":"Jaw Worm","floor":4,"turns":4},{"damage":10,"enemies":"3 Sentries","floor":7,"turns":9},{"damage":6,"enemies":"3 Sentries","floor":8,"turns":7},{"damage":0,"enemies":"Large Slime","floor":12,"turns":4},{"damage":17,"enemies":"Lagavulin","floor":13,"turns":5},{"damage":11,"enemies":"Hexaghost","floor":16,"turns":8},{"damage":0,"enemies":"Spheric Guardian","floor":18,"turns":3},{"damage":3,"enemies":"Shell Parasite","floor":22,"turns":3},{"damage":25,"enemies":"Gremlin Leader","floor":24,"turns":4},{"damage":0,"enemies":"3 Cultists","floor":27,"turns":3},{"damage":0,"enemies":"Sentry and Sphere","floor":29,"turns":2},{"damage":0,"enemies":"Chosen and Byrds","floor":30,"turns":4},{"damage":0,"enemies":"Cultist and Chosen","floor":31,"turns":3},{"damage":57,"enemies":"Automaton","floor":33,"turns":7},{"damage":10,"enemies":"3 Shapes","floor":35,"turns":3},{"damage":0,"enemies":"Orb Walker","floor":36,"turns":2},{"damage":0,"enemies":"Mind Bloom Boss Battle","floor":37,"turns":4},{"damage":15,"enemies":"Sphere and 2 Shapes","floor":38,"turns":4},{"damage":0,"enemies":"4 Shapes","floor":41,"turns":2},{"damage":0,"enemies":"Jaw Worm Horde","floor":42,"turns":3},{"damage":1,"enemies":"3 Darklings","floor":44,"turns":3},{"damage":0,"enemies":"Maw","floor":45,"turns":5},{"damage":0,"enemies":"Spire Growth","floor":47,"turns":2},{"damage":6,"enemies":"Giant Head","floor":48,"turns":5},{"damage":39,"enemies":"Donu and Deca","floor":50,"turns":10}],"seed_played":"7252906355899956969","potions_obtained":[{"floor":2,"key":"Strength Potion"},{"floor":7,"key":"Dexterity Potion"},{"floor":8,"key":"Ancient Potion"},{"floor":16,"key":"FairyPotion"},{"floor":31,"key":"AttackPotion"},{"floor":35,"key":"BlessingOfTheForge"},{"floor":44,"key":"GhostInAJar"}],"is_trial":false,"path_per_floor":["M","M","?","M","?","R","E","?","T","R","$","M","E","$","R","B",null,"M","?","?","$","M","R","E","R","T","M","?","M","M","M","R","B",null,"M","M","?","M","$","R","M","M","T","M","M","R","M","E","R","B",null],"character_chosen":"THE_SILENT","items_purchased":["Bronze Scales","Poisoned Stab","Predator","Oddly Smooth Stone","Apotheosis","Well Laid Plans"],"campfire_rested":5,"item_purchase_floors":[11,11,21,39,39,39],"current_hp_per_floor":[60,60,53,52,52,52,42,36,36,36,36,36,24,24,24,13,56,56,40,40,40,37,37,12,33,33,33,33,33,33,33,54,2,53,43,43,43,28,28,49,49,49,49,48,48,69,69,63,70,36],"gold":131,"neow_bonus":"UPGRADE_CARD","is_daily":false,"chose_seed":false,"campfire_upgraded":4,"win_rate":0.0,"timestamp":1610610990,"path_taken":["M","M","?","M","?","R","E","?","T","R","$","M","E","$","R","BOSS","M","?","?","$","M","R","E","R","T","M","?","M","M","M","R","BOSS","M","M","?","M","$","R","M","M","T","M","M","R","M","E","R","BOSS"],"items_purchased_type":["Relic","Card","Card","Relic","Card","Card"],"build_version":"2020-12-22","purchased_purges":1,"victory":true,"max_hp_per_floor":[70,70,70,70,70,70,70,70,70,70,70,70,70,70,70,70,70,70,70,70,70,70,70,70,70,70,70,70,70,70,70,70,70,70,70,70,70,70,70,70,70,70,70,70,70,70,70,70,70,70],"card_choices":[{"not_picked":["Prepared","Acrobatics"],"picked":"Crippling Poison","floor":1},{"not_picked":["Flechettes","Cloak And Dagger"],"picked":"Dagger Spray","floor":2},{"not_picked":["Masterful Stab","Calculated Gamble"],"picked":"Backflip","floor":4},{"not_picked":["Cloak And Dagger","Masterful Stab"],"picked":"Dagger Throw","floor":7},{"not_picked":["Dagger Throw","Backflip"],"picked":"Slice","floor":8},{"not_picked":["Prepared","Dagger Spray"],"picked":"Night Terror","floor":12},{"not_picked":["Tools of the Trade","Bane"],"picked":"Terror","floor":13},{"not_picked":["Malaise","Venomology"],"picked":"Adrenaline","floor":16},{"not_picked":["Dagger Spray+1","Setup"],"picked":"Dodge and Roll","floor":18},{"not_picked":["Riddle With Holes","Underhanded Strike"],"picked":"Backstab","floor":22},{"not_picked":["Crippling Poison","Bane"],"picked":"Escape Plan","floor":24},{"not_picked":["Sucker Punch+1","Tactician","Dagger Throw+1"],"picked":"SKIP","floor":27},{"not_picked":["Bane+1","Accuracy+1"],"picked":"Cloak And Dagger","floor":29},{"not_picked":["Sucker Punch+1","Flying Knee+1"],"picked":"Riddle With Holes+1","floor":30},{"not_picked":["Flechettes+1","Endless Agony+1","Acrobatics"],"picked":"SKIP","floor":31},{"not_picked":["Night Terror","Grand Finale+1"],"picked":"Tools of the Trade","floor":33},{"not_picked":["Deadly Poison","Dagger Spray+1","Underhanded Strike+1"],"picked":"SKIP","floor":35},{"not_picked":["Acrobatics","Outmaneuver"],"picked":"Deflect+1","floor":36},{"not_picked":["Cloak And Dagger","Prepared+1"],"picked":"Slice+1","floor":37},{"not_picked":["Flying Knee+1","Slice+1","Dodge and Roll"],"picked":"SKIP","floor":38},{"not_picked":["Calculated Gamble","Acrobatics"],"picked":"Deflect","floor":40},{"not_picked":["Flying Knee+1","Distraction","Deadly Poison"],"picked":"SKIP","floor":41},{"not_picked":["Dodge and Roll","Dagger Spray+1"],"picked":"Footwork","floor":42},{"not_picked":["Blade Dance","Setup"],"picked":"Underhanded Strike+1","floor":44},{"not_picked":["Underhanded Strike+1","Endless Agony+1","Flying Knee+1"],"picked":"SKIP","floor":45},{"not_picked":["Adrenaline","Accuracy"],"picked":"Quick Slash+1","floor":46},{"not_picked":["Dagger Spray+1","Riddle With Holes+1"],"picked":"PiercingWail","floor":47},{"not_picked":["Tools of the Trade","Flechettes+1"],"picked":"PiercingWail","floor":48}],"player_experience":714671,"relics_obtained":[{"floor":7,"key":"Whetstone"},{"floor":8,"key":"Nunchaku"},{"floor":9,"key":"Toy Ornithopter"},{"floor":13,"key":"Dream Catcher"},{"floor":19,"key":"Necronomicon"},{"floor":24,"key":"Bag of Preparation"},{"floor":26,"key":"Molten Egg 2"},{"floor":37,"key":"Du-Vu Doll"},{"floor":43,"key":"Sundial"},{"floor":48,"key":"The Courier"}],"event_choices":[{"cards_removed":["Strike_G"],"damage_healed":0,"gold_gain":0,"player_choice":"Card Removal","damage_taken":7,"max_hp_gain":0,"max_hp_loss":0,"event_name":"Golden Wing","floor":3,"gold_loss":0},{"damage_healed":0,"gold_gain":0,"player_choice":"Left Gold","damage_taken":0,"max_hp_gain":0,"max_hp_loss":0,"event_name":"World of Goop","floor":5,"gold_loss":26},{"damage_healed":0,"gold_gain":30,"player_choice":"Searched \u00272\u0027 times","damage_taken":0,"max_hp_gain":0,"max_hp_loss":0,"event_name":"Dead Adventurer","floor":8,"gold_loss":0},{"damage_healed":0,"gold_gain":0,"player_choice":"Obtained Book","damage_taken":16,"max_hp_gain":0,"max_hp_loss":0,"event_name":"Cursed Tome","floor":19,"gold_loss":0},{"damage_healed":0,"gold_gain":0,"player_choice":"Opened","damage_taken":0,"relics_obtained":["Centennial Puzzle"],"max_hp_gain":0,"max_hp_loss":0,"event_name":"The Mausoleum","floor":20,"gold_loss":0},{"damage_healed":0,"gold_gain":99,"player_choice":"Stole From Cult","damage_taken":0,"max_hp_gain":0,"max_hp_loss":0,"event_name":"Nest","floor":28,"gold_loss":0},{"damage_healed":0,"gold_gain":0,"player_choice":"Fight","damage_taken":0,"max_hp_gain":0,"max_hp_loss":0,"event_name":"MindBloom","floor":37,"gold_loss":0}],"is_beta":false,"boss_relics":[{"not_picked":["Ring of the Serpent","SacredBark"],"picked":"Astrolabe"},{"not_picked":["Pandora\u0027s Box","Tiny House"],"picked":"Fusion Hammer"}],"items_purged_floors":[14],"is_endless":false,"potions_floor_spawned":[2,7,8,16,29,30,31,35,44,45,47,48],"ascension_level":12}}