{"host":"oeqgep2lwmjgysjb","time":1610603427,"event":{"mods":["AchievementEnabler","Aspiration","BaseMod","Colored Powertips","Custom Start","Hubris","Infinite Spire","Minty Spire (QoL Compilation)","Quick Restart","Replay The Spire","Shop Mod","StSLib"],"gold_per_floor":[109,109,109,109,109,140,157,173,173,202,48,48,48,60,60,155,155,155,155],"floor_reached":18,"language":"ENG","playtime":1286,"items_purged":["Strike_R"],"score":341,"play_id":"58e63e71-1a04-46e1-a708-657c0bc1adb9","local_time":"20210114165027","daily_mods":["Vintage","Elite Swarm","Lethality"],"is_ascension_mode":true,"campfire_choices":[{"floor":13,"key":"REST"},{"floor":15,"key":"REST"}],"circlet_count":0,"master_deck":["Strike_R","Strike_R","Strike_R","Strike_R","Defend_R","Defend_R","Defend_R","Defend_R","Bash","Limit Break","Limit Break","Whirlwind","Reaper","Hallucinations","hubris:MerchantsHand","Double Tap","Jack Of All Trades","ReplayTheSpireMod:Chaos Vortex"],"relics":["Burning Blood","Kunai","hubris:Icosahedron","Akabeko","infinitespire:Lucky Rock","infinitespire:PuzzleCube","aspiration:ChemicalBlood","Anchor","hubris:Towel","FossilizedHelix","ReplayTheSpireMod:SealedPack"],"acts_visited":["Exordium","TheCity"],"potions_floor_usage":[10,14,16,16,16],"damage_taken":[{"damage":10,"enemies":"Small Slimes","floor":1,"turns":3},{"damage":63,"enemies":"Lagavulin","floor":6,"turns":6},{"damage":0,"enemies":"Jaw Worm","floor":7,"turns":3},{"damage":0,"enemies":"Cultist","floor":8,"turns":2},{"damage":26,"enemies":"3 Sentries","floor":10,"turns":6},{"damage":0,"enemies":"Large Slime","floor":14,"turns":2},{"damage":0,"enemies":"Fading Forest","floor":16,"turns":11},{"damage":126,"enemies":"3 Byrds","floor":18,"turns":3}],"seed_played":"-8919744733711860296","potions_obtained":[{"floor":6,"key":"SkillPotion"},{"floor":7,"key":"BlessingOfTheForge"},{"floor":10,"key":"Energy Potion"},{"floor":14,"key":"infinitespire:BlackPotion"}],"is_trial":true,"path_per_floor":["M","WH","WH","WH","?","E","M","M","T","E","$","?","R","M","R","B",null,"M"],"character_chosen":"IRONCLAD","items_purchased":["Whirlwind"],"campfire_rested":2,"item_purchase_floors":[11],"current_hp_per_floor":[68,76,84,93,93,36,42,48,48,28,28,28,59,65,96,105,105,0,0],"gold":155,"neow_bonus":"TEN_PERCENT_HP_BONUS","is_daily":false,"chose_seed":false,"campfire_upgraded":0,"win_rate":0.0,"timestamp":1610603427,"path_taken":["M","WH","WH","WH","?","E","M","M","T","E","$","?","R","M","R","BOSS","M"],"items_purchased_type":["Card"],"build_version":"2020-12-22","purchased_purges":1,"victory":false,"max_hp_per_floor":[80,88,96,105,105,105,105,105,105,105,105,105,105,105,105,105,105,105,105],"card_choices":[{"not_picked":["Offering","Barricade"],"picked":"Limit Break","floor":6},{"not_picked":["hubris:StunningStrike","Impervious"],"picked":"Limit Break","floor":10},{"not_picked":["Replay:Many Hands","Juggernaut"],"picked":"Reaper","floor":16},{"not_picked":["Zap","m_Survivalism"],"picked":"hubris:MerchantsHand","floor":17},{"not_picked":["Fiend Fire","Corruption"],"picked":"Double Tap","floor":17},{"not_picked":["Dark Shackles","hubris:Insight"],"picked":"Jack Of All Trades","floor":17},{"not_picked":["ReplayTheSpireMod:Haul","hubris:InfiniteBlow"],"picked":"ReplayTheSpireMod:Chaos Vortex","floor":17}],"player_experience":266664,"relics_obtained":[{"floor":1,"key":"Kunai"},{"floor":6,"key":"Akabeko"},{"floor":7,"key":"infinitespire:Lucky Rock"},{"floor":8,"key":"infinitespire:PuzzleCube"},{"floor":9,"key":"aspiration:ChemicalBlood"},{"floor":10,"key":"Anchor"},{"floor":14,"key":"FossilizedHelix"}],"event_choices":[],"is_beta":false,"boss_relics":[{"not_picked":["Ooze Armor","ChewingGum"],"picked":"ReplayTheSpireMod:SealedPack"}],"items_purged_floors":[11],"is_endless":false,"potions_floor_spawned":[6,7,10,14],"killed_by":"3 Byrds","ascension_level":9}}