{"host":"2jftgrhdogeeegvp","time":1610608351,"event":{"mods":["Act Like it!","Arknights The Spire","BaseMod","Colored Map","Downfall","Gensokyo","Marisa£®ÏF”Í°°ƒß¿Ì…≥£©","Minty Spire (QoL Compilation)","READ ME - Guardian Mod","Reimu£®≤©¿ˆ¡È√Œ£©","StSLib","SuperFastMode","The Cursed","The Gatherer","The Mystic"],"gold_per_floor":[99,91,119,142,142,170,195,195,247,172,216,245,292,292,329,329,329,329],"floor_reached":16,"language":"ZHS","playtime":1236,"items_purged":[],"score":120,"play_id":"f53c770b-a845-4472-8456-e1eb8ae8c9b0","local_time":"20210113231231","is_ascension_mode":false,"campfire_choices":[{"data":"hexamod:Float","floor":1,"key":"SMITH"},{"floor":8,"key":"RECALL"},{"data":"hexamod:DynamicBlow","floor":10,"key":"SMITH"}],"circlet_count":0,"master_deck":["hexamod:Strike","hexamod:Strike","hexamod:Strike","hexamod:Defend","hexamod:Defend","hexamod:Defend","hexamod:Defend","hexamod:Sear","hexamod:Float+1","hexamod:SecondSeal","hexamod:DynamicBlow+1","hexamod:PhantomFireball","hexamod:FirstSeal","hexamod:StepThrough","hexamod:HeatCrush","hexamod:AdvancingGuard","hexamod:GhostOfSpirePast","hexamod:GhostOfSpirePresent"],"relics":["hexamod:SpiritBrand","Matryoshka","The Courier","CeramicFish","Nunchaku","downfall:HeartBlessingRed","Vajra","Toy Ornithopter"],"acts_visited":["Exordium"],"potions_floor_usage":[11,13,13],"damage_taken":[{"damage":2,"enemies":"2 Louse","floor":3,"turns":4},{"damage":0,"enemies":"Small Slimes","floor":4,"turns":3},{"damage":5,"enemies":"Jaw Worm","floor":6,"turns":3},{"damage":34,"enemies":"3 Sentries","floor":9,"turns":8},{"damage":16,"enemies":"Gremlin Nob","floor":11,"turns":4},{"damage":14,"enemies":"Large Slime","floor":12,"turns":5},{"damage":7,"enemies":"3 Sentries","floor":13,"turns":8},{"damage":5,"enemies":"2 Fungi Beasts","floor":15,"turns":4},{"damage":22,"enemies":"downfall:Ironclad","floor":16,"turns":5}],"seed_played":"-8222044991970720594","potions_obtained":[{"floor":4,"key":"Fire Potion"},{"floor":9,"key":"AttackPotion"},{"floor":11,"key":"MagicPotion:ReiMu"},{"floor":13,"key":"FearPotion"},{"floor":15,"key":"Explosive Potion"}],"is_trial":false,"path_per_floor":["R","?","M","M","?","M","T","R","E","R","E","M","E","?","M","B"],"character_chosen":"THE_SPIRIT","items_purchased":[],"campfire_rested":0,"item_purchase_floors":[],"current_hp_per_floor":[77,77,75,75,68,63,63,63,36,36,27,20,20,20,22,0,0,0],"gold":329,"neow_bonus":"TEN_PERCENT_HP_BONUS","is_daily":false,"chose_seed":false,"campfire_upgraded":2,"win_rate":0.0,"timestamp":1610608351,"path_taken":["R","?","M","M","?","M","T","R","E","R","E","M","E","?","M","BOSS"],"items_purchased_type":[],"build_version":"2020-12-22","purchased_purges":0,"victory":false,"max_hp_per_floor":[77,77,77,77,77,77,77,77,77,77,77,77,77,77,77,77,77,77],"card_choices":[{"not_picked":["hexamod:InspiringFlames","hexamod:FastForward"],"picked":"hexamod:DynamicBlow","floor":3},{"not_picked":["hexamod:PhantomCloak","hexamod:RecurringNightmare"],"picked":"hexamod:PhantomFireball","floor":4},{"not_picked":["hexamod:HeatCrush","hexamod:BurningTouch"],"picked":"hexamod:FirstSeal","floor":6},{"not_picked":["hexamod:FastForward","hexamod:GhostLash"],"picked":"hexamod:StepThrough","floor":9},{"not_picked":["hexamod:NightmareStrike","hexamod:GhostShield"],"picked":"hexamod:HeatCrush","floor":11},{"not_picked":["hexamod:RecurringNightmare","hexamod:SwordOfDarkness"],"picked":"hexamod:AdvancingGuard","floor":12},{"not_picked":["hexamod:SwordOfDarkness","hexamod:FourthSeal"],"picked":"hexamod:GhostOfSpirePast","floor":13},{"not_picked":["hexamod:SwordOfDarkness","hexamod:NightmareStrike"],"picked":"hexamod:GhostOfSpirePresent","floor":15}],"player_experience":416786,"relics_obtained":[{"floor":7,"key":"The Courier"},{"floor":7,"key":"CeramicFish"},{"floor":9,"key":"Nunchaku"},{"floor":11,"key":"Vajra"},{"floor":13,"key":"Toy Ornithopter"}],"event_choices":[{"damage_healed":0,"gold_gain":0,"player_choice":"Success","damage_taken":7,"relics_obtained":["Matryoshka"],"max_hp_gain":0,"max_hp_loss":0,"event_name":"Scrap Ooze","floor":5,"gold_loss":0},{"cards_removed":["hexamod:Strike"],"damage_healed":0,"gold_gain":0,"player_choice":"Card Removal","damage_taken":0,"max_hp_gain":0,"max_hp_loss":0,"event_name":"The Cleric","floor":14,"gold_loss":0}],"is_beta":false,"boss_relics":[],"items_purged_floors":[],"is_endless":false,"potions_floor_spawned":[4,9,11,13,15],"killed_by":"downfall:Ironclad","ascension_level":0}}