{"host":"idmgg8r816nmas40","time":1610603657,"event":{"mods":["AchievementEnabler","BaseMod","BetterRewards","Block Reminder","Colored Map","Colored Powertips","Googly Eyes","Highlight Path","Hubris","Minty Spire (QoL Compilation)","Quick Restart","Relic Stats","Replay The Spire","Shop Mod","StSLib","SuperFastMode","Synergy Search","Transform Curses"],"gold_per_floor":[112,112,132,92,106,136,150,179,179,199,299,327,327,344,344,418,418,437,450,450,531,544,569,569,569,569],"floor_reached":25,"language":"ENG","playtime":682,"items_purged":[],"score":486,"play_id":"66ef953f-a1d0-4213-9152-808294986d81","local_time":"20210113225417","is_ascension_mode":true,"campfire_choices":[{"floor":13,"key":"REST"},{"data":"Armaments","floor":15,"key":"SMITH"},{"floor":24,"key":"REST"}],"circlet_count":0,"master_deck":["AscendersBane","Strike_R","Strike_R","Strike_R","Strike_R","Strike_R","Defend_R","Defend_R+1","Defend_R+1","Defend_R","Bash","Mayhem+1","Pommel Strike","Flame Barrier","Rupture","Twin Strike","Cleave","Fiend Fire","Replay:Undeath\u0027s Touch","Armaments+1","Limit Break","CurseOfTheBell","Sword Boomerang","Shockwave"],"relics":["Burning Blood","Lee\u0027s Waffle","Brimstone","hubris:SlimyHat","War Paint","Art of War","Bronze Scales","Kunai","Replay:Accelerometer","Calling Bell","PreservedInsect","hubris:Metronome","Counterbalance","Bottled Lightning","Orichalcum"],"acts_visited":["Exordium","TheCity"],"potions_floor_usage":[8,12,14,19,23],"damage_taken":[{"damage":1,"enemies":"Small Slimes","floor":1,"turns":4},{"damage":0,"enemies":"Jaw Worm","floor":3,"turns":3},{"damage":6,"enemies":"2 Louse","floor":5,"turns":3},{"damage":39,"enemies":"Gremlin Nob","floor":6,"turns":4},{"damage":5,"enemies":"Large Slime","floor":7,"turns":4},{"damage":17,"enemies":"Lagavulin","floor":8,"turns":4},{"damage":9,"enemies":"Lots of Slimes","floor":10,"turns":2},{"damage":11,"enemies":"3 Sentries","floor":12,"turns":5},{"damage":7,"enemies":"Exordium Thugs","floor":14,"turns":3},{"damage":35,"enemies":"The Guardian","floor":16,"turns":6},{"damage":24,"enemies":"2 Thieves","floor":18,"turns":3},{"damage":15,"enemies":"3 Byrds","floor":19,"turns":3},{"damage":16,"enemies":"Centurion and Healer","floor":22,"turns":6},{"damage":21,"enemies":"Replay:Snechameleon","floor":23,"turns":4},{"damage":49,"enemies":"Slavers","floor":25,"turns":2}],"seed_played":"-3301350325494732651","potions_obtained":[{"floor":1,"key":"AttackPotion"},{"floor":6,"key":"Dexterity Potion"},{"floor":12,"key":"DistilledChaos"},{"floor":18,"key":"Death Potion"},{"floor":22,"key":"Dexterity Potion"}],"is_trial":false,"path_per_floor":["M","?","M","$","M","E","M","E","T","M","?","E","R","M","R","B",null,"M","M","?","T","M","E","R","E"],"character_chosen":"IRONCLAD","items_purchased":["Lee\u0027s Waffle","Brimstone","hubris:SlimyHat","War Paint","Mayhem","Rupture"],"campfire_rested":2,"item_purchase_floors":[0,0,0,0,0,4],"current_hp_per_floor":[82,82,82,82,82,49,50,39,39,36,36,31,55,54,54,25,68,50,41,41,41,31,16,40,0,0],"gold":569,"neow_bonus":"","is_daily":false,"chose_seed":false,"campfire_upgraded":1,"win_rate":0.0,"timestamp":1610603657,"path_taken":["M","?","M","?","M","E","M","E","T","M","?","E","R","M","R","BOSS","M","?","?","?","?","E","R","E"],"items_purchased_type":["Relic","Relic","Relic","Relic","Card","Card"],"build_version":"2020-12-22","purchased_purges":0,"victory":false,"max_hp_per_floor":[82,82,82,82,82,82,82,82,82,82,82,82,82,82,82,82,82,82,82,82,82,82,82,82,82,82],"relic_stats":{"Lee\u0027s Waffle":14,"counters":[161,588],"Bronze Scales":[90],"PreservedInsect":77,"Art of War":[2],"Kunai":[5],"War Paint":["Defend_R","Defend_R"],"Orichalcum":[0],"obtain_stats":[{"Replay:Accelerometer":12,"Ginger":0,"Whetstone":37,"Bottled Tornado":21,"Boot":8,"Blood Vial":9,"Sundial":0,"MealTicket":20,"Fusion Hammer":17,"HandDrill":0,"Kunai":13,"Runic Cube":17,"MerchantsRug":0,"Pear":54,"Blue Candle":25,"Counterbalance":17,"Eternal Feather":0,"Pen Nib":40,"Akabeko":31,"Bird Faced Urn":0,"Mark of Pain":34,"StrikeDummy":19,"Unceasing Top":0,"Regal Pillow":26,"Lantern":54,"hubris:Metronome":17,"Torii":38,"Singing Bowl":40,"Magic Flower":0,"StoneCalendar":0,"Bag of Preparation":26,"Ancient Tea Set":46,"Burning Blood":0,"Shovel":0,"Matryoshka":8,"WingedGreaves":10,"Chemical X":29,"InkBottle":46,"Paper Frog":0,"Lee\u0027s Waffle":8,"Self Forming Clay":42,"Thread and Needle":43,"PreservedInsect":43,"The Courier":25,"Omamori":0,"Frozen Egg 2":7,"Orrery":12,"Turnip":0,"Art of War":54,"Bottled Lightning":41,"Toy Ornithopter":11,"Ice Cream":0,"Calipers":0,"Gremlin Horn":44,"CeramicFish":26,"Vajra":23,"Sozu":34,"Centennial Puzzle":0,"Lizard Tail":23,"HornCleat":26,"FaceOfCleric":19,"Strawberry":46,"Philosopher\u0027s Stone":17,"Toxic Egg 2":6,"Girya":0,"Happy Flower":29,"Dead Branch":19,"Oddly Smooth Stone":24,"Charon\u0027s Ashes":36,"Letter Opener":13,"War Paint":6,"Question Card":10,"WarpedTongs":38,"Du-Vu Doll":43,"OrangePellets":36,"Bottled Flame":42,"Brimstone":0,"Bronze Scales":30,"Black Star":17,"Mirror":0,"Pocketwatch":44,"Meat on the Bone":47,"Darkstone Periapt":12,"Enchiridion":22,"Black Blood":34,"Mango":0,"Juzu Bracelet":45,"Incense Burner":0,"hubris:SlimyHat":0,"Empty Cage":17,"ClockworkSouvenir":24,"Dream Catcher":10,"Nunchaku":12,"Replay:Bandana":6,"Mummified Hand":0,"Gambling Chip":9,"Pantograph":40,"Tiny Chest":21,"Red Mask":20,"Red Skull":23,"Orichalcum":23,"Medical Kit":36,"White Beast Statue":9,"Mercury Hourglass":52,"Peace Pipe":0,"Calling Bell":17,"Anchor":47,"CaptainsWheel":8,"Bag of Marbles":0,"Membership Card":13,"TungstenRod":25,"FossilizedHelix":0},{"Replay:Accelerometer":154,"Ginger":31,"Whetstone":77,"Bottled Tornado":93,"Boot":36,"Blood Vial":2,"Sundial":83,"MealTicket":7,"Fusion Hammer":16,"HandDrill":0,"Kunai":4,"Runic Cube":116,"MerchantsRug":83,"Pear":82,"Blue Candle":44,"Counterbalance":156,"Eternal Feather":31,"Pen Nib":104,"Akabeko":100,"Bird Faced Urn":31,"Mark of Pain":22,"StrikeDummy":17,"Unceasing Top":83,"Regal Pillow":19,"Lantern":30,"hubris:Metronome":156,"Torii":51,"Singing Bowl":132,"Magic Flower":83,"StoneCalendar":0,"Bag of Preparation":72,"Ancient Tea Set":80,"Burning Blood":0,"Shovel":31,"Matryoshka":62,"WingedGreaves":14,"Chemical X":45,"InkBottle":55,"Paper Frog":0,"Lee\u0027s Waffle":114,"Self Forming Clay":26,"Thread and Needle":26,"PreservedInsect":79,"The Courier":96,"Omamori":140,"Frozen Egg 2":12,"Orrery":63,"Turnip":83,"Art of War":109,"Bottled Lightning":53,"Toy Ornithopter":63,"Ice Cream":83,"Calipers":31,"Gremlin Horn":79,"CeramicFish":123,"Vajra":19,"Sozu":75,"Centennial Puzzle":58,"Lizard Tail":121,"HornCleat":44,"FaceOfCleric":7,"Strawberry":27,"Philosopher\u0027s Stone":40,"Toxic Egg 2":35,"Girya":58,"Happy Flower":45,"Dead Branch":41,"Oddly Smooth Stone":44,"Charon\u0027s Ashes":49,"Letter Opener":89,"War Paint":61,"Question Card":37,"WarpedTongs":24,"Du-Vu Doll":53,"OrangePellets":49,"Bottled Flame":79,"Brimstone":9,"Bronze Scales":21,"Black Star":6,"Mirror":140,"Pocketwatch":54,"Meat on the Bone":55,"Darkstone Periapt":4,"Enchiridion":18,"Black Blood":48,"Mango":58,"Juzu Bracelet":79,"Incense Burner":83,"hubris:SlimyHat":146,"Empty Cage":66,"ClockworkSouvenir":19,"Dream Catcher":3,"Nunchaku":38,"Replay:Bandana":143,"Mummified Hand":31,"Gambling Chip":13,"Pantograph":53,"Tiny Chest":7,"Red Mask":42,"Red Skull":95,"Orichalcum":160,"Medical Kit":102,"White Beast Statue":36,"Mercury Hourglass":56,"Peace Pipe":31,"Calling Bell":156,"Anchor":28,"CaptainsWheel":88,"Bag of Marbles":31,"Membership Card":4,"TungstenRod":72,"FossilizedHelix":110},{"Replay:Accelerometer":561,"Ginger":116,"Whetstone":308,"Bottled Tornado":362,"Boot":136,"Blood Vial":6,"Sundial":332,"MealTicket":33,"Fusion Hammer":62,"HandDrill":0,"Kunai":11,"Runic Cube":447,"MerchantsRug":332,"Pear":325,"Blue Candle":182,"Counterbalance":570,"Eternal Feather":116,"Pen Nib":404,"Akabeko":385,"Bird Faced Urn":116,"Mark of Pain":83,"StrikeDummy":64,"Unceasing Top":332,"Regal Pillow":70,"Lantern":113,"hubris:Metronome":570,"Torii":207,"Singing Bowl":484,"Magic Flower":332,"StoneCalendar":0,"Bag of Preparation":288,"Ancient Tea Set":317,"Burning Blood":0,"Shovel":116,"Matryoshka":247,"WingedGreaves":54,"Chemical X":187,"InkBottle":219,"Paper Frog":0,"Lee\u0027s Waffle":441,"Self Forming Clay":92,"Thread and Needle":92,"PreservedInsect":315,"The Courier":371,"Omamori":507,"Frozen Egg 2":47,"Orrery":251,"Turnip":332,"Art of War":428,"Bottled Lightning":211,"Toy Ornithopter":251,"Ice Cream":332,"Calipers":116,"Gremlin Horn":315,"CeramicFish":462,"Vajra":70,"Sozu":303,"Centennial Puzzle":234,"Lizard Tail":458,"HornCleat":182,"FaceOfCleric":33,"Strawberry":97,"Philosopher\u0027s Stone":165,"Toxic Egg 2":132,"Girya":234,"Happy Flower":187,"Dead Branch":169,"Oddly Smooth Stone":182,"Charon\u0027s Ashes":200,"Letter Opener":348,"War Paint":243,"Question Card":146,"WarpedTongs":87,"Du-Vu Doll":211,"OrangePellets":200,"Bottled Flame":315,"Brimstone":39,"Bronze Scales":77,"Black Star":24,"Mirror":507,"Pocketwatch":214,"Meat on the Bone":219,"Darkstone Periapt":11,"Enchiridion":66,"Black Blood":198,"Mango":234,"Juzu Bracelet":315,"Incense Burner":332,"hubris:SlimyHat":532,"Empty Cage":263,"ClockworkSouvenir":70,"Dream Catcher":9,"Nunchaku":151,"Replay:Bandana":518,"Mummified Hand":116,"Gambling Chip":49,"Pantograph":211,"Tiny Chest":33,"Red Mask":172,"Red Skull":369,"Orichalcum":586,"Medical Kit":395,"White Beast Statue":136,"Mercury Hourglass":224,"Peace Pipe":116,"Calling Bell":570,"Anchor":102,"CaptainsWheel":345,"Bag of Marbles":116,"Membership Card":11,"TungstenRod":288,"FossilizedHelix":436}],"Burning Blood":979},"card_choices":[{"not_picked":["ReplayTheSpireMod:Limb From Limb","Feel No Pain"],"picked":"Pommel Strike","floor":1},{"not_picked":["ReplayTheSpireMod:Limb From Limb","Armaments"],"picked":"Flame Barrier","floor":3},{"not_picked":["Clash","ReplayTheSpireMod:Muscle Training"],"picked":"Twin Strike","floor":5},{"not_picked":["ReplayTheSpireMod:Strike From Hell","Ghostly Armor"],"picked":"Cleave","floor":6},{"not_picked":["Havoc","Clothesline","Warcry"],"picked":"SKIP","floor":7},{"not_picked":["Reckless Charge","Run Through"],"picked":"Fiend Fire","floor":8},{"not_picked":["Headbutt","Entrench"],"picked":"Replay:Undeath\u0027s Touch","floor":10},{"not_picked":["Flame Barrier","Body Slam"],"picked":"Armaments","floor":12},{"not_picked":["Wild Strike","Headbutt","True Grit"],"picked":"SKIP","floor":14},{"not_picked":["Offering","hubris:StunningStrike"],"picked":"Limit Break","floor":16},{"not_picked":["Disarm","Rampage","ReplayTheSpireMod:Strike From Hell"],"picked":"SKIP","floor":18},{"not_picked":["ReplayTheSpireMod:Strike From Hell","Inflame","Dropkick"],"picked":"SKIP","floor":19},{"not_picked":["Anger","Combust"],"picked":"Sword Boomerang","floor":22},{"not_picked":["Metallicize","Dark Embrace"],"picked":"Shockwave","floor":23}],"player_experience":1103625,"relics_obtained":[{"floor":6,"key":"Art of War"},{"floor":8,"key":"Bronze Scales"},{"floor":9,"key":"Kunai"},{"floor":12,"key":"Replay:Accelerometer"},{"floor":17,"key":"PreservedInsect"},{"floor":17,"key":"hubris:Metronome"},{"floor":17,"key":"Counterbalance"},{"floor":21,"key":"Bottled Lightning"},{"floor":23,"key":"Orichalcum"}],"event_choices":[{"damage_healed":0,"gold_gain":0,"player_choice":"Grow","damage_taken":0,"max_hp_gain":0,"max_hp_loss":0,"event_name":"Living Wall","floor":2,"gold_loss":0,"cards_upgraded":["Mayhem"]},{"damage_healed":0,"gold_gain":100,"player_choice":"Gold","damage_taken":0,"max_hp_gain":0,"max_hp_loss":0,"event_name":"Wheel of Change","floor":11,"gold_loss":0},{"damage_healed":0,"gold_gain":0,"player_choice":"Ignored","damage_taken":0,"max_hp_gain":0,"max_hp_loss":0,"event_name":"Ghosts","floor":20,"gold_loss":0}],"is_beta":false,"boss_relics":[{"not_picked":["ReplayTheSpireMod:DimensionalGlitch","Ring of Chaos"],"picked":"Calling Bell"}],"items_purged_floors":[],"is_endless":false,"potions_floor_spawned":[1,6,12,18,22],"killed_by":"Slavers","ascension_level":20}}