{"host":"nwjumqsw655htf7s","time":1610633933,"event":{"mods":["BaseMod","Best Route Mod","Bestiary","Better Altar","Better Match","Better Note","Better Sensory Stone","Better Skull","Better Third Choice","Block Reminder","Colored Map","Colored Powertips","Curses Come First","Dark Map","DeckTracker","Minty Spire (QoL Compilation)","StSLib"],"gold_per_floor":[114,114,114,167,182,182,223,45,45,45,63,63,63,79,79,208,208,208,208,133,133,88,88,88,88,88,88,88,88,88,88,88,88,88,88,88,88,88,88,88,88,88,88,88,88,88,88,88,88,88],"floor_reached":51,"language":"ENG","playtime":8292,"items_purged":["Strike_G"],"score":968,"play_id":"7e32c26d-3ca5-4867-b8ee-c6c0cbb0b372","local_time":"20210114061853","is_ascension_mode":true,"campfire_choices":[{"data":"Neutralize","floor":6,"key":"SMITH"},{"floor":10,"key":"REST"},{"floor":13,"key":"REST"},{"data":"Terror","floor":15,"key":"SMITH"},{"data":"Noxious Fumes","floor":23,"key":"SMITH"},{"data":"Venomology","floor":25,"key":"SMITH"},{"data":"Deadly Poison","floor":29,"key":"SMITH"},{"data":"Footwork","floor":32,"key":"SMITH"},{"floor":42,"key":"REST"},{"floor":46,"key":"REST"},{"floor":49,"key":"REST"}],"circlet_count":0,"master_deck":["AscendersBane","Strike_G","Strike_G","Strike_G","Defend_G","Defend_G","Defend_G","Defend_G","Defend_G+1","Survivor","Neutralize+1","Acrobatics","Cloak And Dagger","Backstab","Bane","Catalyst+1","Deadly Poison+1","Terror+1","Venomology+1","Calculated Gamble","Noxious Fumes+1","Dagger Spray","All Out Attack+1","Tactician+1","Predator","Footwork+1","Malaise","Well Laid Plans+1","Backflip","Flechettes+1","Quick Slash+1","Well Laid Plans"],"relics":["Ring of the Snake","Golden Idol","Lantern","Dream Catcher","HandDrill","White Beast Statue","Ectoplasm","Snake Skull","Pantograph","Pear","Busted Crown","StoneCalendar","Mummified Hand","Ninja Scroll","Darkstone Periapt"],"acts_visited":["Exordium","TheCity","TheBeyond"],"potions_floor_usage":[5,7,14,16,18,18,18,22,22,24,24,28,28,30,31,31,33,33,33,33,35,36,38,38,39,39,41,41,45,45,47,47,48,48,50,50],"damage_taken":[{"damage":1.0,"enemies":"2 Louse","floor":1.0,"turns":4.0},{"damage":1,"enemies":"Jaw Worm","floor":5,"turns":3},{"damage":31,"enemies":"3 Sentries","floor":7,"turns":12},{"damage":0,"enemies":"Small Slimes","floor":11,"turns":2},{"damage":0,"enemies":"Blue Slaver","floor":14,"turns":3},{"damage":7,"enemies":"The Guardian","floor":16,"turns":7},{"damage":5,"enemies":"Spheric Guardian","floor":18,"turns":5},{"damage":8,"enemies":"2 Thieves","floor":22,"turns":5},{"damage":14,"enemies":"Centurion and Healer","floor":24,"turns":8},{"damage":1,"enemies":"Shelled Parasite and Fungi","floor":28,"turns":3},{"damage":8,"enemies":"Gremlin Leader","floor":30,"turns":4},{"damage":0,"enemies":"Cultist and Chosen","floor":31,"turns":4},{"damage":45,"enemies":"Collector","floor":33,"turns":7},{"damage":0,"enemies":"3 Shapes","floor":35,"turns":6},{"damage":2,"enemies":"Orb Walker","floor":36,"turns":2},{"damage":39,"enemies":"2 Orb Walkers","floor":38,"turns":4},{"damage":4,"enemies":"Maw","floor":39,"turns":6},{"damage":0,"enemies":"Transient","floor":41,"turns":5},{"damage":29,"enemies":"Reptomancer","floor":45,"turns":5},{"damage":0,"enemies":"Spire Growth","floor":47,"turns":4},{"damage":13,"enemies":"Sphere and 2 Shapes","floor":48,"turns":5},{"damage":58,"enemies":"Donu and Deca","floor":50,"turns":8}],"seed_played":"-4241298073907728022","potions_obtained":[{"floor":0.0,"key":"Ancient Potion"},{"floor":0.0,"key":"LiquidBronze"},{"floor":0.0,"key":"Ancient Potion"},{"floor":1.0,"key":"CunningPotion"},{"floor":5,"key":"Energy Potion"},{"floor":11,"key":"Weak Potion"},{"floor":14,"key":"Poison Potion"},{"floor":16,"key":"SkillPotion"},{"floor":18,"key":"FearPotion"},{"floor":22,"key":"Regen Potion"},{"floor":24,"key":"CunningPotion"},{"floor":28,"key":"DistilledChaos"},{"floor":30,"key":"SkillPotion"},{"floor":31,"key":"CultistPotion"},{"floor":33,"key":"CunningPotion"},{"floor":35,"key":"SkillPotion"},{"floor":36,"key":"Fire Potion"},{"floor":38,"key":"Fire Potion"},{"floor":39,"key":"DistilledChaos"},{"floor":41,"key":"SkillPotion"},{"floor":45,"key":"Explosive Potion"},{"floor":47,"key":"FairyPotion"},{"floor":48,"key":"GamblersBrew"}],"is_trial":false,"path_per_floor":["M","?","?","T","M","R","E","$","T","R","M","?","R","M","R","B",null,"M","?","$","?","M","R","M","R","T","T","M","R","E","M","R","B",null,"M","M","?","?","M","?","M","R","T","T","E","R","M","M","R","B",null],"character_chosen":"THE_SILENT","items_purchased":["HandDrill","Dagger Spray"],"campfire_rested":5,"item_purchase_floors":[8,8],"current_hp_per_floor":[62,62,55,55,54,54,23,23,23,42,42,29,48,48,48,41,59,54,54,54,54,46,46,47,47,47,47,46,46,48,48,48,28,63,63,61,61,22,18,18,18,39,39,39,10,31,31,18,39,6],"gold":88,"neow_bonus":"THREE_SMALL_POTIONS","is_daily":false,"chose_seed":false,"campfire_upgraded":6,"win_rate":0.0,"timestamp":1610633933,"path_taken":["M","?","?","?","M","R","E","$","T","R","M","?","R","M","R","BOSS","M","?","$","?","M","R","M","R","T","?","M","R","E","M","R","BOSS","M","?","?","?","M","?","M","R","T","?","E","R","M","M","R","BOSS"],"items_purchased_type":["Relic","Card"],"build_version":"2020-12-22","purchased_purges":1,"victory":true,"max_hp_per_floor":[70,65,65,65,65,65,65,65,65,65,65,65,65,65,65,65,65,65,65,65,65,65,65,65,65,65,65,65,65,75,75,75,75,75,75,75,71,71,71,71,71,71,71,71,71,71,71,71,71,71],"card_choices":[{"not_picked":["Concentrate","Quick Slash"],"picked":"Acrobatics","floor":1.0},{"not_picked":["Deflect","Sucker Punch"],"picked":"Cloak And Dagger","floor":5},{"not_picked":["Blur","Quick Slash"],"picked":"Backstab","floor":7},{"not_picked":["Finisher","Blade Dance"],"picked":"Bane","floor":10},{"not_picked":["Setup","Blade Dance"],"picked":"Catalyst","floor":11},{"not_picked":["Poisoned Stab","Envenom"],"picked":"Deadly Poison","floor":13},{"not_picked":["Acrobatics","Cloak And Dagger"],"picked":"Terror","floor":14},{"not_picked":["Storm of Steel","Grand Finale"],"picked":"Venomology","floor":16},{"not_picked":["Deflect","Prepared"],"picked":"Calculated Gamble","floor":18},{"not_picked":["Flying Knee","Outmaneuver"],"picked":"Dagger Spray","floor":22},{"not_picked":["Outmaneuver","Choke"],"picked":"All Out Attack+1","floor":24},{"not_picked":["Finisher","Deflect+1"],"picked":"Tactician+1","floor":28},{"not_picked":["Bullet Time","Dash"],"picked":"Predator","floor":30},{"not_picked":["Quick Slash+1","Flying Knee"],"picked":"Footwork","floor":31},{"not_picked":["Phantasmal Killer","Tools of the Trade"],"picked":"Malaise","floor":33},{"not_picked":[],"picked":"Well Laid Plans+1","floor":35},{"not_picked":["Finisher+1"],"picked":"SKIP","floor":36},{"not_picked":[],"picked":"Backflip","floor":39},{"not_picked":["Prepared+1"],"picked":"SKIP","floor":41},{"not_picked":[],"picked":"Flechettes+1","floor":42},{"not_picked":[],"picked":"Quick Slash+1","floor":45},{"not_picked":["Blade Dance"],"picked":"SKIP","floor":47},{"not_picked":["Flying Knee+1"],"picked":"SKIP","floor":48},{"not_picked":[],"picked":"Well Laid Plans","floor":49}],"player_experience":1013169,"relics_obtained":[{"floor":4.0,"key":"Lantern"},{"floor":7,"key":"Dream Catcher"},{"floor":9,"key":"White Beast Statue"},{"floor":26,"key":"Snake Skull"},{"floor":27,"key":"Pantograph"},{"floor":30,"key":"Pear"},{"floor":38,"key":"StoneCalendar"},{"floor":43,"key":"Mummified Hand"},{"floor":44,"key":"Ninja Scroll"},{"floor":45,"key":"Darkstone Periapt"}],"event_choices":[{"damage_healed":0.0,"max_hp_gain":0.0,"max_hp_loss":5.0,"gold_gain":0.0,"event_name":"Golden Idol","player_choice":"Lose Max HP","floor":2.0,"gold_loss":0.0,"damage_taken":0.0,"relics_obtained":["Golden Idol"]},{"cards_removed":["Strike_G"],"damage_healed":0.0,"max_hp_gain":0.0,"max_hp_loss":0.0,"gold_gain":0.0,"event_name":"Golden Wing","player_choice":"Card Removal","floor":3.0,"gold_loss":0.0,"damage_taken":7.0},{"damage_healed":42,"gold_gain":0,"player_choice":"Upgrade","damage_taken":13,"max_hp_gain":0,"max_hp_loss":65,"event_name":"betterThird:BetterShining","floor":12,"gold_loss":1,"cards_upgraded":["Defend_G","Catalyst"]},{"damage_healed":0,"gold_gain":0,"player_choice":"Ignored","damage_taken":0,"max_hp_gain":0,"max_hp_loss":0,"event_name":"Ghosts","floor":19,"gold_loss":0},{"damage_healed":0,"gold_gain":0,"player_choice":"Read","damage_taken":0,"max_hp_gain":0,"max_hp_loss":0,"event_name":"The Library","floor":21,"gold_loss":0,"cards_obtained":["Noxious Fumes"]},{"damage_healed":0,"gold_gain":0,"player_choice":"Max HP","damage_taken":0,"max_hp_gain":0,"max_hp_loss":4,"event_name":"Winding Halls","floor":37,"gold_loss":0},{"damage_healed":0,"gold_gain":0,"player_choice":"Fight","damage_taken":0,"max_hp_gain":0,"max_hp_loss":0,"event_name":"Mysterious Sphere","floor":38,"gold_loss":0},{"cards_removed":["Dagger Spray"],"damage_healed":0,"gold_gain":0,"player_choice":"Removed Attack","damage_taken":0,"max_hp_gain":0,"max_hp_loss":0,"event_name":"Falling","floor":40,"gold_loss":0}],"is_beta":false,"boss_relics":[{"not_picked":["SlaversCollar","Coffee Dripper"],"picked":"Ectoplasm"},{"not_picked":["Ring of the Serpent","Runic Dome"],"picked":"Busted Crown"}],"items_purged_floors":[20],"is_endless":false,"potions_floor_spawned":[1,5,11,14,16,18,22,24,28,30,31,33,35,36,38,39,41,45,47,48],"ascension_level":10}}