{"host":"4rvakrj1idbgia3f","time":1610633106,"event":{"mods":["BaseMod","Colored Map","Colored Powertips","DeckTracker","Highlight Path","Minty Spire (QoL Compilation)","Random Character Button","StSLib"],"gold_per_floor":[116,41,93,93,93,120,137,172,198,198,33,61,61,84,84,84,84],"floor_reached":16,"language":"JPN","playtime":340,"items_purged":[],"score":382,"play_id":"55e4ff76-e546-4d03-ac2e-86f13fb632b4","local_time":"20210114230506","is_ascension_mode":true,"campfire_choices":[{"data":"Bash","floor":10.0,"key":"SMITH"},{"data":"Barricade","floor":15,"key":"SMITH"}],"circlet_count":0,"master_deck":["AscendersBane","Strike_R","Strike_R","Strike_R","Strike_R","Defend_R","Defend_R+1","Defend_R+1","Defend_R","Bash+1","Combust","Demon Form","Anger","Twin Strike","Whirlwind","Feel No Pain","Barricade+1"],"relics":["Burning Blood","NeowsBlessing","War Paint","Mummified Hand","Turnip","Ancient Tea Set","Vajra","Potion Belt","Golden Idol"],"acts_visited":["Exordium"],"potions_floor_usage":[16,16],"damage_taken":[{"damage":0.0,"enemies":"2 Louse","floor":1.0,"turns":1.0},{"damage":0.0,"enemies":"3 Sentries","floor":6.0,"turns":2.0},{"damage":0.0,"enemies":"Jaw Worm","floor":7.0,"turns":1.0},{"damage":34.0,"enemies":"Gremlin Nob","floor":8.0,"turns":4.0},{"damage":36,"enemies":"Lagavulin","floor":12,"turns":6},{"damage":0,"enemies":"Cultist","floor":14,"turns":3}],"seed_played":"4177792356129075687","potions_obtained":[{"floor":7.0,"key":"SkillPotion"},{"floor":12,"key":"DistilledChaos"},{"floor":14,"key":"SpeedPotion"}],"is_trial":false,"path_per_floor":["M","?","T","?","?","E","M","E","T","R","$","E","?","M","R","B"],"character_chosen":"IRONCLAD","items_purchased":["Whirlwind","Feel No Pain"],"campfire_rested":0,"item_purchase_floors":[11,11],"current_hp_per_floor":[74,74,74,74,69,75,75,47,47,47,47,17,17,23,23,0,0],"gold":84,"neow_bonus":"THREE_ENEMY_KILL","is_daily":false,"chose_seed":false,"campfire_upgraded":2,"win_rate":0.0,"timestamp":1610633106,"path_taken":["M","?","?","?","?","E","?","E","T","R","$","E","?","M","R","BOSS"],"items_purchased_type":["Card","Card"],"build_version":"2020-12-22","purchased_purges":0,"victory":false,"max_hp_per_floor":[75,75,75,75,75,75,75,75,75,75,75,75,68,68,68,68,68],"card_choices":[{"not_picked":["Flex","Rage"],"picked":"Combust","floor":1.0},{"not_picked":["Body Slam","Sever Soul"],"picked":"Demon Form","floor":6.0},{"not_picked":["Shrug It Off","Second Wind"],"picked":"Anger","floor":7.0},{"not_picked":["Combust","Havoc"],"picked":"Twin Strike","floor":8.0},{"not_picked":["Flame Barrier","Anger"],"picked":"Barricade","floor":12},{"not_picked":["Clothesline","Pommel Strike","Armaments"],"picked":"SKIP","floor":14}],"player_experience":2030207,"relics_obtained":[{"floor":3.0,"key":"War Paint"},{"floor":6.0,"key":"Turnip"},{"floor":8.0,"key":"Ancient Tea Set"},{"floor":9.0,"key":"Vajra"},{"floor":12,"key":"Potion Belt"}],"event_choices":[{"cards_removed":["Strike_R"],"damage_healed":0.0,"max_hp_gain":0.0,"max_hp_loss":0.0,"gold_gain":0.0,"event_name":"The Cleric","player_choice":"Card Removal","floor":2.0,"gold_loss":75.0,"damage_taken":0.0},{"damage_healed":0.0,"max_hp_gain":0.0,"max_hp_loss":0.0,"gold_gain":0.0,"event_name":"Liars Game","player_choice":"Ignored","floor":4.0,"gold_loss":0.0,"damage_taken":0.0},{"damage_healed":0.0,"max_hp_gain":0.0,"max_hp_loss":0.0,"gold_gain":0.0,"event_name":"Scrap Ooze","player_choice":"Success","floor":5.0,"gold_loss":0.0,"damage_taken":5.0,"relics_obtained":["Mummified Hand"]},{"damage_healed":0,"gold_gain":0,"player_choice":"Lose Max HP","damage_taken":0,"relics_obtained":["Golden Idol"],"max_hp_gain":0,"max_hp_loss":7,"event_name":"Golden Idol","floor":13,"gold_loss":0}],"is_beta":false,"boss_relics":[],"items_purged_floors":[],"is_endless":false,"potions_floor_spawned":[7,12,14],"killed_by":"The Guardian","ascension_level":20}}