{"host":"q6ff4ns2kep02ti6","time":1610664398,"event":{"mods":["AchievementEnabler","BaseMod","Minty Spire (QoL Compilation)","Relic Stats","StSLib","Unceasing Turn Reminder"],"gold_per_floor":[219,35,50,65,65,65,94,12,12,12,25,59,59,74,74,175,175,188,207,306,88,104,104,14,40,40,40,40],"floor_reached":27,"language":"ENG","playtime":2535,"items_purged":["Strike_B"],"score":350,"play_id":"be7eb143-84af-4d5e-9890-4d1f783053fd","local_time":"20210114234638","is_ascension_mode":true,"campfire_choices":[{"data":"Defragment","floor":6,"key":"SMITH"},{"data":"Aggregate","floor":10,"key":"SMITH"},{"data":"Genetic Algorithm","floor":13,"key":"SMITH"},{"floor":15,"key":"DIG"}],"circlet_count":0,"master_deck":["Strike_B","Strike_B+1","Defend_B","Defend_B","Defend_B","Defend_B","Zap","Dualcast","Glacier","Defragment+1","Doom and Gloom","Barrage","Aggregate+1","Capacitor","Coolheaded","Genetic Algorithm+1","Multi-Cast","Consume","Loop"],"relics":["Cracked Core","Matryoshka","PreservedInsect","Singing Bowl","Shovel","Question Card","Velvet Choker","MealTicket","Mummified Hand","Letter Opener","Bottled Lightning"],"acts_visited":["Exordium","TheCity"],"potions_floor_usage":[7,16,16,22],"damage_taken":[{"damage":0,"enemies":"2 Louse","floor":1,"turns":3},{"damage":0,"enemies":"Cultist","floor":3,"turns":4},{"damage":2,"enemies":"Jaw Worm","floor":4,"turns":4},{"damage":18,"enemies":"Gremlin Nob","floor":7,"turns":4},{"damage":11,"enemies":"Large Slime","floor":11,"turns":6},{"damage":8,"enemies":"3 Sentries","floor":12,"turns":6},{"damage":2,"enemies":"Red Slaver","floor":14,"turns":4},{"damage":28,"enemies":"Slime Boss","floor":16,"turns":10},{"damage":3,"enemies":"Chosen","floor":18,"turns":5},{"damage":10,"enemies":"2 Thieves","floor":19,"turns":3},{"damage":19,"enemies":"Snake Plant","floor":22,"turns":6},{"damage":15,"enemies":"Gremlin Leader","floor":25,"turns":5},{"damage":13,"enemies":"Snecko","floor":27,"turns":2}],"seed_played":"2912740505305146110","potions_obtained":[{"floor":1,"key":"LiquidMemories"},{"floor":4,"key":"Fire Potion"},{"floor":7,"key":"Energy Potion"},{"floor":18,"key":"DistilledChaos"}],"is_trial":false,"path_per_floor":["M","$","M","M","?","R","E","$","T","R","M","E","R","M","R","B",null,"M","M","?","$","M","?","?","E","T","M"],"character_chosen":"DEFECT","items_purchased":["Defragment","Doom and Gloom","Capacitor","Coolheaded","Loop","MealTicket"],"campfire_rested":0,"item_purchase_floors":[2,2,8,8,21,21],"current_hp_per_floor":[68,68,68,66,66,66,48,48,48,48,37,31,31,31,31,3,60,57,49,49,49,32,16,16,3,3,0,0],"gold":40,"neow_bonus":"HUNDRED_GOLD","is_daily":false,"chose_seed":false,"campfire_upgraded":3,"win_rate":0.0,"timestamp":1610664398,"path_taken":["M","$","M","M","?","R","E","?","T","R","M","E","R","M","R","BOSS","M","M","?","$","M","?","?","E","T","M"],"items_purchased_type":["Card","Card","Card","Card","Card","Relic"],"build_version":"2020-12-22","purchased_purges":1,"victory":false,"max_hp_per_floor":[75,75,75,75,75,75,75,75,75,75,75,77,77,79,79,79,79,79,81,81,81,83,88,88,90,90,90,90],"relic_stats":{"Shovel":1,"Singing Bowl":10,"counters":[13,62],"Mummified Hand":[4],"MealTicket":0,"PreservedInsect":77,"Letter Opener":[5],"Question Card":5,"obtain_stats":[{"Matryoshka":7,"Shovel":12,"Singing Bowl":9,"Mummified Hand":25,"Velvet Choker":17,"MealTicket":21,"PreservedInsect":9,"Letter Opener":26,"Bottled Lightning":26,"Cracked Core":0,"Question Card":15},{"Matryoshka":4,"Shovel":6,"Singing Bowl":4,"Mummified Hand":12,"Velvet Choker":8,"MealTicket":10,"PreservedInsect":4,"Letter Opener":12,"Bottled Lightning":12,"Cracked Core":0,"Question Card":7},{"Matryoshka":15,"Shovel":27,"Singing Bowl":15,"Mummified Hand":60,"Velvet Choker":41,"MealTicket":49,"PreservedInsect":15,"Letter Opener":60,"Bottled Lightning":60,"Cracked Core":0,"Question Card":31}]},"card_choices":[{"not_picked":["Darkness","Storm"],"picked":"Glacier","floor":1},{"not_picked":["Streamline","Glacier"],"picked":"Barrage","floor":3},{"not_picked":["Hello World","Leap","Sweeping Beam"],"picked":"SKIP","floor":4},{"not_picked":["Thunder Strike","Cold Snap"],"picked":"Aggregate","floor":7},{"not_picked":["Rip and Tear","Hologram"],"picked":"Genetic Algorithm","floor":11},{"not_picked":["Gash","Chill","Compile Driver"],"picked":"Singing Bowl","floor":12},{"not_picked":["Static Discharge","Heatsinks","Auto Shields"],"picked":"Singing Bowl","floor":14},{"not_picked":["Buffer","Reboot","Core Surge"],"picked":"Multi-Cast","floor":16},{"not_picked":["Stack","Turbo+1","Auto Shields+1"],"picked":"Consume","floor":18},{"not_picked":["Ball Lightning","Hologram","Cold Snap","Streamline"],"picked":"Singing Bowl","floor":19},{"not_picked":["Scrape+1","Hologram+1","Recycle","Gash"],"picked":"Singing Bowl","floor":22},{"not_picked":["Leap","Barrage","Hello World","Doom and Gloom"],"picked":"Singing Bowl","floor":25}],"player_experience":940392,"relics_obtained":[{"floor":7,"key":"Matryoshka"},{"floor":9,"key":"PreservedInsect"},{"floor":9,"key":"Singing Bowl"},{"floor":12,"key":"Shovel"},{"floor":15,"key":"Question Card"},{"floor":25,"key":"Mummified Hand"},{"floor":26,"key":"Letter Opener"},{"floor":26,"key":"Bottled Lightning"}],"event_choices":[{"damage_healed":0,"gold_gain":0,"player_choice":"0 cards matched","damage_taken":0,"max_hp_gain":0,"max_hp_loss":0,"event_name":"Match and Keep!","floor":5,"gold_loss":0,"cards_obtained":[]},{"damage_healed":0,"gold_gain":99,"player_choice":"Stole From Cult","damage_taken":0,"max_hp_gain":0,"max_hp_loss":0,"event_name":"Nest","floor":20,"gold_loss":0},{"damage_healed":0,"gold_gain":0,"player_choice":"Shed Blood","damage_taken":21,"max_hp_gain":5,"max_hp_loss":0,"event_name":"Forgotten Altar","floor":23,"gold_loss":0},{"cards_removed":["Strike_B"],"damage_healed":0,"gold_gain":0,"player_choice":"Upgrade and Remove","damage_taken":0,"max_hp_gain":0,"max_hp_loss":0,"event_name":"Designer","floor":24,"gold_loss":90,"cards_upgraded":["Strike_B"]}],"is_beta":false,"boss_relics":[{"not_picked":["Cursed Key","Pandora\u0027s Box"],"picked":"Velvet Choker"}],"items_purged_floors":[2],"is_endless":false,"potions_floor_spawned":[1,4,7,18],"killed_by":"Snecko","ascension_level":7}}