{"host":"y3h3n3f7seyagppx","time":1610598304,"event":{"mods":["AlwaysNeverKeys","BaseMod","Better Vampires","Colored Powertips","DeckTracker","Emptier Cage","Minty Spire (QoL Compilation)","Permanent Neow","Quick Restart","Rare Cards Sparkle","Relic Sorter","Relic Stats","StSLib","Transform Curses"],"gold_per_floor":[113,124,124,124,69,69,100,100,100,100,118,152,165,189,189,282,282,303,317,336,336,357,357,401,422,446,485,485,485,524,542,542,633,633,657,670,683,703,467,467,505,536,561,596,620,643,380,404,404,404,404,404,404,14,48,48],"floor_reached":57,"language":"ENG","playtime":7837,"items_purged":["Deadly Poison+1","Survivor+1","Backstab"],"score":3222,"play_id":"ce3e03f8-5bd8-47b6-8e41-71471fdd23c0","local_time":"20210113232504","is_ascension_mode":true,"campfire_choices":[{"data":"Predator","floor":6.0,"key":"SMITH"},{"data":"Neutralize","floor":8.0,"key":"SMITH"},{"data":"Deadly Poison","floor":15.0,"key":"SMITH"},{"data":"Wraith Form v2","floor":23.0,"key":"SMITH"},{"data":"Leg Sweep","floor":28.0,"key":"SMITH"},{"data":"Heel Hook","floor":32.0,"key":"SMITH"},{"data":"Escape Plan","floor":40.0,"key":"SMITH"},{"floor":49.0,"key":"DIG"},{"data":"Acrobatics","floor":53,"key":"SMITH"}],"circlet_count":0,"master_deck":["AscendersBane","Neutralize+1","Leg Sweep+1","Heel Hook+1","After Image","Wraith Form v2+1","Escape Plan+1","Heel Hook+1","Grand Finale+1","Acrobatics+1","Blur+1"],"relics":["Ring of the Serpent","Mango","Orichalcum","PreservedInsect","Strawberry","Golden Idol","Anchor","Pandora\u0027s Box","Centennial Puzzle","Bronze Scales","Molten Egg 2","Ginger","Akabeko","Shovel","Pen Nib","Regal Pillow","ClockworkSouvenir","Blood Vial","Kunai","Oddly Smooth Stone"],"acts_visited":["Exordium","TheCity","TheBeyond","TheEnding"],"potions_floor_usage":[56,56],"damage_taken":[{"damage":0.0,"enemies":"Cultist","floor":1.0,"turns":5.0},{"damage":2.0,"enemies":"Jaw Worm","floor":2.0,"turns":7.0},{"damage":8.0,"enemies":"3 Sentries","floor":7.0,"turns":7.0},{"damage":0.0,"enemies":"Small Slimes","floor":11.0,"turns":3.0},{"damage":0.0,"enemies":"Gremlin Nob","floor":12.0,"turns":3.0},{"damage":0.0,"enemies":"3 Louse","floor":13.0,"turns":4.0},{"damage":3.0,"enemies":"Lots of Slimes","floor":14.0,"turns":4.0},{"damage":29.0,"enemies":"Hexaghost","floor":16.0,"turns":10.0},{"damage":2.0,"enemies":"3 Byrds","floor":18.0,"turns":5.0},{"damage":3.0,"enemies":"Shell Parasite","floor":19.0,"turns":5.0},{"damage":0.0,"enemies":"Centurion and Healer","floor":20.0,"turns":5.0},{"damage":9.0,"enemies":"Chosen and Byrds","floor":22.0,"turns":7.0},{"damage":0.0,"enemies":"Gremlin Leader","floor":24.0,"turns":4.0},{"damage":0.0,"enemies":"Snake Plant","floor":25.0,"turns":4.0},{"damage":8.0,"enemies":"Slavers","floor":27.0,"turns":6.0},{"damage":0.0,"enemies":"Gremlin Leader","floor":30.0,"turns":5.0},{"damage":4.0,"enemies":"Cultist and Chosen","floor":31.0,"turns":6.0},{"damage":0.0,"enemies":"Collector","floor":33.0,"turns":3.0},{"damage":0.0,"enemies":"Orb Walker","floor":35.0,"turns":4.0},{"damage":0.0,"enemies":"3 Darklings","floor":36.0,"turns":3.0},{"damage":0.0,"enemies":"4 Shapes","floor":37.0,"turns":6.0},{"damage":0.0,"enemies":"Writhing Mass","floor":38.0,"turns":4.0},{"damage":12.0,"enemies":"Reptomancer","floor":41.0,"turns":3.0},{"damage":0.0,"enemies":"Mind Bloom Boss Battle","floor":42.0,"turns":5.0},{"damage":0.0,"enemies":"Nemesis","floor":44.0,"turns":3.0},{"damage":0.0,"enemies":"3 Darklings","floor":45.0,"turns":2.0},{"damage":0.0,"enemies":"Maw","floor":46.0,"turns":4.0},{"damage":0.0,"enemies":"Jaw Worm Horde","floor":48.0,"turns":3.0},{"damage":2.0,"enemies":"Donu and Deca","floor":50.0,"turns":9.0},{"damage":16.0,"enemies":"Time Eater","floor":51.0,"turns":6.0},{"damage":0,"enemies":"Shield and Spear","floor":55,"turns":3},{"damage":0,"enemies":"The Heart","floor":56,"turns":7}],"seed_played":"3309283697610917339","potions_obtained":[{"floor":1.0,"key":"Energy Potion"},{"floor":7.0,"key":"Fire Potion"},{"floor":11.0,"key":"ColorlessPotion"},{"floor":13.0,"key":"DuplicationPotion"},{"floor":27.0,"key":"Energy Potion"},{"floor":41.0,"key":"DuplicationPotion"}],"is_trial":false,"path_per_floor":["M","M","?","?","$","R","E","R","T","?","M","E","M","M","R","B",null,"M","M","M","?","M","R","E","M","T","E","R","?","E","M","R","B",null,"M","M","M","M","$","R","E","?","T","E","M","M","$","M","R","B","B",null,"R","$","E","B",null],"character_chosen":"THE_SILENT","items_purchased":["Fire Potion","Grand Finale+1","ClockworkSouvenir","Kunai"],"campfire_rested":0,"item_purchase_floors":[5,39,47,54],"current_hp_per_floor":[73,71,71,45,45,45,37,37,44,44,44,44,44,41,41,12,58,56,53,53,53,44,44,44,44,44,36,36,36,36,32,32,32,63,63,63,63,63,63,63,51,51,51,51,51,51,51,51,51,51,37,64,64,64,66,68],"gold":48,"neow_bonus":"ONE_RARE_RELIC","is_daily":false,"chose_seed":false,"campfire_upgraded":8,"win_rate":0.0,"timestamp":1610598304,"path_taken":["M","M","?","?","$","R","E","R","T","?","M","E","M","M","R","BOSS","M","M","M","?","M","R","E","M","T","E","R","?","E","?","R","BOSS","M","M","?","M","$","R","E","?","T","E","M","M","$","M","R","BOSS","BOSS","R","$","E","BOSS"],"items_purchased_type":["Potion","Card","Relic","Relic"],"build_version":"2020-12-22","purchased_purges":3,"victory":true,"max_hp_per_floor":[74,74,74,74,74,74,74,74,81,73,73,73,73,73,73,73,73,73,73,73,73,73,73,73,73,73,73,73,73,73,73,73,73,73,73,73,73,73,73,73,73,73,73,73,73,73,73,73,73,73,73,73,73,73,73,73],"relic_stats":{"Regal Pillow":0,"counters":[32,155],"Golden Idol":220,"PreservedInsect":348,"Pen Nib":[11],"Ginger":[15],"Orichalcum":[84],"Blood Vial":8,"Centennial Puzzle":[15],"Shovel":1,"Bronze Scales":[341],"Pandora\u0027s Box":["Skewer","Deflect","After Image","Backstab","Glass Knife","Storm of Steel","Grand Finale","A Thousand Cuts","Dodge and Roll","Accuracy"],"Kunai":[8],"obtain_stats":[{"Regal Pillow":44,"Golden Idol":10,"Oddly Smooth Stone":55,"Mango":0,"PreservedInsect":7,"Pen Nib":43,"Ginger":30,"Orichalcum":4,"Akabeko":41,"ClockworkSouvenir":47,"Blood Vial":49,"Anchor":12,"Centennial Puzzle":24,"Shovel":42,"Strawberry":9,"Bronze Scales":26,"Pandora\u0027s Box":17,"Molten Egg 2":27,"Kunai":54,"Ring of the Serpent":34,"Ring of the Snake":0},{"Regal Pillow":25,"Golden Idol":3,"Oddly Smooth Stone":31,"Mango":0,"PreservedInsect":3,"Pen Nib":24,"Ginger":16,"Orichalcum":2,"Akabeko":23,"ClockworkSouvenir":27,"Blood Vial":28,"Anchor":5,"Centennial Puzzle":13,"Shovel":24,"Strawberry":3,"Bronze Scales":14,"Pandora\u0027s Box":8,"Molten Egg 2":15,"Kunai":30,"Ring of the Serpent":18,"Ring of the Snake":0},{"Regal Pillow":121,"Golden Idol":19,"Oddly Smooth Stone":148,"Mango":0,"PreservedInsect":19,"Pen Nib":118,"Ginger":84,"Orichalcum":12,"Akabeko":113,"ClockworkSouvenir":127,"Blood Vial":130,"Anchor":25,"Centennial Puzzle":69,"Shovel":118,"Strawberry":19,"Bronze Scales":73,"Pandora\u0027s Box":43,"Molten Egg 2":79,"Kunai":145,"Ring of the Serpent":93,"Ring of the Snake":0}]},"card_choices":[{"not_picked":["Flying Knee","Blade Dance"],"picked":"Backstab","floor":1.0},{"not_picked":["Deflect","Eviscerate"],"picked":"Predator","floor":2.0},{"not_picked":["Bane","Outmaneuver","Riddle With Holes"],"picked":"SKIP","floor":7.0},{"not_picked":["Dagger Spray","Quick Slash"],"picked":"Leg Sweep","floor":11.0},{"not_picked":["Underhanded Strike","Endless Agony"],"picked":"Deadly Poison","floor":12.0},{"not_picked":["Blade Dance","PiercingWail"],"picked":"Heel Hook","floor":13.0},{"not_picked":["Backflip","Poisoned Stab"],"picked":"After Image","floor":14.0},{"not_picked":["Malaise","Envenom"],"picked":"Wraith Form v2","floor":16.0},{"not_picked":["Slice","Dodge and Roll","Footwork"],"picked":"SKIP","floor":18.0},{"not_picked":["Blade Dance","Well Laid Plans","All Out Attack"],"picked":"SKIP","floor":19.0},{"not_picked":["Cloak And Dagger","Well Laid Plans"],"picked":"Escape Plan","floor":20.0},{"not_picked":["PiercingWail","Blur","Sucker Punch"],"picked":"SKIP","floor":22.0},{"not_picked":["Expertise","Unload","Flying Knee"],"picked":"SKIP","floor":24.0},{"not_picked":["Well Laid Plans","Slice","Backstab"],"picked":"SKIP","floor":25.0},{"not_picked":["Finisher+1","Eviscerate+1","Bane+1"],"picked":"SKIP","floor":27.0},{"not_picked":["Crippling Poison","Distraction+1"],"picked":"Heel Hook+1","floor":30.0},{"not_picked":["Backflip","Blade Dance","Cloak And Dagger"],"picked":"SKIP","floor":31.0},{"not_picked":["PiercingWail+1","Prepared+1","Poisoned Stab+1"],"picked":"SKIP","floor":35.0},{"not_picked":["Flechettes+1","Leg Sweep","Dodge and Roll+1"],"picked":"SKIP","floor":36.0},{"not_picked":["Cloak And Dagger","Concentrate+1","Setup"],"picked":"SKIP","floor":37.0},{"not_picked":["Cloak And Dagger","Concentrate+1","Setup"],"picked":"SKIP","floor":37.0},{"not_picked":["Prepared+1","Dodge and Roll","Blade Dance"],"picked":"SKIP","floor":38.0},{"not_picked":["All Out Attack+1","Noxious Fumes+1","Concentrate"],"picked":"SKIP","floor":41.0},{"not_picked":["Cloak And Dagger+1","Outmaneuver"],"picked":"Acrobatics","floor":42.0},{"not_picked":["Deadly Poison","Underhanded Strike+1","Night Terror"],"picked":"SKIP","floor":44.0},{"not_picked":["Prepared","PiercingWail"],"picked":"Blur+1","floor":45.0},{"not_picked":["PiercingWail+1","All Out Attack+1","Dagger Spray+1"],"picked":"SKIP","floor":46.0},{"not_picked":["Dagger Spray+1","Blade Dance","Caltrops+1"],"picked":"SKIP","floor":48.0},{"not_picked":["All Out Attack+1","Die Die Die+1","Cloak And Dagger"],"picked":"SKIP","floor":55}],"player_experience":20864028,"relics_obtained":[{"floor":7.0,"key":"PreservedInsect"},{"floor":9.0,"key":"Strawberry"},{"floor":12.0,"key":"Anchor"},{"floor":24.0,"key":"Centennial Puzzle"},{"floor":26.0,"key":"Bronze Scales"},{"floor":27.0,"key":"Molten Egg 2"},{"floor":30.0,"key":"Ginger"},{"floor":41.0,"key":"Akabeko"},{"floor":42.0,"key":"Shovel"},{"floor":43.0,"key":"Pen Nib"},{"floor":44.0,"key":"Regal Pillow"},{"floor":49.0,"key":"Blood Vial"},{"floor":55,"key":"Oddly Smooth Stone"}],"event_choices":[{"damage_healed":0.0,"max_hp_gain":0.0,"max_hp_loss":0.0,"gold_gain":0.0,"event_name":"The Cleric","player_choice":"Leave","floor":3.0,"gold_loss":0.0,"damage_taken":0.0},{"damage_healed":0.0,"max_hp_gain":0.0,"max_hp_loss":0.0,"gold_gain":0.0,"event_name":"Scrap Ooze","player_choice":"Success","floor":4.0,"gold_loss":0.0,"damage_taken":26.0,"relics_obtained":["Orichalcum"]},{"damage_healed":0.0,"max_hp_gain":0.0,"max_hp_loss":8.0,"gold_gain":0.0,"event_name":"Golden Idol","player_choice":"Lose Max HP","floor":10.0,"gold_loss":0.0,"damage_taken":0.0,"relics_obtained":["Golden Idol"]},{"cards_removed":["Predator"],"damage_healed":0.0,"max_hp_gain":0.0,"max_hp_loss":0.0,"gold_gain":0.0,"event_name":"Back to Basics","player_choice":"Elegance","floor":21.0,"gold_loss":0.0,"damage_taken":0.0},{"damage_healed":0.0,"max_hp_gain":0.0,"max_hp_loss":0.0,"gold_gain":0.0,"event_name":"Upgrade Shrine","player_choice":"Upgraded","floor":29.0,"gold_loss":0.0,"damage_taken":0.0,"cards_upgraded":["Survivor"]},{"damage_healed":0.0,"max_hp_gain":0.0,"max_hp_loss":0.0,"gold_gain":0.0,"event_name":"MindBloom","player_choice":"Fight","floor":42.0,"gold_loss":0.0,"damage_taken":0.0}],"is_beta":false,"boss_relics":[{"not_picked":["Black Star","Velvet Choker"],"picked":"Pandora\u0027s Box"},{"not_picked":["Tiny House","Astrolabe"],"picked":"Ring of the Serpent"}],"items_purged_floors":[39,47,54],"is_endless":false,"potions_floor_spawned":[1,7,11,13,18,20,25,27,33,36,37,41,46,48],"ascension_level":20}}