{"host":"6bsan6hkua32tfq7","time":1610600074,"event":{"mods":["BaseMod","Better Third Choice","Colored Map","Highlight Path","Minty Spire (QoL Compilation)","StSLib"],"gold_per_floor":[109,109,34,47,47,47,58,58,83,112,112,143,155,186,186,261,261,274,291,291,303,193,193,227,227,227,239,239,253,279,295,295,367,367,385,385,402,419,81,81,93,122,149,149,49,62,62,95,95,95,95],"floor_reached":50,"language":"ENG","playtime":1450,"items_purged":["Defend_P","Strike_P","Strike_P"],"score":1170,"play_id":"7576d7c6-eb5f-411a-aa19-c0803f5fa3cb","local_time":"20210114055434","is_ascension_mode":true,"campfire_choices":[{"data":"Eruption","floor":6,"key":"SMITH"},{"data":"FlurryOfBlows","floor":8,"key":"SMITH"},{"data":"Adaptation","floor":15,"key":"SMITH"},{"floor":23,"key":"REST"},{"data":"Tantrum","floor":25,"key":"SMITH"},{"floor":28,"key":"REST"},{"data":"TalkToTheHand","floor":32,"key":"SMITH"},{"floor":40,"key":"REST"},{"data":"Meditate","floor":44,"key":"SMITH"},{"floor":49,"key":"RECALL"}],"circlet_count":0,"master_deck":["AscendersBane","Strike_P","Strike_P+1","Defend_P","Eruption+1","Vigilance","CurseOfTheBell","FlurryOfBlows+1","EmptyFist","FollowUp","CrushJoints","Adaptation+1","DeusExMachina","Consecrate","Consecrate","Conclude+1","Tantrum+1","TalkToTheHand+1","DeusExMachina","Master of Strategy","FlurryOfBlows","Meditate+1"],"relics":["Calling Bell","Blood Vial","Shuriken","CloakClasp","Regal Pillow","The Courier","Boot","InkBottle","Runic Pyramid","Omamori","Eternal Feather","Art of War","Black Star","Medical Kit","Centennial Puzzle","Dream Catcher","Mummified Hand","Kunai","Bag of Preparation"],"acts_visited":["Exordium","TheCity","TheBeyond"],"potions_floor_usage":[10,14,16,27,31,33,38,46,50],"damage_taken":[{"damage":13,"enemies":"Jaw Worm","floor":1,"turns":6},{"damage":18,"enemies":"Small Slimes","floor":4,"turns":6},{"damage":0,"enemies":"Cultist","floor":7,"turns":3},{"damage":38,"enemies":"Lagavulin","floor":10,"turns":4},{"damage":8,"enemies":"3 Sentries","floor":12,"turns":4},{"damage":12,"enemies":"Blue Slaver","floor":13,"turns":3},{"damage":0,"enemies":"Lagavulin","floor":14,"turns":3},{"damage":16,"enemies":"Hexaghost","floor":16,"turns":9},{"damage":14,"enemies":"2 Thieves","floor":18,"turns":2},{"damage":9,"enemies":"3 Byrds","floor":19,"turns":5},{"damage":11,"enemies":"3 Cultists","floor":21,"turns":4},{"damage":15,"enemies":"Gremlin Leader","floor":24,"turns":5},{"damage":17,"enemies":"Centurion and Healer","floor":27,"turns":5},{"damage":0,"enemies":"Cultist and Chosen","floor":29,"turns":2},{"damage":3,"enemies":"Book of Stabbing","floor":30,"turns":2},{"damage":17,"enemies":"Shelled Parasite and Fungi","floor":31,"turns":2},{"damage":61,"enemies":"Automaton","floor":33,"turns":5},{"damage":0,"enemies":"3 Darklings","floor":35,"turns":2},{"damage":0,"enemies":"3 Shapes","floor":37,"turns":3},{"damage":55,"enemies":"Spire Growth","floor":38,"turns":3},{"damage":8,"enemies":"Transient","floor":41,"turns":6},{"damage":6,"enemies":"Reptomancer","floor":42,"turns":4},{"damage":30,"enemies":"Jaw Worm Horde","floor":46,"turns":3},{"damage":9,"enemies":"Giant Head","floor":48,"turns":3},{"damage":42,"enemies":"Time Eater","floor":50,"turns":6}],"seed_played":"-2749605747388772375","potions_obtained":[{"floor":4,"key":"Strength Potion"},{"floor":7,"key":"SpeedPotion"},{"floor":13,"key":"DistilledChaos"},{"floor":14,"key":"Dexterity Potion"},{"floor":16,"key":"EssenceOfSteel"},{"floor":18,"key":"BottledMiracle"},{"floor":27,"key":"DistilledChaos"},{"floor":31,"key":"Dexterity Potion"},{"floor":38,"key":"Ancient Potion"},{"floor":41,"key":"Weak Potion"},{"floor":48,"key":"Fruit Juice"}],"is_trial":false,"path_per_floor":["M","?","$","M","?","R","M","R","T","E","?","E","M","E","R","B",null,"M","M","?","M","?","R","E","R","T","M","R","M","E","M","R","B",null,"M","?","M","M","$","R","M","E","T","R","$","M","$","E","R","B"],"character_chosen":"WATCHER","items_purchased":["Medical Kit","Centennial Puzzle"],"campfire_rested":3,"item_purchase_floors":[39,39],"current_hp_per_floor":[50,50,50,34,68,68,68,68,68,30,30,24,14,16,16,2,52,40,33,47,38,38,68,53,53,53,38,68,68,65,50,62,3,52,54,54,56,3,3,50,44,40,40,52,52,24,24,17,29,0,0],"gold":95,"neow_bonus":"BOSS_RELIC","is_daily":false,"chose_seed":false,"campfire_upgraded":6,"win_rate":0.0,"timestamp":1610600074,"path_taken":["M","?","$","M","?","R","?","R","T","E","?","E","M","E","R","BOSS","M","M","?","M","?","R","E","R","T","M","R","M","E","M","R","BOSS","M","?","M","M","?","R","M","E","T","R","$","?","$","E","R","BOSS"],"items_purchased_type":["Relic","Relic"],"build_version":"2020-12-22","purchased_purges":3,"victory":false,"max_hp_per_floor":[68,68,68,68,68,68,68,68,68,68,68,68,68,68,68,68,68,68,68,68,68,68,68,68,68,68,68,68,68,68,68,68,68,68,68,68,68,68,68,68,68,68,68,68,68,68,68,68,68,73,73],"card_choices":[{"not_picked":["EmptyBody","Worship"],"picked":"FlurryOfBlows","floor":1},{"not_picked":["FearNoEvil","Weave"],"picked":"Wallop","floor":4},{"not_picked":["Worship","Prostrate","EmptyBody"],"picked":"SKIP","floor":7},{"not_picked":["Crescendo","ThirdEye"],"picked":"EmptyFist","floor":10},{"not_picked":["SandsOfTime","Collect"],"picked":"FollowUp","floor":12},{"not_picked":["SandsOfTime","EmptyFist"],"picked":"CrushJoints","floor":13},{"not_picked":["Alpha","FlyingSleeves"],"picked":"Adaptation","floor":14},{"not_picked":["Wish","Establishment"],"picked":"DeusExMachina","floor":16},{"not_picked":["WindmillStrike","Evaluate"],"picked":"Consecrate","floor":18},{"not_picked":["JustLucky","BowlingBash"],"picked":"Consecrate","floor":19},{"not_picked":["SashWhip","Crescendo"],"picked":"Conclude+1","floor":21},{"not_picked":["Prostrate","EmptyFist"],"picked":"Tantrum","floor":24},{"not_picked":["Establishment","CarveReality","WindmillStrike"],"picked":"SKIP","floor":27},{"not_picked":["SashWhip","Halt+1"],"picked":"TalkToTheHand","floor":29},{"not_picked":["SignatureMove","SashWhip+1","JustLucky"],"picked":"SKIP","floor":30},{"not_picked":["InnerPeace","Adaptation","Indignation"],"picked":"SKIP","floor":31},{"not_picked":["Scrawl","Devotion"],"picked":"DeusExMachina","floor":33},{"not_picked":["Vengeance","CrushJoints","CutThroughFate"],"picked":"SKIP","floor":35},{"not_picked":["Sadistic Nature","Jack Of All Trades"],"picked":"Master of Strategy","floor":36},{"not_picked":["WheelKick","FlurryOfBlows","Conclude"],"picked":"SKIP","floor":37},{"not_picked":["WheelKick","Conclude"],"picked":"FlurryOfBlows","floor":37},{"not_picked":["Conclude","CarveReality","SashWhip"],"picked":"SKIP","floor":38},{"not_picked":["ClearTheMind","Tantrum"],"picked":"Meditate","floor":41},{"not_picked":["SashWhip+1","Wireheading","Protect+1"],"picked":"SKIP","floor":42},{"not_picked":["CrushJoints","SashWhip+1","SignatureMove"],"picked":"SKIP","floor":46},{"not_picked":["MasterReality","BowlingBash","SandsOfTime"],"picked":"SKIP","floor":48}],"player_experience":5277288,"relics_obtained":[{"floor":0,"key":"Blood Vial"},{"floor":0,"key":"Shuriken"},{"floor":0,"key":"CloakClasp"},{"floor":9,"key":"Regal Pillow"},{"floor":10,"key":"The Courier"},{"floor":12,"key":"Boot"},{"floor":14,"key":"InkBottle"},{"floor":24,"key":"Omamori"},{"floor":26,"key":"Eternal Feather"},{"floor":30,"key":"Art of War"},{"floor":42,"key":"Dream Catcher"},{"floor":42,"key":"Mummified Hand"},{"floor":48,"key":"Kunai"},{"floor":48,"key":"Bag of Preparation"}],"event_choices":[{"damage_healed":0,"gold_gain":0,"player_choice":"Ignored","damage_taken":109,"max_hp_gain":0,"max_hp_loss":0,"event_name":"betterThird:BetterSerpent","floor":2,"gold_loss":0},{"cards_removed":["Wallop"],"damage_healed":34,"gold_gain":0,"player_choice":"Offered Uncommon","damage_taken":0,"max_hp_gain":0,"max_hp_loss":0,"event_name":"Bonfire Elementals","floor":5,"gold_loss":0},{"cards_removed":["Defend_P"],"damage_healed":0,"gold_gain":0,"player_choice":"Forget","damage_taken":0,"max_hp_gain":0,"max_hp_loss":0,"event_name":"Living Wall","floor":11,"gold_loss":0},{"damage_healed":14,"gold_gain":0,"player_choice":"Heal","damage_taken":0,"max_hp_gain":0,"max_hp_loss":0,"event_name":"The Library","floor":20,"gold_loss":0},{"cards_removed":["Defend_P"],"damage_healed":0,"gold_gain":0,"player_choice":"Upgrade and Remove","damage_taken":0,"max_hp_gain":0,"max_hp_loss":0,"event_name":"Designer","floor":22,"gold_loss":110,"cards_upgraded":["Strike_P"]},{"damage_healed":0,"gold_gain":0,"player_choice":"Random: Blue","damage_taken":0,"max_hp_gain":0,"max_hp_loss":0,"event_name":"betterThird:BetterPortal","floor":36,"gold_loss":0},{"damage_healed":0,"gold_gain":0,"player_choice":"Memory 1","damage_taken":0,"max_hp_gain":0,"max_hp_loss":0,"event_name":"SensoryStone","floor":36,"gold_loss":0}],"is_beta":false,"boss_relics":[{"not_picked":["Empty Cage","Busted Crown"],"picked":"Runic Pyramid"},{"not_picked":["Snecko Eye","Coffee Dripper"],"picked":"Black Star"}],"items_purged_floors":[3,39,45],"is_endless":false,"potions_floor_spawned":[4,7,13,14,16,18,27,31,38,41,42,48],"killed_by":"Time Eater","ascension_level":20}}