{"host":"r3d3rfw8zyydmocx","time":1610587518,"event":{"mods":["Aspiration","BaseMod","Better Third Choice","Colored Powertips","Conspire","Downfall","Hermit","Highlight Path","Hubris","Minty Spire (QoL Compilation)","StSLib","The Hierophant","The Servant 0.9.4"],"gold_per_floor":[113,130,147,114,129,160,176,176,176,194,194,194,194,209,209,304,304,318,333,346,346,365,365,365,365,390,390,406,406,438,455,455,558,558,575,357,357,377,397,427,427,443,466,798,798,831,847,529,529,529,529,529,37,70,70],"floor_reached":56,"language":"ENG","playtime":4512,"items_purged":["conspire:GhostlyDefend","Decay","conspire:GhostlyStrike"],"score":1522,"play_id":"f4b8330c-32a8-4a65-9365-f77c53057683","local_time":"20210113172518","is_ascension_mode":true,"campfire_choices":[{"floor":12,"key":"REST"},{"data":"Hightail","floor":15,"key":"SMITH"},{"data":"Revamp","floor":23,"key":"SMITH"},{"data":"LightFlow","floor":25,"key":"SMITH"},{"data":"expansioncontent:TimeRipple","floor":27,"key":"SMITH"},{"data":"Solidify","floor":32,"key":"SMITH"},{"floor":41,"key":"RECALL"},{"data":"Initiator","floor":49,"key":"SMITH"},{"data":"KidneyShot","floor":52,"key":"SMITH"}],"circlet_count":0,"master_deck":["conspire:GhostlyStrike+1","conspire:GhostlyDefend","conspire:GhostlyDefend+1","conspire:GhostlyDefend","KidneyShot+1","Exchange","Starlight","BottledTime","SpecialFormula","Potential","LightFlow+1","GearUp","Hightail+1","Revamp+1","FloweringNight+1","Orbit+1","FastForward+1","DualDimension+1","expansioncontent:TimeRipple+1","Jack Of All Trades","Solidify+1","FlawlessForm","GearUp","Gouge","Hightail+1","Potential+1","InstantArmor+1","Initiator+1","Luminosity","TheWorld","Luminosity","Panache","Manipulate"],"relics":["Uniform","NeowsBlessing","betterThird:SlimedRelic","aspiration:TrustyKnives","Regal Pillow","expansioncontent:StudyCardRelic","Sundial","hubris:SlimyHat","Oddly Smooth Stone","Sozu","Bag of Preparation","Art of War","Old Coin","Calipers","Membership Card","Strawberry","aspiration:HummingbirdHeart"],"acts_visited":["Exordium","TheCity","TheBeyond","TheEnding"],"potions_floor_usage":[5,55,55],"damage_taken":[{"damage":0,"enemies":"2 Louse","floor":1,"turns":2},{"damage":0,"enemies":"conspire:RoseBush","floor":2,"turns":1},{"damage":0,"enemies":"Cultist","floor":3,"turns":1},{"damage":20,"enemies":"Exordium Thugs","floor":5,"turns":5},{"damage":10,"enemies":"Gremlin Nob","floor":6,"turns":5},{"damage":11,"enemies":"Red Slaver","floor":7,"turns":4},{"damage":0,"enemies":"Blue Slaver","floor":10,"turns":4},{"damage":6,"enemies":"Large Slime","floor":14,"turns":5},{"damage":11,"enemies":"Slime Boss","floor":16,"turns":11},{"damage":0,"enemies":"Chosen","floor":18,"turns":4},{"damage":9,"enemies":"2 Thieves","floor":19,"turns":4},{"damage":7,"enemies":"Snecko","floor":20,"turns":5},{"damage":0,"enemies":"Shelled Parasite and Fungi","floor":22,"turns":9},{"damage":5,"enemies":"Sentry and Sphere","floor":28,"turns":4},{"damage":0,"enemies":"conspire:SneckoGhost","floor":30,"turns":6},{"damage":9,"enemies":"Snake Plant","floor":31,"turns":4},{"damage":24,"enemies":"Collector","floor":33,"turns":10},{"damage":0,"enemies":"Orb Walker","floor":35,"turns":4},{"damage":14,"enemies":"3 Shapes","floor":38,"turns":5},{"damage":11,"enemies":"Sphere and 2 Shapes","floor":39,"turns":4},{"damage":0,"enemies":"Nemesis","floor":40,"turns":11},{"damage":0,"enemies":"Maw","floor":42,"turns":5},{"damage":0,"enemies":"Giant Head","floor":44,"turns":7},{"damage":0,"enemies":"Nemesis","floor":46,"turns":7},{"damage":0,"enemies":"Transient","floor":47,"turns":5},{"damage":17,"enemies":"conspire:OrnateMirror","floor":50,"turns":8},{"damage":0,"enemies":"Shield and Spear","floor":54,"turns":7},{"damage":0,"enemies":"The Heart","floor":55,"turns":11}],"seed_played":"3685426629044530943","potions_obtained":[{"floor":3,"key":"SteroidPotion"},{"floor":6,"key":"FairyPotion"},{"floor":16,"key":"Strength Potion"},{"floor":20,"key":"Explosive Potion"},{"floor":22,"key":"Fire Potion"},{"floor":33,"key":"AttackPotion"}],"is_trial":false,"path_per_floor":["M","M","M","?","M","E","M","?","T","M","?","R","?","M","R","B",null,"M","M","M","T","M","R","?","R","T","R","M","?","E","M","R","B",null,"M","$","?","M","M","E","R","M","T","E","?","E","M","$","R","B",null,"R","$","E","B",null],"character_chosen":"THE_SERVANT","items_purchased":["Bag of Preparation","Initiator","Luminosity","Membership Card","TheWorld","Strawberry","Luminosity","Panache"],"campfire_rested":1,"item_purchase_floors":[36,48,48,53,53,53,53,53],"current_hp_per_floor":[65,65,65,54,39,29,23,10,10,15,15,49,54,53,53,47,70,70,66,63,63,68,68,68,68,68,68,65,52,57,53,53,34,75,75,75,75,61,55,60,60,65,65,70,70,75,75,75,75,58,75,75,82,82,82],"gold":70,"neow_bonus":"THREE_ENEMY_KILL","is_daily":false,"chose_seed":false,"campfire_upgraded":7,"win_rate":0.0,"timestamp":1610587518,"path_taken":["M","M","M","?","M","E","M","?","T","M","?","R","?","?","R","BOSS","M","?","M","?","?","R","?","R","T","R","M","?","E","M","R","BOSS","M","$","?","M","M","E","R","?","T","E","?","E","?","$","R","BOSS","R","$","E","BOSS"],"items_purchased_type":["Relic","Card","Card","Relic","Card","Relic","Card","Card"],"build_version":"2020-12-22","purchased_purges":3,"victory":true,"max_hp_per_floor":[65,65,65,65,65,65,65,65,65,65,65,65,70,70,70,70,70,70,70,70,70,70,70,70,70,70,70,70,75,75,75,75,75,75,75,75,75,75,75,75,75,75,75,75,75,75,75,75,75,75,75,75,82,82,82],"card_choices":[{"not_picked":["TimeWarp","Contraction"],"picked":"Starlight","floor":1},{"not_picked":["WasteNot","TimeWarp"],"picked":"BottledTime","floor":2},{"not_picked":["Ricochet","Replace"],"picked":"SpecialFormula","floor":3},{"not_picked":["Ricochet","DoubleEdge"],"picked":"Potential","floor":5},{"not_picked":["Potential","Ricochet"],"picked":"LightFlow","floor":6},{"not_picked":["Sabotage","Defy"],"picked":"GearUp","floor":7},{"not_picked":["Unruled","InstantArmor"],"picked":"Hightail","floor":10},{"not_picked":["Starlight","StarChef"],"picked":"Revamp","floor":14},{"not_picked":["LightFlow","ForgedInTime"],"picked":"FloweringNight","floor":16},{"not_picked":["SurpressingFire","ShatteredReality"],"picked":"Orbit+1","floor":18},{"not_picked":["Rearm","TimeWarp","Starlight"],"picked":"SKIP","floor":19},{"not_picked":["Orbit","Spin"],"picked":"FastForward+1","floor":20},{"not_picked":["Deadline","ShatteredReality"],"picked":"DualDimension+1","floor":22},{"not_picked":["Replace","Moonlight","Rewind+1"],"picked":"SKIP","floor":28},{"not_picked":["TimeWarp","Spin"],"picked":"Solidify","floor":30},{"not_picked":["Starlight","Potential","ReturningBlade"],"picked":"SKIP","floor":31},{"not_picked":["Dilation","Duplication"],"picked":"FlawlessForm","floor":33},{"not_picked":["Revamp","ShatteredReality"],"picked":"GearUp","floor":35},{"not_picked":["Snipe","Potential"],"picked":"Gouge","floor":38},{"not_picked":["TimeWarp","Potential"],"picked":"Hightail+1","floor":39},{"not_picked":["Alleviate","Revamp","Defy+1"],"picked":"SKIP","floor":40},{"not_picked":["Defy","MoonPhase"],"picked":"Potential+1","floor":42},{"not_picked":["Potential+1","ShatteredReality"],"picked":"InstantArmor+1","floor":44},{"not_picked":["Dilation","Unruled+1","Alleviate"],"picked":"SKIP","floor":46},{"not_picked":["Ricochet","Comet+1","Alleviate"],"picked":"SKIP","floor":47},{"not_picked":["ShiftingGears+1","Desolation+1"],"picked":"Manipulate","floor":54}],"player_experience":564216,"relics_obtained":[{"floor":6,"key":"aspiration:TrustyKnives"},{"floor":9,"key":"Regal Pillow"},{"floor":21,"key":"Sundial"},{"floor":26,"key":"hubris:SlimyHat"},{"floor":30,"key":"Oddly Smooth Stone"},{"floor":40,"key":"Art of War"},{"floor":44,"key":"Old Coin"},{"floor":46,"key":"Calipers"},{"floor":54,"key":"aspiration:HummingbirdHeart"}],"event_choices":[{"damage_healed":0,"gold_gain":0,"player_choice":"Slimed","damage_taken":11,"max_hp_gain":0,"max_hp_loss":0,"event_name":"betterThird:BetterGoop","floor":4,"gold_loss":33},{"damage_healed":23,"gold_gain":0,"player_choice":"Upgrade","damage_taken":13,"max_hp_gain":0,"max_hp_loss":65,"event_name":"betterThird:BetterShining","floor":8,"gold_loss":0,"cards_upgraded":["Defend_S","Strike_S"]},{"damage_healed":0,"gold_gain":0,"player_choice":"Agree","damage_taken":0,"max_hp_gain":0,"max_hp_loss":0,"event_name":"conspire:LoneGhost","floor":11,"gold_loss":0},{"damage_healed":0,"gold_gain":0,"player_choice":"Donut","damage_taken":0,"max_hp_gain":5,"max_hp_loss":0,"event_name":"Big Fish","floor":13,"gold_loss":0},{"damage_healed":0,"gold_gain":0,"cards_transformed":["conspire:GhostlyStrike","conspire:GhostlyStrike"],"player_choice":"Became Test Subject","damage_taken":0,"max_hp_gain":0,"max_hp_loss":0,"event_name":"Drug Dealer","floor":24,"gold_loss":0,"cards_obtained":["expansioncontent:TimeRipple","Jack Of All Trades"]},{"damage_healed":0,"gold_gain":0,"player_choice":"Shed Blood","damage_taken":18,"max_hp_gain":5,"max_hp_loss":0,"event_name":"Forgotten Altar","floor":29,"gold_loss":0},{"damage_healed":0,"gold_gain":0,"player_choice":"Cursed","damage_taken":0,"max_hp_gain":0,"max_hp_loss":0,"event_name":"Wheel of Change","floor":37,"gold_loss":0,"cards_obtained":["Decay"]},{"damage_healed":0,"gold_gain":0,"player_choice":"Forge","damage_taken":0,"max_hp_gain":0,"max_hp_loss":0,"event_name":"Accursed Blacksmith","floor":45,"gold_loss":0,"cards_upgraded":["FloweringNight"]}],"is_beta":false,"boss_relics":[{"not_picked":["SplendidAttire","Philosopher\u0027s Stone"],"picked":"expansioncontent:StudyCardRelic"},{"not_picked":["Empty Cage","hubris:Backtick"],"picked":"Sozu"}],"items_purged_floors":[36,48,53],"is_endless":false,"potions_floor_spawned":[3,6,16,20,22,28,33,35,40,42,54],"ascension_level":2}}