{"host":"v54ek091sdz7ha6h","time":1610590291,"event":{"mods":["BaseMod","Better Vampires","Colored Map","Colored Powertips","Custom Start","DeckTracker","Highlight Path","KOR Keyword Fix","Minty Spire (QoL Compilation)","Quick Restart","Rare Cards Sparkle","StSLib","SuperFastMode","everything is the same but u backflip on backflip","slay the spire mod where everything is the same but ironclad has a cowboy hat"],"gold_per_floor":[117,117,132,30,30,30,59,59,59,92,92,127,137,147,147,221,221,241,241,241,255,122,122,152,52,52,64,73,107,107,136,136,222,222,243,243,243,100,100,100,131,131,156,198,198,219,229,248,248,248,248,248,248,17,53,53],"floor_reached":57,"language":"KOR","playtime":2422,"items_purged":["Defend_G","Defend_G","Bite"],"score":2827,"play_id":"f3a02c3b-5e46-4443-8ae1-6b3c649e8813","local_time":"20210114111131","is_ascension_mode":true,"campfire_choices":[{"data":"Dagger Throw","floor":6.0,"key":"SMITH"},{"data":"Underhanded Strike","floor":8.0,"key":"SMITH"},{"data":"Prepared","floor":15.0,"key":"SMITH"},{"data":"Tactician","floor":23.0,"key":"SMITH"},{"data":"Neutralize","floor":30.0,"key":"SMITH"},{"data":"Acrobatics","floor":32.0,"key":"SMITH"},{"data":"Expertise","floor":40.0,"key":"SMITH"},{"data":"Concentrate","floor":42.0,"key":"SMITH"},{"floor":45.0,"key":"RECALL"},{"data":"Night Terror","floor":49.0,"key":"SMITH"},{"data":"Cloak And Dagger","floor":53.0,"key":"SMITH"}],"circlet_count":0,"master_deck":["AscendersBane","Defend_G","Defend_G","Defend_G","Survivor","Neutralize+1","Dagger Throw+1","Prepared+1","Tactician+1","Underhanded Strike+1","Backflip","Underhanded Strike","Finisher","After Image","CurseOfTheBell","Bite","Bite","Bite","Bite","Blur","Underhanded Strike+1","Cloak And Dagger+1","Prepared","Acrobatics+1","Adrenaline","Underhanded Strike+1","Expertise+1","Concentrate+1","Dodge and Roll+1","Night Terror+1","Tactician+1","Malaise"],"relics":["Ring of the Snake","NeowsBlessing","Bird Faced Urn","Mummified Hand","StrikeDummy","Ice Cream","Regal Pillow","Calling Bell","PreservedInsect","Eternal Feather","Torii","Molten Egg 2","Art of War","Kunai","CeramicFish","Blood Vial","HoveringKite","Dream Catcher","Spirit Poop","Lizard Tail","Centennial Puzzle","Gambling Chip"],"acts_visited":["Exordium","TheCity","TheBeyond","TheEnding"],"potions_floor_usage":[],"damage_taken":[{"damage":0.0,"enemies":"Jaw Worm","floor":1.0,"turns":1.0},{"damage":0.0,"enemies":"Cultist","floor":3.0,"turns":1.0},{"damage":0.0,"enemies":"3 Sentries","floor":7.0,"turns":1.0},{"damage":22.0,"enemies":"Lagavulin","floor":10.0,"turns":5.0},{"damage":7.0,"enemies":"Gremlin Nob","floor":12.0,"turns":3.0},{"damage":1.0,"enemies":"Small Slimes","floor":13.0,"turns":2.0},{"damage":0.0,"enemies":"Exordium Wildlife","floor":14.0,"turns":3.0},{"damage":14.0,"enemies":"Hexaghost","floor":16.0,"turns":8.0},{"damage":33.0,"enemies":"3 Byrds","floor":18.0,"turns":11.0},{"damage":9.0,"enemies":"Chosen","floor":21.0,"turns":5.0},{"damage":23.0,"enemies":"Gremlin Leader","floor":24.0,"turns":7.0},{"damage":24.0,"enemies":"Shelled Parasite and Fungi","floor":27.0,"turns":6.0},{"damage":25.0,"enemies":"Book of Stabbing","floor":29.0,"turns":5.0},{"damage":0.0,"enemies":"Centurion and Healer","floor":31.0,"turns":5.0},{"damage":52.0,"enemies":"Automaton","floor":33.0,"turns":15.0},{"damage":27.0,"enemies":"3 Darklings","floor":35.0,"turns":10.0},{"damage":31.0,"enemies":"Nemesis","floor":41.0,"turns":7.0},{"damage":15.0,"enemies":"Giant Head","floor":44.0,"turns":5.0},{"damage":0.0,"enemies":"3 Shapes","floor":46.0,"turns":3.0},{"damage":0.0,"enemies":"Maw","floor":47.0,"turns":7.0},{"damage":1.0,"enemies":"Spire Growth","floor":48.0,"turns":4.0},{"damage":9.0,"enemies":"Donu and Deca","floor":50.0,"turns":8.0},{"damage":42.0,"enemies":"Time Eater","floor":51.0,"turns":14.0},{"damage":30.0,"enemies":"Shield and Spear","floor":55.0,"turns":11.0},{"damage":74,"enemies":"The Heart","floor":56,"turns":11}],"seed_played":"4296388054709266245","potions_obtained":[{"floor":1.0,"key":"Weak Potion"},{"floor":12.0,"key":"PowerPotion"},{"floor":14.0,"key":"Energy Potion"},{"floor":18.0,"key":"Strength Potion"},{"floor":27.0,"key":"Fruit Juice"},{"floor":29.0,"key":"Strength Potion"},{"floor":31.0,"key":"PowerPotion"},{"floor":41.0,"key":"FearPotion"},{"floor":47.0,"key":"Ancient Potion"},{"floor":55.0,"key":"Fire Potion"}],"is_trial":false,"path_per_floor":["M","?","M","$","T","R","E","R","T","E","?","E","M","M","R","B",null,"M","?","T","M","$","R","E","$","T","M","?","E","R","M","R","B",null,"M","?","T","$","?","R","E","R","T","E","R","M","M","M","R","B","B",null,"R","$","E","B",null],"character_chosen":"THE_SILENT","items_purchased":["Tactician","Underhanded Strike","Underhanded Strike+1","Expertise","Concentrate","FairyPotion"],"campfire_rested":0,"item_purchase_floors":[4,4,22,38,38,54],"current_hp_per_floor":[59,59,59,59,59,59,59,59,59,37,37,30,29,29,29,17,54,23,23,23,28,28,40,34,34,34,26,26,16,31,47,51,19,43,44,44,44,44,44,48,21,36,36,34,48,48,48,48,48,48,32,44,48,48,42,42],"gold":53,"neow_bonus":"THREE_ENEMY_KILL","is_daily":false,"chose_seed":false,"campfire_upgraded":10,"win_rate":0.0,"timestamp":1610590291,"path_taken":["M","?","?","?","?","R","E","R","T","E","?","E","M","?","R","BOSS","M","?","?","M","$","R","E","$","T","M","?","E","R","M","R","BOSS","M","?","?","$","?","R","E","R","T","E","R","M","M","M","R","BOSS","BOSS","R","$","E","BOSS"],"items_purchased_type":["Card","Card","Card","Card","Card","Potion"],"build_version":"2020-12-22","purchased_purges":3,"victory":true,"max_hp_per_floor":[66,66,66,66,66,66,66,66,66,66,66,66,66,66,66,66,66,66,46,46,46,46,46,46,46,46,46,46,51,51,51,51,51,51,51,48,48,48,48,48,48,48,48,48,48,48,48,48,48,48,48,48,48,48,48,48],"card_choices":[{"not_picked":["Choke","Underhanded Strike"],"picked":"Dagger Throw","floor":1.0},{"not_picked":["Poisoned Stab","Outmaneuver"],"picked":"Prepared","floor":3.0},{"not_picked":["Skewer","Expertise","Dodge and Roll"],"picked":"SKIP","floor":7.0},{"not_picked":["Dagger Throw","Poisoned Stab"],"picked":"Backflip","floor":10.0},{"not_picked":["Blade Dance","Backstab","Bullet Time"],"picked":"SKIP","floor":12.0},{"not_picked":["Infinite Blades","Sucker Punch"],"picked":"Underhanded Strike","floor":13.0},{"not_picked":["PiercingWail","Riddle With Holes"],"picked":"Finisher","floor":14.0},{"not_picked":["Burst","Phantasmal Killer"],"picked":"After Image","floor":16.0},{"not_picked":["All Out Attack","Setup","Riddle With Holes"],"picked":"SKIP","floor":18.0},{"not_picked":["Dodge and Roll","Slice+1"],"picked":"Blur","floor":21.0},{"not_picked":["Deflect","Dash+1"],"picked":"Cloak And Dagger","floor":24.0},{"not_picked":["Blade Dance","Blur"],"picked":"Prepared","floor":27.0},{"not_picked":["Predator+1","Flechettes+1","Deadly Poison+1"],"picked":"SKIP","floor":29.0},{"not_picked":["Calculated Gamble","Dodge and Roll"],"picked":"Acrobatics","floor":31.0},{"not_picked":["Bullet Time","Storm of Steel"],"picked":"Adrenaline","floor":33.0},{"not_picked":["Bane+1","Flechettes+1"],"picked":"Underhanded Strike+1","floor":35.0},{"not_picked":["Concentrate","Outmaneuver","Dagger Spray+1"],"picked":"SKIP","floor":41.0},{"not_picked":["Slice+1","Backstab+1"],"picked":"Dodge and Roll+1","floor":44.0},{"not_picked":["Underhanded Strike+1","Prepared"],"picked":"Night Terror","floor":46.0},{"not_picked":["Cloak And Dagger","Blade Dance","Dagger Throw+1"],"picked":"SKIP","floor":47.0},{"not_picked":["Underhanded Strike+1","Poisoned Stab+1"],"picked":"Tactician+1","floor":48.0},{"not_picked":["Noxious Fumes","Accuracy"],"picked":"Malaise","floor":55.0}],"player_experience":1418460,"relics_obtained":[{"floor":7.0,"key":"Mummified Hand"},{"floor":9.0,"key":"StrikeDummy"},{"floor":10.0,"key":"Ice Cream"},{"floor":12.0,"key":"Regal Pillow"},{"floor":17.0,"key":"PreservedInsect"},{"floor":17.0,"key":"Eternal Feather"},{"floor":17.0,"key":"Torii"},{"floor":20.0,"key":"Molten Egg 2"},{"floor":24.0,"key":"Art of War"},{"floor":26.0,"key":"Kunai"},{"floor":29.0,"key":"Blood Vial"},{"floor":37.0,"key":"Dream Catcher"},{"floor":41.0,"key":"Lizard Tail"},{"floor":43.0,"key":"Centennial Puzzle"},{"floor":55.0,"key":"Gambling Chip"}],"event_choices":[{"damage_healed":0.0,"max_hp_gain":0.0,"max_hp_loss":0.0,"gold_gain":0.0,"event_name":"WeMeetAgain","player_choice":"Gave Potion","floor":2.0,"gold_loss":0.0,"damage_taken":0.0,"relics_obtained":["Bird Faced Urn"]},{"damage_healed":0.0,"max_hp_gain":0.0,"max_hp_loss":0.0,"gold_gain":0.0,"event_name":"Scrap Ooze","player_choice":"Fled","floor":11.0,"gold_loss":0.0,"damage_taken":0.0},{"damage_healed":0.0,"max_hp_gain":0.0,"max_hp_loss":20.0,"gold_gain":0.0,"event_name":"Vampires","player_choice":"Became a vampire","floor":19.0,"gold_loss":0.0,"damage_taken":0.0,"cards_obtained":["Bite","Bite","Bite","Bite","Bite"]},{"damage_healed":0.0,"max_hp_gain":0.0,"max_hp_loss":0.0,"gold_gain":0.0,"event_name":"Addict","player_choice":"Stole Relic","floor":28.0,"gold_loss":0.0,"damage_taken":0.0,"relics_obtained":["CeramicFish"],"cards_obtained":["Shame"]},{"damage_healed":0.0,"max_hp_gain":0.0,"max_hp_loss":3.0,"gold_gain":0.0,"event_name":"Winding Halls","player_choice":"Max HP","floor":36.0,"gold_loss":0.0,"damage_taken":0.0},{"cards_removed":["Shame"],"damage_healed":0.0,"max_hp_gain":0.0,"max_hp_loss":0.0,"gold_gain":0.0,"event_name":"Bonfire Elementals","player_choice":"Offered Curse","floor":39.0,"gold_loss":0.0,"damage_taken":0.0,"relics_obtained":["Spirit Poop"]}],"is_beta":false,"boss_relics":[{"not_picked":["SacredBark","Cursed Key"],"picked":"Calling Bell"},{"not_picked":["Velvet Choker","Black Star"],"picked":"HoveringKite"}],"items_purged_floors":[22,25,54],"is_endless":false,"potions_floor_spawned":[1,12,14,18,27,29,31,41,47,55],"ascension_level":20}}