{"host":"8t5dkgm85abdp22d","time":1610627849,"event":{"mods":["Act Like it!","BaseMod","Colored Powertips","Dota2Spire","Downfall","Gensokyo","GungeonMod","Hallownest","Luminous","Marisa£®ÏF”Í°°ƒß¿Ì…≥£©","Minty Spire (QoL Compilation)","StSLib","TheWitcher","UnlockEverythingMod","Waifu the Spire","Yakumo Yukari mod","vexMod","°æ“≈ŒÔø®≈∆°øREMEMod"],"gold_per_floor":[132,149,149,164,4,32,32,32,32,32,72,105,125,165,165,165,165],"floor_reached":16,"language":"ZHS","playtime":843,"items_purged":[],"score":112,"play_id":"87c6b557-8717-46ac-85b8-0465780594b3","local_time":"20210114203729","is_ascension_mode":false,"campfire_choices":[{"data":"OmniscientAndOmnipotent_Monster_purple","floor":8,"key":"SMITH"},{"data":"Venomology","floor":10,"key":"SMITH"},{"data":"RuleDissolution_purple","floor":15,"key":"SMITH"}],"circlet_count":0,"master_deck":["AT_purpleEX","AT_purpleEX","AT_purpleEX","AT_purpleEX","Defend_purpleEX","Defend_purpleEX","Defend_purpleEX","Defend_purpleEX","Observe_purple_2","Venomology+1","Anti_communist_purple","OmniscientAndOmnipotent_Monster_purple+1","DimensionStaggered_purple","RuleDissolution_purple+1","Line_surface_state_purple"],"relics":["Boundary_crack","Memoryfragments_purpleEX","REME_ComplimentaryCards","NeowsBlessing","Happy Flower","Gensokyo:Bombinomicon","Mummified Hand","Matryoshka"],"acts_visited":["Exordium"],"potions_floor_usage":[4,6,11,11,12,13,14,16,16,16],"damage_taken":[{"damage":0,"enemies":"Gensokyo:Python","floor":1,"turns":1},{"damage":0,"enemies":"Gensokyo:Gryphon","floor":2,"turns":1},{"damage":0,"enemies":"Gensokyo:3_Fairies","floor":4,"turns":2},{"damage":26,"enemies":"Gensokyo:Aya","floor":6,"turns":3},{"damage":4,"enemies":"Gensokyo:VengefulSpirit","floor":11,"turns":3},{"damage":19,"enemies":"Gensokyo:Cirno","floor":12,"turns":8},{"damage":0,"enemies":"Gensokyo:2_Rabbits","floor":13,"turns":4},{"damage":1,"enemies":"Gensokyo:CorruptedTreant","floor":14,"turns":3},{"damage":43,"enemies":"Gensokyo:Reimu","floor":16,"turns":11}],"seed_played":"-125078092912954853","potions_obtained":[{"floor":1,"key":"SmokeBomb"},{"floor":2,"key":"FearPotion"},{"floor":11,"key":"SkillPotion"},{"floor":13,"key":"REME_GoldPotion"}],"is_trial":false,"path_per_floor":["M","M","?","M","?","E","$","R","T","R","M","E","M","M","R","B"],"character_chosen":"Youkari","items_purchased":[],"campfire_rested":0,"item_purchase_floors":[],"current_hp_per_floor":[70,70,70,70,70,45,45,45,45,45,42,28,33,37,37,0,0],"gold":165,"neow_bonus":"THREE_ENEMY_KILL","is_daily":false,"chose_seed":false,"campfire_upgraded":3,"win_rate":0.0,"timestamp":1610627849,"path_taken":["M","?","?","M","?","E","?","R","T","R","M","E","M","M","R","BOSS"],"items_purchased_type":[],"build_version":"2020-12-22","purchased_purges":0,"victory":false,"max_hp_per_floor":[70,70,70,70,70,70,70,70,70,70,70,70,70,70,70,70,70],"card_choices":[{"not_picked":["CommonSense_AntiCommonSense_purple","Charmbait_purple","Yakumo_Ran_purple"],"picked":"SKIP","floor":1},{"not_picked":["Bait_Toxicbait_purple","SharpContractionReality_purple"],"picked":"Anti_communist_purple","floor":2},{"not_picked":["SfantasyHide_purple","Mirror_FormAndEmptin_purple","PositiveMatter_Antimatter_Universe_purple"],"picked":"SKIP","floor":4},{"not_picked":["Mirror_FourBoundary_purple","Mirror_FormAndEmptin_purple"],"picked":"OmniscientAndOmnipotent_Monster_purple","floor":6},{"not_picked":["StateDuplicate_purple","Line_surface_state_purple"],"picked":"DimensionStaggered_purple","floor":11},{"not_picked":["RuptureOfTimeAndSpace_purple","Computing_the_future_purpleEX"],"picked":"UniverseChoice_purple","floor":12},{"not_picked":["Charmbait_purple","DimensionStaggered_purple"],"picked":"RuleDissolution_purple","floor":13},{"not_picked":["DimensionStaggered_purple","Boundary_ObjectiveBoundary_purple"],"picked":"Line_surface_state_purple","floor":14}],"player_experience":106466,"relics_obtained":[{"floor":6,"key":"Mummified Hand"},{"floor":12,"key":"Matryoshka"}],"event_choices":[],"is_beta":false,"boss_relics":[],"items_purged_floors":[],"is_endless":false,"potions_floor_spawned":[1,2,11,13],"killed_by":"Gensokyo:Reimu","ascension_level":0}}