{"host":"pno9h1fupbyz205f","time":1610586862,"event":{"mods":["Aspiration","BaseMod","Better Altar","Better Match","Better Note","Better Sensory Stone","Better Skull","Better Third Choice","Colored Map","Colored Powertips","Downfall","Hubris","Infinite Spire","Jedi Mod","Mad Scientist","Marisa????????","Minty Spire (QoL Compilation)","Permanent Neow","Potionbrewer","Replay The Spire","Shop Mod","Spicy Shops","StSLib","Td1madao Mod","The Blackbeard","The Gatherer","The Hierophant","The Poker Player","The Runesmith","The Servant 0.9.4","The Vixen","thorton","vexMod"],"gold_per_floor":[99,118,130,142,142,160,160,240,250,250,250,60,71,87,103,103,103,103],"floor_reached":16,"language":"ENG","playtime":659,"items_purged":["hexamod:Strike","hexamod:Defend"],"score":96,"play_id":"6c0a65ba-a3b9-4434-8385-bb1a70a0cf6a","local_time":"20210113171422","is_ascension_mode":false,"campfire_choices":[{"data":"After Image","floor":11,"key":"SMITH"}],"circlet_count":0,"master_deck":["hexamod:Strike","hexamod:Strike","hexamod:Strike","hexamod:Defend","hexamod:Defend","hexamod:Defend","hexamod:Sear","hexamod:Float","Good Instincts+1","hexamod:BurningTouch","hexamod:HeatMetal","hexamod:Firestarter","hexamod:ExtraCrispy","hexamod:FastForward+1","After Image+1","hexamod:EmpoweringStance","hexamod:HauntingEcho","hexamod:RadiantFlame"],"relics":["hexamod:SpiritBrand","White Beast Statue","Toxic Egg 2","Runesmith:AutoHammer"],"acts_visited":["Exordium"],"potions_floor_usage":[9,14,14,15,16,16],"damage_taken":[{"damage":1,"enemies":"Small Slimes","floor":2,"turns":4},{"damage":0,"enemies":"Jaw Worm","floor":3,"turns":4},{"damage":0,"enemies":"Cultist","floor":4,"turns":3},{"damage":0,"enemies":"Large Slime","floor":6,"turns":3},{"damage":0,"enemies":"2 Fungi Beasts","floor":9,"turns":3},{"damage":1,"enemies":"downfall:FleeingMerchant","floor":12,"turns":4},{"damage":0,"enemies":"3 Louse","floor":13,"turns":4},{"damage":0,"enemies":"Exordium Wildlife","floor":14,"turns":3},{"damage":15,"enemies":"2 Fungi Beasts","floor":15,"turns":5},{"damage":22,"enemies":"downfall:Silent","floor":16,"turns":2}],"seed_played":"1831773288603315263","potions_obtained":[{"floor":4,"key":"potionbrewer:NoxiousPotion"},{"floor":6,"key":"potionbrewer:DiscountPotion"},{"floor":9,"key":"Explosive Potion"},{"floor":12,"key":"FearPotion"},{"floor":13,"key":"DistilledChaos"},{"floor":14,"key":"Cursed Concoction"},{"floor":15,"key":"Strength Potion"}],"is_trial":false,"path_per_floor":["R_BF","M","M","M","?","M","T","T","M","?","R","$","M","M","M","B"],"character_chosen":"THE_SPIRIT","items_purchased":[],"campfire_rested":0,"item_purchase_floors":[],"current_hp_per_floor":[70,69,69,69,69,69,69,69,69,35,35,34,34,34,19,0,0,0],"gold":103,"neow_bonus":"RANDOM_COLORLESS","is_daily":false,"chose_seed":false,"campfire_upgraded":1,"win_rate":0.0,"timestamp":1610586862,"path_taken":["R_BF","M","M","M","?","M","T","?","?","?","R","$","M","M","M","BOSS"],"items_purchased_type":[],"build_version":"2020-12-22","purchased_purges":2,"victory":false,"max_hp_per_floor":[70,70,70,70,70,70,70,70,70,70,70,70,70,70,70,70,70,70],"card_choices":[{"not_picked":["Blind","expansioncontent:PolyBeam"],"picked":"Good Instincts","floor":0},{"not_picked":["hexamod:ThermalTransfer","hexamod:InspiringFlames"],"picked":"hexamod:BurningTouch","floor":2},{"not_picked":["hexamod:HeatCrush","hexamod:EmpoweredFlame"],"picked":"hexamod:HeatMetal","floor":3},{"not_picked":["hexamod:SpectersWail","hexamod:SixthSeal"],"picked":"hexamod:Firestarter","floor":4},{"not_picked":["hexamod:Hexaguard","hexamod:GhostLash"],"picked":"hexamod:ExtraCrispy","floor":6},{"not_picked":["hexamod:DynamicBlow","hexamod:StepThrough"],"picked":"hexamod:FastForward+1","floor":9},{"not_picked":["hexamod:RecurringNightmare+1","hexamod:Incineration"],"picked":"hexamod:EmpoweringStance","floor":12},{"not_picked":["hexamod:Rewind+1","hexamod:NightmareGuise+1"],"picked":"hexamod:HauntingEcho","floor":13},{"not_picked":["hexamod:NightmareGuise+1","hexamod:FirstSeal","hexamod:HeatMetal"],"picked":"SKIP","floor":14},{"not_picked":["hexamod:SpectersWail","hexamod:BacktrackSmack"],"picked":"hexamod:RadiantFlame","floor":15}],"player_experience":173854,"relics_obtained":[{"floor":7,"key":"White Beast Statue"},{"floor":8,"key":"Toxic Egg 2"}],"event_choices":[],"is_beta":false,"boss_relics":[],"items_purged_floors":[12,12],"is_endless":false,"potions_floor_spawned":[4,6,9,12,13,14,15],"killed_by":"downfall:Silent","ascension_level":0}}