{"host":"74uvi6kym3vf3uk6","time":1610641488,"event":{"mods":["AchievementEnabler","BaseMod","Colored Map","Colored Powertips","Custom Start","Dark Map","Hermit","Highlight Path","Minty Spire (QoL Compilation)","Permanent Neow","Rare Cards Sparkle","StSLib","The Bug Knight","The Disciple","The Runesmith","The Servant 0.9.4"],"gold_per_floor":[110,123,138,138,138,167,185,185,185,201,52,71,71,100,100,205,205,222,235,245,262,277,277,202,202,202,219,219,22,22,36,36,131,131,147,199,62,79,89,89,124,124,124,124,136,136,147,167,167,167],"floor_reached":51,"language":"ENG","playtime":2412,"items_purged":["Gash","Gash","Gash"],"score":968,"play_id":"af326f2c-c8ea-4c74-83dc-633740912f5b","local_time":"20210114102448","is_ascension_mode":false,"campfire_choices":[{"data":"Gash","floor":15,"key":"SMITH"},{"data":"Gash","floor":23,"key":"SMITH"},{"data":"Gash","floor":25,"key":"SMITH"},{"data":"Gash","floor":28,"key":"SMITH"},{"data":"Gash","floor":30,"key":"SMITH"},{"data":"Gash","floor":32,"key":"SMITH"},{"data":"Gash","floor":40,"key":"SMITH"},{"data":"Gash","floor":42,"key":"SMITH"},{"data":"Gash","floor":44,"key":"SMITH"},{"data":"Go for the Eyes","floor":46,"key":"SMITH"},{"data":"Gash","floor":49,"key":"SMITH"}],"circlet_count":0,"master_deck":["Gash+1","Gash+1","Gash+1","Gash+1","Gash+1","Gash+1","Gash+1","Gash+1","Gash+1","Gash+1","Beam Cell+1","Go for the Eyes+1"],"relics":["Unceasing Top","Strawberry","Oddly Smooth Stone","Runic Capacitor","Shuriken","Empty Cage","Membership Card","Coffee Dripper","Thread and Needle","Lee\u0027s Waffle","Smiling Mask","Shovel"],"acts_visited":["Exordium","TheCity","TheBeyond"],"potions_floor_usage":[21,36],"damage_taken":[{"damage":0,"enemies":"Small Slimes","floor":1,"turns":1},{"damage":0,"enemies":"2 Louse","floor":2,"turns":1},{"damage":0,"enemies":"Cultist","floor":3,"turns":1},{"damage":0,"enemies":"Lagavulin","floor":6,"turns":1},{"damage":0,"enemies":"Blue Slaver","floor":7,"turns":1},{"damage":0,"enemies":"Gremlin Gang","floor":10,"turns":1},{"damage":0,"enemies":"Looter","floor":12,"turns":1},{"damage":0,"enemies":"3 Sentries","floor":14,"turns":1},{"damage":0,"enemies":"The Guardian","floor":16,"turns":1},{"damage":0,"enemies":"Spheric Guardian","floor":18,"turns":1},{"damage":0,"enemies":"Chosen","floor":19,"turns":1},{"damage":0,"enemies":"Snake Plant","floor":20,"turns":1},{"damage":0,"enemies":"Shelled Parasite and Fungi","floor":21,"turns":1},{"damage":0,"enemies":"Sentry and Sphere","floor":22,"turns":1},{"damage":0,"enemies":"Snecko","floor":27,"turns":1},{"damage":0,"enemies":"Snake Plant","floor":31,"turns":1},{"damage":0,"enemies":"Collector","floor":33,"turns":1},{"damage":6,"enemies":"3 Shapes","floor":35,"turns":1},{"damage":0,"enemies":"2 Orb Walkers","floor":36,"turns":1},{"damage":0,"enemies":"Orb Walker","floor":38,"turns":1},{"damage":0,"enemies":"Sphere and 2 Shapes","floor":39,"turns":1},{"damage":0,"enemies":"Giant Head","floor":41,"turns":1},{"damage":0,"enemies":"3 Darklings","floor":45,"turns":1},{"damage":0,"enemies":"Jaw Worm Horde","floor":47,"turns":1},{"damage":0,"enemies":"Sphere and 2 Shapes","floor":48,"turns":1},{"damage":17,"enemies":"Time Eater","floor":50,"turns":2}],"seed_played":"-8522558121653959865","potions_obtained":[{"floor":1,"key":"Energy Potion"},{"floor":2,"key":"Strength Potion"},{"floor":16,"key":"Swift Potion"},{"floor":21,"key":"ColorlessPotion"},{"floor":33,"key":"Swift Potion"},{"floor":35,"key":"Regen Potion"},{"floor":36,"key":"SteroidPotion"}],"is_trial":true,"path_per_floor":["M","M","M","?","?","E","M","$","T","M","$","M","?","E","R","B",null,"M","M","M","M","M","R","$","R","T","M","R","$","R","M","R","B",null,"M","?","$","M","M","R","E","R","T","R","M","R","M","M","R","B",null],"character_chosen":"DEFECT","items_purchased":["Runic Capacitor","Membership Card","Lee\u0027s Waffle"],"campfire_rested":0,"item_purchase_floors":[11,29,37],"current_hp_per_floor":[75,75,75,75,75,82,82,82,82,82,82,82,82,82,82,82,82,82,82,82,82,82,82,82,82,82,82,82,82,82,82,82,82,82,76,76,89,89,89,89,89,89,89,89,89,89,89,89,89,72],"gold":167,"neow_bonus":"","is_daily":false,"chose_seed":false,"campfire_upgraded":11,"win_rate":0.0,"timestamp":1610641488,"path_taken":["M","M","M","?","?","E","M","$","T","?","$","M","?","E","R","BOSS","M","M","M","?","M","R","$","R","T","M","R","$","R","M","R","BOSS","M","?","$","M","M","R","E","R","T","R","M","R","M","M","R","BOSS"],"items_purchased_type":["Relic","Relic","Relic"],"build_version":"2020-12-22","purchased_purges":3,"victory":true,"max_hp_per_floor":[75,75,75,75,75,82,82,82,82,82,82,82,82,82,82,82,82,82,82,82,82,82,82,82,82,82,82,82,82,82,82,82,82,82,82,82,89,89,89,89,89,89,89,89,89,89,89,89,89,89],"card_choices":[{"not_picked":["Steam Power","Heatsinks","Self Repair"],"picked":"SKIP","floor":1},{"not_picked":["BootSequence","Ball Lightning","Coolheaded"],"picked":"SKIP","floor":2},{"not_picked":["Sweeping Beam","Biased Cognition","Rebound"],"picked":"SKIP","floor":3},{"not_picked":["Doom and Gloom","Beam Cell","Gash"],"picked":"SKIP","floor":6},{"not_picked":["Redo","Consume","Go for the Eyes"],"picked":"SKIP","floor":7},{"not_picked":["Reinforced Body","Turbo","Cold Snap"],"picked":"SKIP","floor":10},{"not_picked":["Coolheaded","Loop","Buffer"],"picked":"SKIP","floor":12},{"not_picked":["Genetic Algorithm","Stack","Hologram"],"picked":"SKIP","floor":14},{"not_picked":["Stack+1","Leap","Sweeping Beam"],"picked":"SKIP","floor":18},{"not_picked":["Ball Lightning","Beam Cell","BootSequence+1"],"picked":"SKIP","floor":19},{"not_picked":["Storm+1","Steam","Beam Cell+1"],"picked":"SKIP","floor":20},{"not_picked":["Sweeping Beam+1","Redo","Loop"],"picked":"SKIP","floor":21},{"not_picked":["Heatsinks","Streamline+1","Turbo+1"],"picked":"SKIP","floor":22},{"not_picked":["Reinforced Body","Stack+1","Steam"],"picked":"SKIP","floor":27},{"not_picked":["Go for the Eyes","Heatsinks","Glacier+1"],"picked":"SKIP","floor":31},{"not_picked":["Scrape","Compile Driver+1","BootSequence"],"picked":"SKIP","floor":35},{"not_picked":["Redo+1","Cold Snap"],"picked":"Beam Cell+1","floor":36},{"not_picked":["Reinforced Body","Redo+1","Darkness+1"],"picked":"SKIP","floor":38},{"not_picked":["Stack+1","Redo","Cold Snap"],"picked":"SKIP","floor":39},{"not_picked":["Hologram","Recycle+1","Steam+1"],"picked":"SKIP","floor":41},{"not_picked":["Steam+1","Ball Lightning+1"],"picked":"Go for the Eyes","floor":45},{"not_picked":["Ball Lightning+1","Sunder+1","Redo+1"],"picked":"SKIP","floor":47},{"not_picked":["Chill+1","Reinforced Body","Gash"],"picked":"SKIP","floor":48}],"player_experience":156240,"relics_obtained":[{"floor":6,"key":"Strawberry"},{"floor":9,"key":"Oddly Smooth Stone"},{"floor":14,"key":"Shuriken"},{"floor":36,"key":"Thread and Needle"},{"floor":41,"key":"Smiling Mask"},{"floor":43,"key":"Shovel"}],"event_choices":[{"damage_healed":0,"gold_gain":0,"player_choice":"Ignored","damage_taken":0,"max_hp_gain":0,"max_hp_loss":0,"event_name":"Golden Idol","floor":4,"gold_loss":0},{"damage_healed":0,"gold_gain":0,"player_choice":"Ignored","damage_taken":0,"max_hp_gain":0,"max_hp_loss":0,"event_name":"NoteForYourself","floor":5,"gold_loss":0},{"damage_healed":0,"gold_gain":0,"player_choice":"Ignored","damage_taken":0,"max_hp_gain":0,"max_hp_loss":0,"event_name":"Transmorgrifier","floor":13,"gold_loss":0},{"damage_healed":0,"gold_gain":0,"player_choice":"Fight","damage_taken":0,"max_hp_gain":0,"max_hp_loss":0,"event_name":"Mysterious Sphere","floor":36,"gold_loss":0}],"is_beta":false,"boss_relics":[{"not_picked":["Inserter","Runic Pyramid"],"picked":"Empty Cage"},{"not_picked":["Runic Dome","SacredBark"],"picked":"Coffee Dripper"}],"items_purged_floors":[24,29,37],"is_endless":false,"potions_floor_spawned":[1,2,6,16,20,21,22,33,35,36,45,47],"ascension_level":0}}