{"host":"gqnf1sn1e9oq5zd0","time":1610604362,"event":{"mods":["BaseMod","BetterRewards","Minty Spire (QoL Compilation)","Shop Mod","StSLib"],"gold_per_floor":[111,111,111,121,121,121,150,150,174,174,187,199,210,229,229,333,333,350,350,68,81,96,96,122,122,169,169,183,199,215,31,31,31,31],"floor_reached":33,"language":"ENG","playtime":1130,"items_purged":["Clothesline"],"score":366,"play_id":"36ddc0fe-e5f6-46bd-a4be-a17ee800075f","local_time":"20210114010602","daily_mods":["Vintage"],"is_ascension_mode":true,"campfire_choices":[{"data":"Defend_R","floor":6,"key":"SMITH"},{"floor":8,"key":"REST"},{"floor":15,"key":"REST"},{"floor":25,"key":"REST"},{"data":"Feed","floor":27,"key":"SMITH"},{"floor":32,"key":"REST"}],"circlet_count":0,"master_deck":["Strike_R","Strike_R","Strike_R+1","Strike_R","Strike_R+1","Defend_R","Defend_R","Defend_R","Defend_R+1","Double Tap+1","Feed+1","Armaments+1"],"relics":["Burning Blood","Tiny Chest","Toxic Egg 2","Regal Pillow","Mummified Hand","Red Skull","Centennial Puzzle","Toy Ornithopter","MerchantsRug","Brimstone","Happy Flower","Enchiridion","Pen Nib","Blood Vial","CeramicFish","Vajra","Boot","Akabeko"],"acts_visited":["Exordium","TheCity"],"potions_floor_usage":[16,16,33],"damage_taken":[{"damage":13,"enemies":"2 Louse","floor":1,"turns":4},{"damage":1,"enemies":"Cultist","floor":4,"turns":4},{"damage":49,"enemies":"Gremlin Nob","floor":7,"turns":5},{"damage":13,"enemies":"Jaw Worm","floor":11,"turns":3},{"damage":22,"enemies":"Exordium Thugs","floor":12,"turns":6},{"damage":10,"enemies":"Looter","floor":13,"turns":2},{"damage":12,"enemies":"Blue Slaver","floor":14,"turns":2},{"damage":62,"enemies":"Hexaghost","floor":16,"turns":12},{"damage":13,"enemies":"Chosen","floor":18,"turns":6},{"damage":22,"enemies":"2 Thieves","floor":21,"turns":3},{"damage":29,"enemies":"Snecko","floor":22,"turns":4},{"damage":19,"enemies":"Centurion and Healer","floor":28,"turns":3},{"damage":18,"enemies":"3 Cultists","floor":29,"turns":4},{"damage":4,"enemies":"Chosen and Byrds","floor":30,"turns":3},{"damage":130,"enemies":"Collector","floor":33,"turns":8}],"seed_played":"-8487490113323609307","potions_obtained":[{"floor":1,"key":"Dexterity Potion"},{"floor":4,"key":"SteroidPotion"},{"floor":11,"key":"Block Potion"},{"floor":16,"key":"DistilledChaos"},{"floor":22,"key":"SpeedPotion"},{"floor":29,"key":"EssenceOfSteel"},{"floor":30,"key":"Energy Potion"}],"is_trial":true,"path_per_floor":["M","?","$","M","?","R","E","R","T","T","M","M","M","M","R","B",null,"M","?","$","M","M","?","T","R","T","R","M","M","M","$","R","B"],"character_chosen":"IRONCLAD","items_purchased":["MerchantsRug","Armaments+1","Brimstone","FairyPotion","Boot","Akabeko"],"campfire_rested":4,"item_purchase_floors":[20,20,20,20,31,31],"current_hp_per_floor":[73,73,73,78,78,78,35,59,59,59,52,36,32,26,65,19,80,73,73,73,57,37,21,21,60,60,60,53,47,51,51,91,0,0],"gold":31,"neow_bonus":"","is_daily":false,"chose_seed":false,"campfire_upgraded":2,"win_rate":0.0,"timestamp":1610604362,"path_taken":["M","?","?","M","?","R","E","R","T","?","M","M","M","M","R","BOSS","M","?","?","M","M","?","?","R","T","R","?","M","M","?","R","BOSS"],"items_purchased_type":["Relic","Card","Relic","Potion","Relic","Relic"],"build_version":"2020-12-22","purchased_purges":1,"victory":false,"max_hp_per_floor":[80,80,80,80,80,80,80,80,80,80,80,80,80,80,80,80,80,80,80,80,80,83,83,83,83,83,83,87,91,91,91,91,91,91],"card_choices":[{"not_picked":["Bludgeon","Power Through+1"],"picked":"Armaments+1","floor":7},{"not_picked":["Corruption","Offering+1"],"picked":"Feed","floor":16}],"player_experience":237623,"relics_obtained":[{"floor":1,"key":"Tiny Chest"},{"floor":4,"key":"Toxic Egg 2"},{"floor":7,"key":"Dead Branch"},{"floor":9,"key":"Regal Pillow"},{"floor":10,"key":"Mummified Hand"},{"floor":11,"key":"Red Skull"},{"floor":12,"key":"Whetstone"},{"floor":13,"key":"Centennial Puzzle"},{"floor":14,"key":"Toy Ornithopter"},{"floor":18,"key":"Omamori"},{"floor":21,"key":"Smiling Mask"},{"floor":22,"key":"Happy Flower"},{"floor":23,"key":"Enchiridion"},{"floor":24,"key":"Pen Nib"},{"floor":26,"key":"Blood Vial"},{"floor":28,"key":"Potion Belt"},{"floor":29,"key":"CeramicFish"},{"floor":30,"key":"Vajra"}],"event_choices":[{"cards_removed":["Bash"],"damage_healed":0,"gold_gain":0,"player_choice":"Purged","damage_taken":0,"max_hp_gain":0,"max_hp_loss":0,"event_name":"Purifier","floor":2,"gold_loss":0},{"damage_healed":0,"gold_gain":0,"player_choice":"1 cards matched","damage_taken":0,"max_hp_gain":0,"max_hp_loss":0,"event_name":"Match and Keep!","floor":5,"gold_loss":0,"cards_obtained":["Double Tap"]},{"damage_healed":0,"gold_gain":0,"cards_transformed":["Armaments"],"player_choice":"Transformed","damage_taken":0,"max_hp_gain":0,"max_hp_loss":0,"event_name":"Transmorgrifier","floor":19,"gold_loss":0,"cards_obtained":["Clothesline"]},{"damage_healed":0,"gold_gain":0,"player_choice":"Obtained Book","damage_taken":16,"max_hp_gain":0,"max_hp_loss":0,"event_name":"Cursed Tome","floor":23,"gold_loss":0}],"is_beta":false,"boss_relics":[{"not_picked":["Empty Cage","Snecko Eye"],"picked":"Runic Dome"}],"items_purged_floors":[20],"is_endless":true,"potions_floor_spawned":[1,4,11,12,16,22,29,30],"killed_by":"Collector","ascension_level":1}}