{"host":"ibonnlq6s1c814xj","time":1610609449,"event":{"mods":["BaseMod","BetterRewards","Good Game Mod","Minty Spire (QoL Compilation)","Shop Mod","【功能Mod】聪明的最终Boss"],"gold_per_floor":[114,130,205,205,218,232,232,244,267,282,282,299,310,310,310,310,310],"floor_reached":16,"language":"ZHS","playtime":585,"items_purged":["Purity"],"score":96,"play_id":"0a3a7dfc-b71d-4d02-b9c2-8b3d74e4e693","local_time":"20210114153049","is_ascension_mode":false,"campfire_choices":[{"floor":7,"key":"REST"},{"floor":15,"key":"REST"}],"circlet_count":0,"master_deck":["Strike_G+1","Strike_G","Strike_G","Strike_G","Strike_G+1","Defend_G","Defend_G","Defend_G","Defend_G","Defend_G","Survivor","Neutralize","Deadly Poison","Deadly Poison","Strike_G","Escape Plan"],"relics":["Ring of the Snake","REME:ComplimentaryCards","Peace Pipe","Art of War","Strange Spoon","MerchantsRug","Boot","Anchor"],"acts_visited":["Exordium"],"potions_floor_usage":[16,16,16],"damage_taken":[{"damage":4,"enemies":"Cultist","floor":1,"turns":4},{"damage":0,"enemies":"2 Louse","floor":2,"turns":3},{"damage":0,"enemies":"Small Slimes","floor":5,"turns":3},{"damage":0,"enemies":"Blue Slaver","floor":6,"turns":4},{"damage":4,"enemies":"Exordium Thugs","floor":8,"turns":4},{"damage":8,"enemies":"2 Fungi Beasts","floor":10,"turns":3},{"damage":2,"enemies":"Blue Slaver","floor":12,"turns":4},{"damage":3,"enemies":"Red Slaver","floor":13,"turns":4},{"damage":38,"enemies":"Slime Boss","floor":16,"turns":6}],"seed_played":"5881354864226169207","potions_obtained":[{"floor":5,"key":"CultistPotion"},{"floor":6,"key":"DuplicationPotion"},{"floor":8,"key":"Ancient Potion"},{"floor":12,"key":"BlessingOfTheForge"}],"is_trial":false,"path_per_floor":["M","M","?","?","M","M","R","M","T","M","?","M","M","T","R","B"],"character_chosen":"THE_SILENT","items_purchased":["Deadly Poison","Peace Pipe","Art of War","Strange Spoon","MerchantsRug"],"campfire_rested":2,"item_purchase_floors":[0,0,0,0,0],"current_hp_per_floor":[34,34,23,16,16,16,37,33,33,25,11,9,6,6,27,0,0],"gold":310,"neow_bonus":"","is_daily":false,"chose_seed":false,"campfire_upgraded":0,"win_rate":0.0,"timestamp":1610609449,"path_taken":["M","M","?","?","M","M","R","M","T","M","?","M","?","?","R","BOSS"],"items_purchased_type":["Card","Relic","Relic","Relic","Relic"],"build_version":"2020-12-22","purchased_purges":1,"victory":false,"max_hp_per_floor":[70,70,70,70,70,70,70,70,70,70,70,70,70,70,70,70,70],"card_choices":[{"not_picked":["Backstab","Tactician"],"picked":"Deadly Poison","floor":1},{"not_picked":["Dagger Spray","Outmaneuver","Slice"],"picked":"SKIP","floor":2},{"not_picked":["Masterful Stab","Endless Agony","Footwork"],"picked":"SKIP","floor":5},{"not_picked":["Acrobatics","Sucker Punch"],"picked":"Escape Plan","floor":6},{"not_picked":["Underhanded Strike","Dagger Throw","Flechettes"],"picked":"SKIP","floor":8},{"not_picked":["All Out Attack","Blur","Caltrops"],"picked":"SKIP","floor":10},{"not_picked":["PiercingWail","Sucker Punch","Bane"],"picked":"SKIP","floor":12},{"not_picked":["Dagger Spray","Backflip","Outmaneuver"],"picked":"SKIP","floor":13}],"player_experience":200008,"relics_obtained":[{"floor":9,"key":"Boot"},{"floor":14,"key":"Anchor"}],"event_choices":[{"damage_healed":0,"gold_gain":75,"player_choice":"Gather Gold","damage_taken":11,"max_hp_gain":0,"max_hp_loss":0,"event_name":"World of Goop","floor":3,"gold_loss":0},{"damage_healed":0,"gold_gain":0,"player_choice":"Entered Light","damage_taken":14,"max_hp_gain":0,"max_hp_loss":0,"event_name":"Shining Light","floor":11,"gold_loss":0,"cards_upgraded":["Strike_G","Strike_G"]}],"is_beta":false,"boss_relics":[],"items_purged_floors":[0],"is_endless":false,"potions_floor_spawned":[5,6,8,12],"killed_by":"Slime Boss","ascension_level":0}}