{"host":"7zdktqb5xjtif29d","time":1610660603,"event":{"mods":["AchievementEnabler","BaseMod","Colored Map","Colored Powertips","Highlight Path","Minty Spire (QoL Compilation)","Rare Cards Sparkle","SuperFastMode","Waifu the Spire","everything is the same but u backflip on backflip"],"gold_per_floor":[17,66,76,91,91,117,117,128,128,156,141,141,141],"floor_reached":12,"language":"ENG","playtime":1261,"items_purged":[],"score":99,"play_id":"b929c72b-9e6d-48e4-87b3-648de2635589","local_time":"20210114214323","is_ascension_mode":true,"campfire_choices":[{"floor":7,"key":"REST"}],"circlet_count":0,"master_deck":["Strike_R","Strike_R","Strike_R","Strike_R","Strike_R","Defend_R","Defend_R","Defend_R","Defend_R","Clash","Battle Trance","Wild Strike","Twin Strike","Wild Strike"],"relics":["Burning Blood","Ginger","Bag of Preparation","Bottled Lightning","Bottled Flame","Champion Belt"],"acts_visited":["Exordium"],"potions_floor_usage":[],"damage_taken":[{"damage":6,"enemies":"Cultist","floor":1,"turns":4},{"damage":25,"enemies":"Small Slimes","floor":3,"turns":7},{"damage":4,"enemies":"Jaw Worm","floor":4,"turns":7},{"damage":39,"enemies":"Lagavulin","floor":6,"turns":9},{"damage":11,"enemies":"Looter","floor":8,"turns":4},{"damage":35,"enemies":"3 Sentries","floor":10,"turns":9},{"damage":12,"enemies":"Exordium Thugs","floor":11,"turns":4},{"damage":18,"enemies":"Lagavulin","floor":12,"turns":2}],"seed_played":"-7204640133064542581","potions_obtained":[{"floor":1,"key":"ColorlessPotion"},{"floor":3,"key":"Energy Potion"},{"floor":11,"key":"GamblersBrew"}],"is_trial":false,"path_per_floor":["M","T","M","M","?","E","R","M","T","E","M","E"],"character_chosen":"IRONCLAD","items_purchased":[],"campfire_rested":1,"item_purchase_floors":[],"current_hp_per_floor":[80,80,61,63,63,30,54,49,49,20,14,0,0],"gold":141,"neow_bonus":"ONE_RARE_RELIC","is_daily":false,"chose_seed":false,"campfire_upgraded":0,"win_rate":0.0,"timestamp":1610660603,"path_taken":["M","?","M","M","?","E","R","M","T","E","M","E"],"items_purchased_type":[],"build_version":"2020-12-22","purchased_purges":0,"victory":false,"max_hp_per_floor":[80,80,80,80,80,80,80,80,80,80,80,80,80],"card_choices":[{"not_picked":["Shockwave","Searing Blow","Clothesline"],"picked":"SKIP","floor":1},{"not_picked":["Warcry","Clothesline","Heavy Blade"],"picked":"SKIP","floor":3},{"not_picked":["Havoc","Burning Pact"],"picked":"Clash","floor":4},{"not_picked":["Dropkick","Thunderclap"],"picked":"Wild Strike","floor":6},{"not_picked":["Burning Pact","Warcry","Limit Break"],"picked":"SKIP","floor":8},{"not_picked":["Rampage","Clothesline"],"picked":"Twin Strike","floor":10},{"not_picked":["Heavy Blade","Rage"],"picked":"Wild Strike","floor":11}],"player_experience":210362,"relics_obtained":[{"floor":2,"key":"Bag of Preparation"},{"floor":6,"key":"Bottled Lightning"},{"floor":9,"key":"Bottled Flame"},{"floor":10,"key":"Champion Belt"}],"event_choices":[{"damage_healed":0,"gold_gain":0,"cards_transformed":["Bash"],"player_choice":"Transformed","damage_taken":0,"max_hp_gain":0,"max_hp_loss":0,"event_name":"Transmorgrifier","floor":5,"gold_loss":0,"cards_obtained":["Battle Trance"]}],"is_beta":false,"boss_relics":[],"items_purged_floors":[],"is_endless":false,"potions_floor_spawned":[1,3,11],"killed_by":"Lagavulin","ascension_level":2}}