{"host":"a331l7x7bue2m35h","time":1610648640,"event":{"mods":["BaseMod","Lobotomy","Minty Spire (QoL Compilation)","Replay The Spire","StSLib","The Cursed"],"gold_per_floor":[114,74,74,91,101,101,101,113,113,113,113,113,127,142,142,142,142],"floor_reached":16,"language":"KOR","playtime":577,"items_purged":[],"score":97,"play_id":"a085a0fa-ad5d-427a-a427-92704346c421","local_time":"20210115032400","is_ascension_mode":true,"campfire_choices":[{"data":"ReplayTheSpireMod:Muscle Training","floor":7,"key":"SMITH"},{"data":"Pommel Strike","floor":10,"key":"SMITH"},{"floor":15,"key":"DIG"}],"circlet_count":0,"master_deck":["Strike_R","Strike_R","Strike_R","Strike_R","Strike_R","Defend_R","Defend_R","Defend_R","Defend_R","Bash","Funeral","Sword Boomerang+1","Spot Weakness","VoidDream","ReplayTheSpireMod:Muscle Training+1","MHz","Pommel Strike+1","FairyFestival","Languid","OSAHOGD","Cleave","BeautyBeast","Warcry"],"relics":["Burning Blood","CogitoBucket","Happy Flower","Matryoshka","Ring of Panic","Ring of Peace","TreeSap","WingedGreaves"],"acts_visited":["Exordium"],"potions_floor_usage":[16],"damage_taken":[{"damage":9,"enemies":"Small Slimes","floor":1,"turns":4},{"damage":11,"enemies":"2 Louse","floor":4,"turns":2},{"damage":9,"enemies":"Cultist","floor":5,"turns":4},{"damage":21,"enemies":"3 Louse","floor":8,"turns":4},{"damage":5,"enemies":"2 Fungi Beasts","floor":13,"turns":4},{"damage":17,"enemies":"Looter","floor":14,"turns":4},{"damage":53,"enemies":"The Guardian","floor":16,"turns":8}],"seed_played":"8496040336753569139","potions_obtained":[{"floor":13,"key":"SmokeBomb"},{"floor":14,"key":"Dexterity Potion"}],"is_trial":false,"path_per_floor":["M","$","?","M","M","?","R","M","T","R","?","?","M","M","R","B"],"character_chosen":"IRONCLAD","items_purchased":["Spot Weakness"],"campfire_rested":0,"item_purchase_floors":[2],"current_hp_per_floor":[77,77,77,72,70,70,70,56,56,56,53,53,57,48,48,0,0],"gold":142,"neow_bonus":"","is_daily":false,"chose_seed":false,"campfire_upgraded":2,"win_rate":0.0,"timestamp":1610648640,"path_taken":["M","$","?","M","M","?","R","?","T","R","?","?","M","M","R","BOSS"],"items_purchased_type":["Card"],"build_version":"2020-12-22","purchased_purges":0,"victory":false,"max_hp_per_floor":[80,80,80,80,80,80,80,80,80,80,80,80,80,80,80,80,80],"card_choices":[{"not_picked":["UniverseFragment","PunishingBird"],"picked":"Funeral","floor":1},{"not_picked":["Anger","Massacre"],"picked":"Sword Boomerang","floor":1},{"not_picked":["Bloodbath","BlackSwan"],"picked":"VoidDream","floor":4},{"not_picked":["Disarm","Feel No Pain"],"picked":"ReplayTheSpireMod:Muscle Training","floor":4},{"not_picked":["FairyFestival","OSAHOGD"],"picked":"MHz","floor":5},{"not_picked":["Perfected Strike","Sentinel"],"picked":"Pommel Strike","floor":5},{"not_picked":["Scarecrow","WallGazer"],"picked":"FairyFestival","floor":8},{"not_picked":["Life Link","ReplayReversal","Headbutt"],"picked":"SKIP","floor":8},{"not_picked":["Alriune","Scorched"],"picked":"OSAHOGD","floor":13},{"not_picked":["Clash","Evolve"],"picked":"Cleave","floor":13},{"not_picked":["Murderer","PunishingBird"],"picked":"BeautyBeast","floor":14},{"not_picked":["Combust","Iron Wave"],"picked":"Warcry","floor":14}],"player_experience":163651,"relics_obtained":[{"floor":9,"key":"Happy Flower"},{"floor":12,"key":"Ring of Panic"},{"floor":12,"key":"Ring of Peace"},{"floor":15,"key":"WingedGreaves"}],"event_choices":[{"damage_healed":0,"gold_gain":0,"player_choice":"1 cards matched","damage_taken":0,"max_hp_gain":0,"max_hp_loss":0,"event_name":"Match and Keep!","floor":6,"gold_loss":0,"cards_obtained":["Discovery"]},{"damage_healed":0,"gold_gain":0,"player_choice":"Success","damage_taken":3,"relics_obtained":["Matryoshka"],"max_hp_gain":0,"max_hp_loss":0,"event_name":"Scrap Ooze","floor":11,"gold_loss":0}],"is_beta":false,"boss_relics":[],"items_purged_floors":[],"is_endless":false,"potions_floor_spawned":[13,14],"killed_by":"The Guardian","ascension_level":1}}