{"host":"leop","time":1610635007,"event":{"mods":["ATMod(°¢èªMod)","Act Like it!","BaseMod","GifTheSpireLib","Minty Spire (QoL Compilation)","MostiFishMod","Shop Mod","Spicy Shops","StSLib","TestMod","Yakumo Yukari mod","[IsaacMod]ÒÔÈö¼âËþ","noobMod","¡¾¹¦ÄÜMod¡¿»ìãçÖ®»·ÐÞ¸´²¹¶¡","¡¾ÒÅÎï¿¨ÅÆ¡¿REMEMod"],"gold_per_floor":[118,42449,42449,41141,41156,41184,41199,41224,41224,41249,41264,41281,41292,39116,39116,39290,39290,39303,39303,39303,39303],"floor_reached":20,"language":"ZHS","playtime":920,"items_purged":["Strike_B","Strike_B","Defend_B","Defend_B"],"score":688,"play_id":"ccd0fa9b-ec06-40db-a41e-47fe4b0f29a0","local_time":"20210114223647","is_ascension_mode":true,"campfire_choices":[{"data":"Coolheaded","floor":15,"key":"SMITH"}],"circlet_count":0,"master_deck":["AscendersBane","Strike_B+1","Strike_B+1","Zap","Dualcast","BettingIsNotGood","AT_WaterDrop","AT_FamilyPortrait","Coolheaded+1","MostiFishMod:SeaWaves","White Noise+1","Biased Cognition","Skim+1","Ball Lightning","Coolheaded+1"],"relics":["Cracked Core","ice","testmod-TestBox","DaveBox","REME_ComplimentaryCards","AT_ATBox","HushsDoor","Chaos","NightmareShop","testmod-LifeArmor","testmod-D¨¦j¨¤vu","SynthV:TestCard","DataDisk","BionicSphere","Toxic Egg 2","Burning Blood","testmod-AssaultLearning","AT_BellowingDragoncrestRing","Blue Candle","Ying","Whetstone","REME_HourglassOfDeath","testmod-DreamHouse","Happy Flower","Lantern","testmod-Alchemist","PunchingBag","ChiXiaoBlade","Ring of the Snake","testmod-IWantAll","AT_TheCollector","Sundial"],"acts_visited":["Exordium","TheCity"],"potions_floor_usage":[],"damage_taken":[{"damage":0,"enemies":"Cultist","floor":1,"turns":4},{"damage":0,"enemies":"Small Slimes","floor":5,"turns":2},{"damage":1,"enemies":"Lagavulin","floor":6,"turns":9},{"damage":0,"enemies":"2 Louse","floor":7,"turns":2},{"damage":0,"enemies":"3 Sentries","floor":8,"turns":5},{"damage":3,"enemies":"Gremlin Nob","floor":10,"turns":3},{"damage":0,"enemies":"Blue Slaver","floor":11,"turns":2},{"damage":0,"enemies":"Lots of Slimes","floor":12,"turns":2},{"damage":1,"enemies":"2 Fungi Beasts","floor":13,"turns":2},{"damage":4,"enemies":"Hexaghost","floor":16,"turns":4},{"damage":0,"enemies":"3 Byrds","floor":18,"turns":2},{"damage":0,"enemies":"Chosen","floor":20,"turns":1}],"seed_played":"4141883438098057258","potions_obtained":[{"floor":1,"key":"PowerPotion"},{"floor":5,"key":"DuplicationPotion"},{"floor":11,"key":"LiquidMemories"},{"floor":13,"key":"DuplicationPotion"}],"is_trial":false,"path_per_floor":["M","$","T","$","M","E","M","E","T","E","M","M","M","$","R","B",null,"M","?","M"],"character_chosen":"DEFECT","items_purchased":["DataDisk","BionicSphere","Toxic Egg 2","MostiFishMod:SeaWaves","White Noise+1","Biased Cognition","testmod-AssaultLearning","AT_BellowingDragoncrestRing","Blue Candle","Ying","Whetstone","ChiXiaoBlade","Ring of the Snake","testmod-IWantAll","MostiFishMod:LinkProtocol+1","AT_DarkMatter+1","AT_TheCollector","Creative AI","AT_EMC2+1","FairyPotion"],"campfire_rested":0,"item_purchase_floors":[2,2,2,2,2,4,4,4,4,4,4,14,14,14,14,14,14,17,17,17],"current_hp_per_floor":[46,46,46,46,52,57,63,69,69,71,71,71,71,71,71,71,56,56,56,56,56],"gold":39303,"neow_bonus":"ONE_RARE_RELIC","is_daily":false,"chose_seed":false,"campfire_upgraded":1,"win_rate":0.0,"timestamp":1610635007,"path_taken":["M","?","?","$","M","E","M","E","T","E","M","M","?","$","R","BOSS","M","?","M"],"items_purchased_type":["Relic","Relic","Relic","Card","Card","Card","Relic","Relic","Relic","Relic","Relic","Relic","Relic","Relic","Card","Card","Relic","Card","Card","Potion"],"build_version":"2020-12-18","purchased_purges":4,"victory":false,"max_hp_per_floor":[71,71,71,71,71,71,71,71,71,71,71,71,71,71,71,71,56,56,56,56,56],"card_choices":[{"not_picked":[],"picked":"BettingIsNotGood","floor":0},{"not_picked":["Chaos","Streamline"],"picked":"Coolheaded","floor":1},{"not_picked":["Ball Lightning","AT_DarkMatter+1","MostiFishMod:GoodWordForIt","Chill+1"],"picked":"Skim+1","floor":5},{"not_picked":["MostiFishMod:PushDownKick","Blizzard","Conserve Battery+1","Cold Snap"],"picked":"Ball Lightning","floor":6},{"not_picked":["MostiFishMod:ReprogramOld+1","Gash","Barrage","Conserve Battery+1"],"picked":"Coolheaded+1","floor":7},{"not_picked":["AT_RobotInSpace+1","Cancel+1","MostiFishMod:PushDownKick","Cold Snap"],"picked":"Storm","floor":8},{"not_picked":["Hyperbeam","Stack+1","Go for the Eyes","Conserve Battery+1","Bomb"],"picked":"SKIP","floor":10},{"not_picked":["Bomb","Barrage","Tempest+1","Rip and Tear"],"picked":"Double Energy+1","floor":11},{"not_picked":["Leap+1","REME_Whirling+1","Sweeping Beam","Reinforced Body+1"],"picked":"AT_StudyProgram","floor":12},{"not_picked":["REME_Compress+1","MostiFishMod:Tomorrow+1","Rebound","Barrage","Streamline"],"picked":"SKIP","floor":13},{"not_picked":["MostiFishMod:TalkingToTheRain","MostiFishMod:Culaccino+1","Amplify+1","Hyperbeam"],"picked":"MostiFishMod:ReadyAimFire+1","floor":16},{"not_picked":["Leap+1","Genetic Algorithm+1","Hologram+1","Go for the Eyes","Streamline"],"picked":"SKIP","floor":18}],"player_experience":1069439,"relics_obtained":[{"floor":1,"key":"SynthV:TestCard"},{"floor":3,"key":"Burning Blood"},{"floor":6,"key":"REME_HourglassOfDeath"},{"floor":8,"key":"testmod-DreamHouse"},{"floor":9,"key":"testmod-Alchemist"},{"floor":10,"key":"PunchingBag"}],"event_choices":[{"damage_healed":0,"gold_gain":0,"cards_transformed":["Defend_B","Defend_B"],"player_choice":"Became Test Subject","damage_taken":0,"max_hp_gain":0,"max_hp_loss":0,"event_name":"Drug Dealer","floor":19,"gold_loss":0,"cards_obtained":["AT_StudyProgram","REME_Whirling"]}],"is_beta":true,"boss_relics":[{"not_picked":["Potion Belt","testmod-BlackFramedGlasses"],"picked":"Sundial"},{"not_picked":[]}],"items_purged_floors":[2,4,14,17],"is_endless":false,"potions_floor_spawned":[1,5,8,11,13],"killed_by":"Chosen","ascension_level":20}}