{"host":"dbkc9h3etq50r1dq","time":1610585840,"event":{"mods":["AchievementEnabler","BaseMod","Block Reminder","Colored Powertips","Curses Come First","Custom Start","Dark Map","Minty Spire (QoL Compilation)","Permanent Neow","Potion Indicator Mod","Rare Cards Sparkle","StSLib","SuperFastMode"],"gold_per_floor":[112,124,124,124,124,149,165,52,52,67,85,98,273,284,284,284,284],"floor_reached":16,"language":"ZHS","playtime":582,"items_purged":["Regret"],"score":120,"play_id":"9ea8d211-8335-4ac0-9bac-6658c0a661ea","local_time":"20210114085720","is_ascension_mode":true,"campfire_choices":[{"floor":15,"key":"REST"}],"circlet_count":0,"master_deck":["Strike_P","Strike_P","Strike_P","Strike_P","Defend_P","Defend_P","Defend_P","Defend_P","Eruption","Vigilance","CutThroughFate","EmptyFist","Swivel","ReachHeaven","TalkToTheHand","Meditate","Consecrate+1","Doubt","Nirvana"],"relics":["PureWater","Bag of Preparation","Blood Vial","Pen Nib","Turnip","Molten Egg 2"],"acts_visited":["Exordium"],"potions_floor_usage":[10,14,16],"damage_taken":[{"damage":5,"enemies":"2 Louse","floor":1,"turns":2},{"damage":0,"enemies":"Small Slimes","floor":2,"turns":2},{"damage":43,"enemies":"3 Sentries","floor":6,"turns":11},{"damage":0,"enemies":"Jaw Worm","floor":7,"turns":2},{"damage":6,"enemies":"Lots of Slimes","floor":10,"turns":3},{"damage":0,"enemies":"Exordium Wildlife","floor":11,"turns":2},{"damage":9,"enemies":"Large Slime","floor":12,"turns":5},{"damage":0,"enemies":"Blue Slaver","floor":14,"turns":2},{"damage":43,"enemies":"Hexaghost","floor":16,"turns":13}],"seed_played":"508019269767809714","potions_obtained":[{"floor":2,"key":"Block Potion"},{"floor":7,"key":"Swift Potion"},{"floor":12,"key":"Energy Potion"}],"is_trial":false,"path_per_floor":["M","M","?","?","T","E","M","$","T","M","M","M","?","M","R","B"],"character_chosen":"WATCHER","items_purchased":["TalkToTheHand"],"campfire_rested":1,"item_purchase_floors":[8],"current_hp_per_floor":[67,67,64,64,64,23,25,25,25,21,23,16,16,18,39,0,0],"gold":284,"neow_bonus":"THREE_CARDS","is_daily":false,"chose_seed":false,"campfire_upgraded":0,"win_rate":0.0,"timestamp":1610585840,"path_taken":["M","M","?","?","?","E","M","$","T","?","M","M","?","M","R","BOSS"],"items_purchased_type":["Card"],"build_version":"2020-12-22","purchased_purges":1,"victory":false,"max_hp_per_floor":[72,72,72,72,72,72,72,72,72,72,72,72,72,72,72,72,72],"card_choices":[{"not_picked":["FlyingSleeves","FollowUp"],"picked":"CutThroughFate","floor":0},{"not_picked":["SashWhip","WindmillStrike"],"picked":"EmptyFist","floor":1},{"not_picked":["FollowUp","BowlingBash"],"picked":"Swivel","floor":2},{"not_picked":["Prostrate","FollowUp"],"picked":"ReachHeaven","floor":6},{"not_picked":["BattleHymn","BowlingBash","Halt"],"picked":"SKIP","floor":7},{"not_picked":["Wireheading","Worship","Vengeance"],"picked":"SKIP","floor":10},{"not_picked":["FollowUp+1","CrushJoints+1"],"picked":"Meditate","floor":11},{"not_picked":["BowlingBash+1","InnerPeace"],"picked":"Consecrate+1","floor":12},{"not_picked":["CutThroughFate+1","Wish"],"picked":"Nirvana","floor":14}],"player_experience":140697,"relics_obtained":[{"floor":5,"key":"Pen Nib"},{"floor":6,"key":"Turnip"},{"floor":9,"key":"Molten Egg 2"}],"event_choices":[{"damage_healed":0,"gold_gain":0,"player_choice":"Success","damage_taken":3,"relics_obtained":["Bag of Preparation"],"max_hp_gain":0,"max_hp_loss":0,"event_name":"Scrap Ooze","floor":3,"gold_loss":0},{"damage_healed":0,"gold_gain":0,"player_choice":"Box","damage_taken":0,"relics_obtained":["Blood Vial"],"max_hp_gain":0,"max_hp_loss":0,"event_name":"Big Fish","floor":4,"gold_loss":0,"cards_obtained":["Regret"]},{"damage_healed":0,"gold_gain":175,"player_choice":"AGREE","damage_taken":0,"max_hp_gain":0,"max_hp_loss":0,"event_name":"Liars Game","floor":13,"gold_loss":0,"cards_obtained":["Doubt"]}],"is_beta":false,"boss_relics":[],"items_purged_floors":[8],"is_endless":false,"potions_floor_spawned":[2,7,12],"killed_by":"Hexaghost","ascension_level":3}}