{"host":"iyj530209nkhhjuz","time":1610630342,"event":{"mods":["AchievementEnabler","BaseMod","Better Match","Better Note","Better Third Choice","BetterRewards","Colored Map","Colored Powertips","Dark Map","Fox Events","Highlight Path","Minty Spire (QoL Compilation)","Permanent Neow","Random Character Button","Rare Cards Sparkle","Relic Stats","StSLib","Waifu the Spire"],"gold_per_floor":[118,18,37,37,64,64,92,112,112,112,137,158,170,195,195,293,293,305,329,61,78,78,106,131,131,182,195,220,220,247,262,262,367,367,386,400,31,31,31,31,0,29,29,63,82,109,109,123,123,123],"floor_reached":51,"language":"ENG","playtime":4431,"items_purged":["Strike_P","Defend_P","Strike_P"],"score":1162,"play_id":"afcda0fd-8045-4a9a-9de0-16340f41f5b4","local_time":"20210114141902","is_ascension_mode":true,"campfire_choices":[{"data":"WindmillStrike","floor":6.0,"key":"SMITH"},{"data":"WindmillStrike","floor":10.0,"key":"SMITH"},{"data":"Eruption","floor":15.0,"key":"SMITH"},{"data":"Establishment","floor":29.0,"key":"SMITH"},{"floor":32.0,"key":"REST"},{"data":"Perseverance","floor":40.0,"key":"SMITH"},{"data":"WindmillStrike","floor":47,"key":"SMITH"},{"floor":49,"key":"REST"}],"circlet_count":0,"master_deck":["Eruption+1","Vigilance+1","WindmillStrike+1","CrushJoints","WindmillStrike+1","WindmillStrike+1","Establishment+1","Perseverance+1","WindmillStrike+1","Protect+1","MentalFortress+1"],"relics":["PureWater","CeramicFish","Strawberry","Pocketwatch","Ornamental Fan","Molten Egg 2","Runic Pyramid","Membership Card","Orichalcum","Smiling Mask","Tiny Chest","Ancient Tea Set","Bag of Preparation","White Beast Statue","Medical Kit","Red Mask","War Paint","Unceasing Top","Pen Nib","Prayer Wheel"],"acts_visited":["Exordium","TheCity","TheBeyond"],"potions_floor_usage":[44,50,50],"damage_taken":[{"damage":1.0,"enemies":"Cultist","floor":1.0,"turns":3.0},{"damage":2.0,"enemies":"Jaw Worm","floor":3.0,"turns":3.0},{"damage":0.0,"enemies":"2 Louse","floor":5.0,"turns":3.0},{"damage":10.0,"enemies":"Lagavulin","floor":7.0,"turns":6.0},{"damage":4.0,"enemies":"2 Fungi Beasts","floor":8.0,"turns":2.0},{"damage":10.0,"enemies":"3 Sentries","floor":11.0,"turns":4.0},{"damage":5.0,"enemies":"Exordium Thugs","floor":12.0,"turns":3.0},{"damage":0.0,"enemies":"Large Slime","floor":13.0,"turns":3.0},{"damage":2.0,"enemies":"Looter","floor":14.0,"turns":3.0},{"damage":11.0,"enemies":"Hexaghost","floor":16.0,"turns":5.0},{"damage":0.0,"enemies":"Chosen","floor":18.0,"turns":4.0},{"damage":6.0,"enemies":"3 Byrds","floor":19.0,"turns":5.0},{"damage":5.0,"enemies":"Centurion and Healer","floor":21.0,"turns":4.0},{"damage":28.0,"enemies":"Gremlin Leader","floor":23.0,"turns":3.0},{"damage":0.0,"enemies":"Snecko","floor":24.0,"turns":4.0},{"damage":10.0,"enemies":"Chosen and Byrds","floor":27.0,"turns":4.0},{"damage":0.0,"enemies":"Book of Stabbing","floor":28.0,"turns":3.0},{"damage":14.0,"enemies":"Slavers","floor":30.0,"turns":4.0},{"damage":0.0,"enemies":"Shelled Parasite and Fungi","floor":31.0,"turns":3.0},{"damage":2.0,"enemies":"Automaton","floor":33.0,"turns":6.0},{"damage":7.0,"enemies":"Orb Walker","floor":35.0,"turns":3.0},{"damage":10.0,"enemies":"3 Shapes","floor":36.0,"turns":3.0},{"damage":0.0,"enemies":"Nemesis","floor":42.0,"turns":3.0},{"damage":0,"enemies":"Reptomancer","floor":44,"turns":5},{"damage":0,"enemies":"Jaw Worm Horde","floor":45,"turns":3},{"damage":7,"enemies":"Giant Head","floor":46,"turns":6},{"damage":4,"enemies":"Transient","floor":48,"turns":5},{"damage":19,"enemies":"Time Eater","floor":50,"turns":9}],"seed_played":"7593757272946377005","potions_obtained":[{"floor":3.0,"key":"Regen Potion"},{"floor":5.0,"key":"PowerPotion"},{"floor":12.0,"key":"Dexterity Potion"},{"floor":23.0,"key":"SkillPotion"},{"floor":42.0,"key":"Fruit Juice"},{"floor":44,"key":"Swift Potion"}],"is_trial":false,"path_per_floor":["M","$","M","?","M","R","E","M","T","R","E","M","M","M","R","B",null,"M","M","$","M","?","E","M","?","T","M","E","R","E","M","R","B",null,"M","M","$","?","$","R","?","E","T","E","M","E","R","M","R","B",null],"character_chosen":"WATCHER","items_purchased":["WindmillStrike","CeramicFish","Strawberry","Explosive Potion","Membership Card","Bag of Preparation","White Beast Statue","Fruit Juice","Medical Kit","DistilledChaos"],"campfire_rested":2,"item_purchase_floors":[0,0,0,0,20,37,37,37,37,37],"current_hp_per_floor":[78,78,76,76,76,76,66,62,62,62,52,47,47,45,45,34,79,79,73,73,68,68,40,40,40,40,30,30,30,16,16,39,37,79,72,62,62,62,62,62,62,67,67,72,72,65,65,61,87,68],"gold":123,"neow_bonus":"","is_daily":false,"chose_seed":false,"campfire_upgraded":6,"win_rate":0.0,"timestamp":1610630342,"path_taken":["M","?","?","?","M","R","E","M","T","R","E","M","M","M","R","BOSS","M","?","$","?","?","E","M","?","T","?","E","R","E","M","R","BOSS","M","M","$","?","$","R","?","E","T","E","M","E","R","M","R","BOSS"],"items_purchased_type":["Card","Relic","Relic","Potion","Relic","Relic","Relic","Potion","Relic","Potion"],"build_version":"2020-12-22","purchased_purges":3,"victory":true,"max_hp_per_floor":[79,79,79,79,79,79,79,79,79,79,79,79,79,79,79,79,79,79,79,79,79,79,79,79,79,79,79,79,79,79,79,79,79,79,79,79,79,79,79,79,79,84,84,89,89,89,89,89,89,89],"relic_stats":{"counters":[33,139],"CeramicFish":81,"Pen Nib":[4],"Bag of Preparation":[12],"Orichalcum":[36],"War Paint":["Vigilance","Protect"],"Smiling Mask":0,"Medical Kit":[2],"Ornamental Fan":[148],"Tiny Chest":0,"Prayer Wheel":1,"obtain_stats":[{"CeramicFish":0,"Bag of Preparation":37,"Smiling Mask":26,"Ancient Tea Set":30,"Strawberry":0,"Tiny Chest":28,"Prayer Wheel":46,"Red Mask":41,"Ring of the Snake":0,"Runic Pyramid":17,"Golden Idol":3,"Pen Nib":44,"Orichalcum":23,"War Paint":42,"Medical Kit":37,"White Beast Statue":37,"Ornamental Fan":9,"Molten Egg 2":11,"Turnip":9,"Bottled Lightning":6,"Membership Card":20,"PureWater":0,"Unceasing Top":43,"Meat on the Bone":8,"Pocketwatch":7},{"CeramicFish":5,"Bag of Preparation":27,"Smiling Mask":20,"Ancient Tea Set":23,"Strawberry":5,"Tiny Chest":22,"Prayer Wheel":31,"Red Mask":27,"Ring of the Snake":0,"Runic Pyramid":15,"Golden Idol":1,"Pen Nib":29,"Orichalcum":19,"War Paint":28,"Medical Kit":27,"White Beast Statue":27,"Ornamental Fan":10,"Molten Egg 2":11,"Turnip":4,"Bottled Lightning":3,"Membership Card":17,"PureWater":0,"Unceasing Top":28,"Meat on the Bone":4,"Pocketwatch":9},{"CeramicFish":27,"Bag of Preparation":108,"Smiling Mask":82,"Ancient Tea Set":93,"Strawberry":27,"Tiny Chest":89,"Prayer Wheel":125,"Red Mask":108,"Ring of the Snake":0,"Runic Pyramid":62,"Golden Idol":4,"Pen Nib":116,"Orichalcum":78,"War Paint":111,"Medical Kit":108,"White Beast Statue":108,"Ornamental Fan":44,"Molten Egg 2":48,"Turnip":24,"Bottled Lightning":16,"Membership Card":71,"PureWater":0,"Unceasing Top":111,"Meat on the Bone":24,"Pocketwatch":42}],"Unceasing Top":[0],"Pocketwatch":[27]},"card_choices":[{"not_picked":["EmptyBody","EmptyFist"],"picked":"CrushJoints","floor":1.0},{"not_picked":["ClearTheMind","Wireheading"],"picked":"WindmillStrike","floor":3.0},{"not_picked":["ClearTheMind","EmptyBody"],"picked":"WindmillStrike","floor":5.0},{"not_picked":["FlurryOfBlows","JustLucky","BowlingBash"],"picked":"SKIP","floor":7.0},{"not_picked":["Collect","Crescendo"],"picked":"Establishment","floor":8.0},{"not_picked":["Meditate","CrushJoints+1","Halt"],"picked":"SKIP","floor":11.0},{"not_picked":["WreathOfFlame","FollowUp+1"],"picked":"Perseverance","floor":12.0},{"not_picked":["JustLucky+1","Fasting2","FearNoEvil+1"],"picked":"SKIP","floor":13.0},{"not_picked":["JustLucky+1","BowlingBash+1"],"picked":"WindmillStrike+1","floor":14.0},{"not_picked":["Evaluate","EmptyBody","JustLucky+1"],"picked":"SKIP","floor":18.0},{"not_picked":["Prostrate","Crescendo"],"picked":"Protect","floor":19.0},{"not_picked":["CutThroughFate+1","SashWhip+1","ReachHeaven+1"],"picked":"SKIP","floor":21.0},{"not_picked":["Prostrate","Judgement","Study+1"],"picked":"SKIP","floor":23.0},{"not_picked":["FlurryOfBlows+1","BowlingBash+1"],"picked":"Protect","floor":24.0},{"not_picked":["Prostrate","ThirdEye+1","Worship"],"picked":"SKIP","floor":27.0},{"not_picked":["Adaptation+1","Wallop+1","MentalFortress"],"picked":"SKIP","floor":28.0},{"not_picked":["Adaptation","FollowUp+1","Evaluate"],"picked":"SKIP","floor":30.0},{"not_picked":["Study","FollowUp+1","FlurryOfBlows+1"],"picked":"SKIP","floor":31.0},{"not_picked":["Consecrate+1","SashWhip+1","Halt"],"picked":"SKIP","floor":35.0},{"not_picked":["ThirdEye+1","Consecrate+1","Prostrate+1"],"picked":"SKIP","floor":36.0},{"not_picked":["FlyingSleeves+1","DeusExMachina","Tantrum+1"],"picked":"SKIP","floor":42.0},{"not_picked":["Vengeance","Consecrate+1"],"picked":"MentalFortress+1","floor":44},{"not_picked":["FlyingSleeves+1","CarveReality+1","CutThroughFate+1"],"picked":"SKIP","floor":45},{"not_picked":["Ragnarok+1","EmptyBody","Wallop+1"],"picked":"SKIP","floor":46},{"not_picked":["Crescendo+1","CrushJoints+1","ClearTheMind"],"picked":"SKIP","floor":48},{"not_picked":["Collect","Tantrum+1","SashWhip+1"],"picked":"SKIP","floor":48}],"player_experience":397409,"relics_obtained":[{"floor":7.0,"key":"Pocketwatch"},{"floor":9.0,"key":"Ornamental Fan"},{"floor":11.0,"key":"Molten Egg 2"},{"floor":23.0,"key":"Orichalcum"},{"floor":26.0,"key":"Smiling Mask"},{"floor":28.0,"key":"Tiny Chest"},{"floor":30.0,"key":"Ancient Tea Set"},{"floor":42.0,"key":"War Paint"},{"floor":43.0,"key":"Unceasing Top"},{"floor":44,"key":"Pen Nib"},{"floor":46,"key":"Prayer Wheel"}],"event_choices":[{"cards_removed":["Strike_P"],"damage_healed":0.0,"max_hp_gain":0.0,"max_hp_loss":0.0,"gold_gain":0.0,"event_name":"Purifier","player_choice":"Purged","floor":4.0,"gold_loss":0.0,"damage_taken":0.0},{"damage_healed":0.0,"max_hp_gain":0.0,"max_hp_loss":4.0,"gold_gain":0.0,"event_name":"betterThird:BetterWriting","player_choice":"Materialism","floor":22.0,"gold_loss":0.0,"damage_taken":0.0},{"damage_healed":0.0,"max_hp_gain":0.0,"max_hp_loss":0.0,"gold_gain":0.0,"event_name":"Vampires","player_choice":"Ignored","floor":25.0,"gold_loss":0.0,"damage_taken":0.0},{"cards_removed":["Protect"],"damage_healed":0.0,"max_hp_gain":0.0,"max_hp_loss":0.0,"gold_gain":0.0,"event_name":"Falling","player_choice":"Removed Skill","floor":38.0,"gold_loss":0.0,"damage_taken":0.0},{"damage_healed":0.0,"max_hp_gain":0.0,"max_hp_loss":0.0,"gold_gain":0.0,"event_name":"Tomb of Lord Red Mask","player_choice":"Paid","floor":41.0,"gold_loss":31.0,"damage_taken":0.0,"relics_obtained":["Red Mask"]}],"is_beta":false,"boss_relics":[{"not_picked":["SacredBark","Tiny House"],"picked":"Runic Pyramid"},{"not_picked":["Astrolabe","Runic Dome","Philosopher\u0027s Stone"]}],"items_purged_floors":[0,2,20],"is_endless":false,"potions_floor_spawned":[3,5,7,8,12,18,19,23,24,27,42,44,45,46,48],"ascension_level":1}}