{"host":"uzp1tn8qxn9571p9","time":1610620587,"event":{"mods":["BaseMod","Colored Powertips","Hermit","Minty Spire (QoL Compilation)","Robot Space Explorer","StSLib","The Hierophant","The Marked"],"gold_per_floor":[116,135,135,145,0,0,0,0,0,13,13,46,66,85,85,183,183,195,206,11,11,27,27,27],"floor_reached":23,"language":"ZHS","playtime":1447,"items_purged":["hermit:Defend_Hermit"],"score":193,"play_id":"e540d12b-0b1f-473c-b8cd-9b43a416211c","local_time":"20210114183627","is_ascension_mode":false,"campfire_choices":[{"data":"hermit:WideOpen","floor":6.0,"key":"SMITH"},{"data":"hermit:Gestalt","floor":8.0,"key":"SMITH"},{"data":"hermit:HeroicBravado","floor":11.0,"key":"SMITH"},{"data":"hermit:SprayPray","floor":15.0,"key":"SMITH"}],"circlet_count":0,"master_deck":["hermit:Defend_Hermit","hermit:Defend_Hermit","hermit:Snapshot","hermit:Covet","hermit:Malice","hermit:WideOpen+1","hermit:Gestalt+1","hermit:HeroicBravado+1","hermit:OverwhelmingPower+1","hermit:Spite","hermit:SprayPray+1","hermit:FinalCanter","hermit:Midnight+1","J.A.X.","hermit:EyeOfTheStorm"],"relics":["hermit:Momento","Strawberry","Lee\u0027s Waffle","Frozen Egg 2","Empty Cage","Membership Card"],"acts_visited":["Exordium","TheCity"],"potions_floor_usage":[23,23],"damage_taken":[{"damage":1.0,"enemies":"2 Louse","floor":1.0,"turns":3.0},{"damage":1.0,"enemies":"Jaw Worm","floor":2.0,"turns":3.0},{"damage":0.0,"enemies":"Small Slimes","floor":4.0,"turns":3.0},{"damage":2.0,"enemies":"3 Louse","floor":10.0,"turns":4.0},{"damage":2.0,"enemies":"Lagavulin","floor":12.0,"turns":5.0},{"damage":1.0,"enemies":"Looter","floor":13.0,"turns":3.0},{"damage":3.0,"enemies":"Exordium Wildlife","floor":14.0,"turns":3.0},{"damage":54.0,"enemies":"The Guardian","floor":16.0,"turns":11.0},{"damage":22.0,"enemies":"Shell Parasite","floor":18.0,"turns":6.0},{"damage":28.0,"enemies":"3 Byrds","floor":19.0,"turns":4.0},{"damage":7.0,"enemies":"Snecko","floor":22.0,"turns":5.0},{"damage":34,"enemies":"Gremlin Leader","floor":23,"turns":2}],"seed_played":"-582530204121580839","potions_obtained":[{"floor":1.0,"key":"Block Potion"},{"floor":10.0,"key":"AttackPotion"},{"floor":13.0,"key":"Energy Potion"},{"floor":14.0,"key":"hermit:Tonic"},{"floor":19.0,"key":"Weak Potion"},{"floor":22.0,"key":"hermit:BlackBile"}],"is_trial":false,"path_per_floor":["M","M","?","M","$","R","?","R","T","M","R","E","M","M","R","B",null,"M","M","$","?","M","E"],"character_chosen":"HERMIT","items_purchased":["Lee\u0027s Waffle","Membership Card"],"campfire_rested":0,"item_purchase_floors":[5,20],"current_hp_per_floor":[53,52,52,52,89,89,82,82,82,80,80,78,77,74,74,20,89,67,39,39,39,32,0,0],"gold":27,"neow_bonus":"REMOVE_TWO","is_daily":false,"chose_seed":false,"campfire_upgraded":4,"win_rate":0.0,"timestamp":1610620587,"path_taken":["M","M","?","M","$","R","?","R","T","?","R","E","M","M","R","BOSS","M","M","$","?","M","E"],"items_purchased_type":["Relic","Relic"],"build_version":"2020-12-22","purchased_purges":1,"victory":false,"max_hp_per_floor":[75,75,82,82,89,89,89,89,89,89,89,89,89,89,89,89,89,89,89,89,89,89,89,89],"card_choices":[{"not_picked":["hermit:Feint","hermit:Coalescence"],"picked":"hermit:Malice","floor":1.0},{"not_picked":["hermit:LowProfile","hermit:LuckOfTheDraw"],"picked":"hermit:WideOpen","floor":2.0},{"not_picked":["hermit:Feint","hermit:Desperado"],"picked":"hermit:Gestalt","floor":4.0},{"not_picked":["hermit:Virtue","hermit:Dive"],"picked":"hermit:HeroicBravado","floor":10.0},{"not_picked":["hermit:EternalForm+1","hermit:Quickdraw"],"picked":"hermit:OverwhelmingPower+1","floor":12.0},{"not_picked":["hermit:Coalescence","hermit:Misfire"],"picked":"hermit:Spite","floor":13.0},{"not_picked":["hermit:WideOpen","hermit:HoleUp"],"picked":"hermit:SprayPray","floor":14.0},{"not_picked":["hermit:DeadOrAlive","hermit:Purgatory"],"picked":"hermit:FinalCanter","floor":16.0},{"not_picked":["hermit:Vantage+1","hermit:SprayPray+1"],"picked":"hermit:Midnight+1","floor":18.0},{"not_picked":["hermit:HighCaliber","hermit:Ricochet","hermit:Coalescence"],"picked":"SKIP","floor":19.0},{"not_picked":["hermit:Dive","hermit:SprayPray+1"],"picked":"hermit:EyeOfTheStorm","floor":22.0}],"player_experience":347377,"relics_obtained":[{"floor":12.0,"key":"Frozen Egg 2"}],"event_choices":[{"damage_healed":0.0,"max_hp_gain":0.0,"max_hp_loss":0.0,"gold_gain":0.0,"event_name":"Scrap Ooze","player_choice":"Success","floor":3.0,"gold_loss":0.0,"damage_taken":7.0,"relics_obtained":["Strawberry"]},{"cards_removed":["hermit:Strike_Hermit"],"damage_healed":0.0,"max_hp_gain":0.0,"max_hp_loss":0.0,"gold_gain":0.0,"event_name":"Golden Wing","player_choice":"Card Removal","floor":7.0,"gold_loss":0.0,"damage_taken":7.0},{"damage_healed":0.0,"max_hp_gain":0.0,"max_hp_loss":0.0,"gold_gain":0.0,"event_name":"Drug Dealer","player_choice":"Obtain J.A.X.","floor":21.0,"gold_loss":0.0,"damage_taken":0.0,"cards_obtained":["J.A.X."]}],"is_beta":false,"boss_relics":[{"not_picked":["Runic Pyramid","Astrolabe"],"picked":"Empty Cage"}],"items_purged_floors":[20],"is_endless":false,"potions_floor_spawned":[1,10,13,14,19,22],"killed_by":"Gremlin Leader","ascension_level":0}}