{"host":"i0avyit1s6jb1siw","time":1610625230,"event":{"mods":["BaseMod","DeckTracker","Dota2Spire","Highlight Path","Minty Spire (QoL Compilation)","Quick Restart","StSLib","SuperFastMode"],"gold_per_floor":[56,107,142,217,254,254,345,345,345,345,385,385,399,42,42,131,131,149,424,449,178,199,199,237,237,291,291,341,341,341,341],"floor_reached":30,"language":"ENG","playtime":666,"items_purged":["Strike_G","Strike_G"],"score":500,"play_id":"1ba26975-228f-44d9-bc0a-2d22fdac081c","local_time":"20210114125350","is_ascension_mode":true,"campfire_choices":[{"floor":6,"key":"REST"},{"data":"Noxious Fumes","floor":8,"key":"SMITH"},{"data":"Noxious Fumes","floor":15,"key":"SMITH"},{"data":"Footwork","floor":23,"key":"SMITH"},{"data":"Neutralize","floor":25,"key":"SMITH"},{"data":"HandOfGreed","floor":27,"key":"SMITH"}],"circlet_count":0,"master_deck":["AscendersBane","Strike_G","Defend_G","Defend_G","Defend_G","Defend_G","Defend_G","Survivor","Neutralize+1","HandOfGreed+1","Noxious Fumes+1","Poisoned Stab","Footwork+1","Noxious Fumes+1","Night Terror+1","PiercingWail+1","Regret","Setup+1","Blade Dance+1","Well Laid Plans+1","Burst+1","Acrobatics+1","Expertise+1"],"relics":["Ring of the Snake","Dota2Spire:Desolator","Torii","Thread and Needle","Golden Idol","Toxic Egg 2","Dota2Spire:Bloodstone","Lee\u0027s Waffle","Bag of Marbles","Dota2Spire:ArcaneBoots"],"acts_visited":["Exordium","TheCity"],"potions_floor_usage":[7,16,18,28],"damage_taken":[{"damage":1,"enemies":"Small Slimes","floor":1,"turns":5},{"damage":0,"enemies":"2 Louse","floor":2,"turns":5},{"damage":11,"enemies":"Jaw Worm","floor":3,"turns":6},{"damage":10,"enemies":"Red Slaver","floor":5,"turns":5},{"damage":24,"enemies":"3 Sentries","floor":7,"turns":8},{"damage":0,"enemies":"Large Slime","floor":11,"turns":4},{"damage":6,"enemies":"2 Fungi Beasts","floor":13,"turns":4},{"damage":10,"enemies":"Hexaghost","floor":16,"turns":9},{"damage":17,"enemies":"3 Byrds","floor":18,"turns":5},{"damage":33,"enemies":"Shell Parasite","floor":20,"turns":7},{"damage":23,"enemies":"Snake Plant","floor":22,"turns":5},{"damage":3,"enemies":"Slavers","floor":24,"turns":6},{"damage":39,"enemies":"Shelled Parasite and Fungi","floor":28,"turns":6},{"damage":40,"enemies":"Chosen and Byrds","floor":30,"turns":7}],"seed_played":"-5398628591018106460","potions_obtained":[{"floor":1,"key":"Dota2Spire:HealingSalve"},{"floor":11,"key":"Fruit Juice"},{"floor":13,"key":"GamblersBrew"},{"floor":16,"key":"Dexterity Potion"},{"floor":18,"key":"FairyPotion"},{"floor":28,"key":"GamblersBrew"}],"is_trial":false,"path_per_floor":["M","M","M","?","M","R","E","R","T","?","M","?","M","$","R","B",null,"M","?","M","$","M","R","E","R","T","R","M","?","M"],"character_chosen":"THE_SILENT","items_purchased":["Toxic Egg 2","Lee\u0027s Waffle"],"campfire_rested":1,"item_purchase_floors":[14,21],"current_hp_per_floor":[58,58,47,36,26,45,36,36,36,36,36,36,30,30,30,20,50,38,38,5,72,49,49,55,55,55,55,16,16,0,0],"gold":341,"neow_bonus":"RANDOM_COLORLESS_2","is_daily":false,"chose_seed":false,"campfire_upgraded":5,"win_rate":0.0,"timestamp":1610625230,"path_taken":["M","M","M","?","M","R","E","R","T","?","M","?","M","$","R","BOSS","M","?","M","$","?","R","E","R","T","R","M","?","M"],"items_purchased_type":["Relic","Relic"],"build_version":"2020-12-22","purchased_purges":2,"victory":false,"max_hp_per_floor":[66,66,66,66,66,66,66,66,66,66,66,60,60,60,60,60,60,65,65,65,72,72,72,72,72,72,72,72,72,72,72],"card_choices":[{"not_picked":["Violence","Master of Strategy"],"picked":"HandOfGreed","floor":0},{"not_picked":["Dagger Throw","Bane","Slice"],"picked":"SKIP","floor":1},{"not_picked":["Setup","Accuracy","PiercingWail"],"picked":"SKIP","floor":2},{"not_picked":["Endless Agony","Tactician"],"picked":"Noxious Fumes","floor":3},{"not_picked":["Quick Slash","Setup"],"picked":"Poisoned Stab","floor":5},{"not_picked":["Distraction","Grand Finale","Doppelganger"],"picked":"SKIP","floor":7},{"not_picked":["Sucker Punch","Eviscerate"],"picked":"Footwork","floor":11},{"not_picked":["Choke","Dagger Spray"],"picked":"Noxious Fumes","floor":13},{"not_picked":["Tools of the Trade","Die Die Die"],"picked":"Night Terror+1","floor":16},{"not_picked":["Acrobatics+1","Riddle With Holes"],"picked":"PiercingWail+1","floor":18},{"not_picked":["Dagger Spray","Expertise+1"],"picked":"Setup+1","floor":20},{"not_picked":["Sucker Punch","Poisoned Stab+1"],"picked":"Blade Dance+1","floor":22},{"not_picked":["Outmaneuver+1","Backflip+1"],"picked":"Well Laid Plans+1","floor":24},{"not_picked":["Finisher","Poisoned Stab"],"picked":"Burst+1","floor":28}],"player_experience":2235698,"relics_obtained":[{"floor":7,"key":"Dota2Spire:Desolator"},{"floor":9,"key":"Torii"},{"floor":24,"key":"Bag of Marbles"},{"floor":26,"key":"Dota2Spire:ArcaneBoots"}],"event_choices":[{"damage_healed":0,"gold_gain":75,"player_choice":"Gather Gold","damage_taken":11,"max_hp_gain":0,"max_hp_loss":0,"event_name":"World of Goop","floor":4,"gold_loss":0},{"damage_healed":0,"gold_gain":0,"player_choice":"Searched \u00271\u0027 times","damage_taken":0,"relics_obtained":["Thread and Needle"],"max_hp_gain":0,"max_hp_loss":0,"event_name":"Dead Adventurer","floor":10,"gold_loss":0},{"damage_healed":0,"gold_gain":0,"player_choice":"Lose Max HP","damage_taken":0,"relics_obtained":["Golden Idol"],"max_hp_gain":0,"max_hp_loss":6,"event_name":"Golden Idol","floor":12,"gold_loss":0},{"damage_healed":0,"gold_gain":275,"player_choice":"Desecrate","damage_taken":0,"max_hp_gain":0,"max_hp_loss":0,"event_name":"Golden Shrine","floor":19,"gold_loss":0,"cards_obtained":["Regret"]},{"damage_healed":0,"gold_gain":0,"cards_transformed":["Strike_G","Strike_G"],"player_choice":"Became Test Subject","damage_taken":0,"max_hp_gain":0,"max_hp_loss":0,"event_name":"Drug Dealer","floor":29,"gold_loss":0,"cards_obtained":["Acrobatics","Expertise"]}],"is_beta":false,"boss_relics":[{"not_picked":["Pandora\u0027s Box","Velvet Choker"],"picked":"Dota2Spire:Bloodstone"}],"items_purged_floors":[14,21],"is_endless":false,"potions_floor_spawned":[1,11,13,16,18,22,28],"killed_by":"Chosen and Byrds","ascension_level":20}}