{"host":"oehe2dxjvdgux73m","time":1610621831,"event":{"mods":["AchievementEnabler","BaseMod","Colored Map","Colored Powertips","DeckTracker","Keyboard Shortcuts","Minty Spire (QoL Compilation)","Permanent Neow","Quick Restart","StSLib","SuperFastMode"],"gold_per_floor":[110,125,143,143,143,143,143,178,258,258,273,49,49,68,68,145,145,161,181,198,43,55,55,74,74,74,90,121,141,141,155,155,155,155],"floor_reached":33,"language":"KOR","playtime":1322,"items_purged":["Strike_G"],"score":461,"play_id":"02741c7e-c555-42d1-8b5d-172f675c7da1","local_time":"20210114195711","is_ascension_mode":true,"campfire_choices":[{"data":"Heel Hook","floor":6.0,"key":"SMITH"},{"data":"Crippling Poison","floor":10.0,"key":"SMITH"},{"data":"Survivor","floor":13.0,"key":"SMITH"},{"data":"Heel Hook","floor":15.0,"key":"SMITH"},{"data":"A Thousand Cuts","floor":23.0,"key":"SMITH"},{"floor":32,"key":"REST"}],"circlet_count":0,"master_deck":["AscendersBane","Strike_G","Strike_G","Defend_G","Defend_G","Defend_G","Defend_G","Defend_G","Survivor+1","Neutralize+1","Quick Slash+1","Heel Hook+1","Crippling Poison+1","Heel Hook+1","A Thousand Cuts+1","Dagger Throw","Eviscerate","Endless Agony","PiercingWail","Storm of Steel"],"relics":["Ring of the Snake","Lantern","Ornamental Fan","TheAbacus","Sozu","Happy Flower","Bottled Tornado","Potion Belt"],"acts_visited":["Exordium","TheCity"],"potions_floor_usage":[31,33],"damage_taken":[{"damage":0.0,"enemies":"2 Louse","floor":1.0,"turns":3.0},{"damage":2.0,"enemies":"Small Slimes","floor":2.0,"turns":7.0},{"damage":0.0,"enemies":"Cultist","floor":3.0,"turns":3.0},{"damage":20.0,"enemies":"Lagavulin","floor":8.0,"turns":5.0},{"damage":0.0,"enemies":"2 Fungi Beasts","floor":11.0,"turns":2.0},{"damage":1.0,"enemies":"Red Slaver","floor":14.0,"turns":3.0},{"damage":10.0,"enemies":"The Guardian","floor":16.0,"turns":15.0},{"damage":2.0,"enemies":"2 Thieves","floor":18.0,"turns":4.0},{"damage":15.0,"enemies":"Chosen","floor":19.0,"turns":5.0},{"damage":6.0,"enemies":"Shelled Parasite and Fungi","floor":20.0,"turns":5.0},{"damage":1.0,"enemies":"Centurion and Healer","floor":22.0,"turns":6.0},{"damage":0.0,"enemies":"Chosen and Byrds","floor":24.0,"turns":4.0},{"damage":9.0,"enemies":"Snake Plant","floor":27.0,"turns":4.0},{"damage":9.0,"enemies":"Book of Stabbing","floor":28.0,"turns":4.0},{"damage":4.0,"enemies":"Snecko","floor":29.0,"turns":4.0},{"damage":0,"enemies":"Centurion and Healer","floor":31,"turns":6},{"damage":32,"enemies":"Automaton","floor":33,"turns":6}],"seed_played":"3877410436234060419","potions_obtained":[{"floor":1.0,"key":"LiquidBronze"},{"floor":3.0,"key":"Swift Potion"},{"floor":14.0,"key":"SteroidPotion"},{"floor":16.0,"key":"SpeedPotion"}],"is_trial":false,"path_per_floor":["M","M","M","?","?","R","?","E","T","R","M","$","R","M","R","B",null,"M","M","M","$","M","R","M","?","T","M","E","M","?","M","R","B"],"character_chosen":"THE_SILENT","items_purchased":["TheAbacus","Happy Flower"],"campfire_rested":1,"item_purchase_floors":[12,21],"current_hp_per_floor":[59,57,57,50,50,50,50,30,30,30,30,30,30,29,29,19,54,52,37,31,31,30,30,30,30,30,21,12,8,8,8,27,0,0],"gold":155,"neow_bonus":"UPGRADE_CARD","is_daily":false,"chose_seed":false,"campfire_upgraded":5,"win_rate":0.0,"timestamp":1610621831,"path_taken":["M","M","M","?","?","R","?","E","T","R","M","$","R","M","R","BOSS","M","?","M","$","M","R","M","?","T","?","E","M","?","M","R","BOSS"],"items_purchased_type":["Relic","Relic"],"build_version":"2020-12-22","purchased_purges":1,"victory":false,"max_hp_per_floor":[66,66,66,66,66,66,66,66,66,66,66,66,66,66,66,66,66,66,66,66,66,66,66,66,66,66,66,66,66,66,66,66,66,66],"card_choices":[{"not_picked":["Choke","Eviscerate","Outmaneuver"],"picked":"SKIP","floor":1.0},{"not_picked":["Deflect","Tactician"],"picked":"Quick Slash","floor":2.0},{"not_picked":["Flechettes","Terror"],"picked":"Heel Hook","floor":3.0},{"not_picked":["Burst","All Out Attack"],"picked":"Crippling Poison","floor":8.0},{"not_picked":["Slice","Deflect","Flying Knee"],"picked":"SKIP","floor":11.0},{"not_picked":["Finisher","Flying Knee"],"picked":"Heel Hook","floor":14.0},{"not_picked":["Venomology","Corpse Explosion"],"picked":"A Thousand Cuts","floor":16.0},{"not_picked":["Cloak And Dagger","Blade Dance"],"picked":"Dagger Throw","floor":18.0},{"not_picked":["Sucker Punch","Bullet Time","Poisoned Stab"],"picked":"SKIP","floor":19.0},{"not_picked":["Blade Dance","Dodge and Roll+1","Outmaneuver"],"picked":"SKIP","floor":20.0},{"not_picked":["Cloak And Dagger","Bane"],"picked":"Eviscerate","floor":22.0},{"not_picked":["Cloak And Dagger","Blade Dance"],"picked":"Endless Agony","floor":24.0},{"not_picked":["Sucker Punch","Masterful Stab","Underhanded Strike"],"picked":"SKIP","floor":27.0},{"not_picked":["Finisher","Dodge and Roll","Dagger Throw"],"picked":"SKIP","floor":28.0},{"not_picked":["Finisher","Underhanded Strike"],"picked":"PiercingWail","floor":29.0},{"not_picked":["Endless Agony","Finisher","Quick Slash"],"picked":"SKIP","floor":31}],"player_experience":187125,"relics_obtained":[{"floor":8.0,"key":"Lantern"},{"floor":9.0,"key":"Ornamental Fan"},{"floor":26.0,"key":"Bottled Tornado"},{"floor":28.0,"key":"Potion Belt"}],"event_choices":[{"cards_removed":["Strike_G"],"damage_healed":0.0,"max_hp_gain":0.0,"max_hp_loss":0.0,"gold_gain":0.0,"event_name":"Golden Wing","player_choice":"Card Removal","floor":4.0,"gold_loss":0.0,"damage_taken":7.0},{"damage_healed":0.0,"max_hp_gain":0.0,"max_hp_loss":0.0,"gold_gain":0.0,"event_name":"Liars Game","player_choice":"Ignored","floor":5.0,"gold_loss":0.0,"damage_taken":0.0},{"damage_healed":0.0,"max_hp_gain":0.0,"max_hp_loss":0.0,"gold_gain":0.0,"event_name":"Upgrade Shrine","player_choice":"Upgraded","floor":7.0,"gold_loss":0.0,"damage_taken":0.0,"cards_upgraded":["Quick Slash"]},{"cards_removed":["Strike_G"],"damage_healed":0.0,"max_hp_gain":0.0,"max_hp_loss":0.0,"gold_gain":0.0,"event_name":"Purifier","player_choice":"Purged","floor":25.0,"gold_loss":0.0,"damage_taken":0.0},{"damage_healed":0.0,"max_hp_gain":0.0,"max_hp_loss":0.0,"gold_gain":0.0,"event_name":"Match and Keep!","player_choice":"1 cards matched","floor":30.0,"gold_loss":0.0,"damage_taken":0.0,"cards_obtained":["Storm of Steel"]}],"is_beta":false,"boss_relics":[{"not_picked":["Philosopher\u0027s Stone","Fusion Hammer"],"picked":"Sozu"}],"items_purged_floors":[12],"is_endless":false,"potions_floor_spawned":[1,3,14,16,18,19,20,28,31],"killed_by":"Automaton","ascension_level":14}}