{"host":"0009l0kk6tb2u2kt","time":1610625944,"event":{"mods":["BaseMod","Downfall","Hermit","Hubris","Minty Spire (QoL Compilation)","Replay The Spire","StSLib"],"gold_per_floor":[14,33,43,43,107,107,118,137,162,191,69,88,100,120,120,225,275,293,293,97,116,132,132,160,160,160,194,24,24,24,24,39,56,56,161,161,179,179,195,217,271,310,310,310,310,310,337,364,0,14,14,21],"floor_reached":53,"language":"ENG","playtime":3696,"items_purged":["hermit:Strike_Hermit","hermit:Defend_Hermit"],"score":733,"play_id":"fb40cae1-43c0-47a7-8df9-cf61af16a4b0","local_time":"20210114130544","is_ascension_mode":false,"campfire_choices":[{"data":"hermit:Ricochet","floor":6,"key":"SMITH"},{"data":"hermit:Vantage","floor":15,"key":"SMITH"},{"data":"hermit:Vantage","floor":23,"key":"SMITH"},{"data":"hermit:EyeOfTheStorm","floor":25,"key":"SMITH"},{"data":"hermit:Scavenge","floor":34,"key":"SMITH"},{"floor":43,"key":"REST"},{"data":"hermit:HighNoon","floor":46,"key":"SMITH"},{"floor":51,"key":"REST"}],"circlet_count":0,"master_deck":["hermit:Strike_Hermit","hermit:Strike_Hermit","hermit:Defend_Hermit","hermit:Defend_Hermit","hermit:Snapshot","hermit:Covet+1","hermit:Snipe+1","hermit:TrackingShot","hermit:Combo+1","hermit:Ricochet+1","hermit:Vantage+1","hermit:EyeOfTheStorm+1","hermit:Vantage+1","hermit:BigShot+1","hermit:Scavenge+1","hermit:GhostlyPresence+1","hermit:Gambit","hermit:HighNoon+1","hermit:GhostlyPresence+1","hermit:Enervate"],"relics":["hermit:Momento","hubris:BottledRain","Bag of Marbles","PreservedInsect","Tiny House","War Paint","Omamori","hubris:SlimyHat","Simple Rune","Empty Cage","Incense Burner","MealTicket","Red Mask"],"acts_visited":["Exordium","TheCity","TheBeyond"],"potions_floor_usage":[7,16,16,21,22,22,32,41,48,52,52],"damage_taken":[{"damage":1,"enemies":"Cultist","floor":1,"turns":3},{"damage":0,"enemies":"2 Louse","floor":2,"turns":2},{"damage":3,"enemies":"Small Slimes","floor":3,"turns":4},{"damage":15,"enemies":"Exordium Thugs","floor":7,"turns":5},{"damage":8,"enemies":"Lots of Slimes","floor":8,"turns":4},{"damage":12,"enemies":"Lagavulin","floor":10,"turns":5},{"damage":3,"enemies":"Looter","floor":12,"turns":2},{"damage":7,"enemies":"Blue Slaver","floor":13,"turns":3},{"damage":0,"enemies":"2 Fungi Beasts","floor":14,"turns":1},{"damage":29,"enemies":"Slime Boss","floor":16,"turns":12},{"damage":0,"enemies":"Spheric Guardian","floor":18,"turns":3},{"damage":23,"enemies":"2 Thieves","floor":21,"turns":5},{"damage":12,"enemies":"Snake Plant","floor":22,"turns":4},{"damage":17,"enemies":"Slavers","floor":24,"turns":4},{"damage":0,"enemies":"Gremlin Leader","floor":27,"turns":2},{"damage":2,"enemies":"Centurion and Healer","floor":32,"turns":4},{"damage":0,"enemies":"Snecko","floor":33,"turns":3},{"damage":36,"enemies":"hubris:MusketHawk","floor":35,"turns":8},{"damage":20,"enemies":"Orb Walker","floor":37,"turns":4},{"damage":0,"enemies":"3 Shapes","floor":39,"turns":2},{"damage":8,"enemies":"3 Darklings","floor":40,"turns":6},{"damage":27,"enemies":"2 Orb Walkers","floor":41,"turns":5},{"damage":22,"enemies":"Giant Head","floor":42,"turns":9},{"damage":9,"enemies":"Writhing Mass","floor":47,"turns":6},{"damage":27,"enemies":"Spire Growth","floor":48,"turns":3},{"damage":0,"enemies":"4 Shapes","floor":50,"turns":3},{"damage":9,"enemies":"Awakened One","floor":52,"turns":7}],"seed_played":"-1261727901265354516","potions_obtained":[{"floor":2,"key":"Milkshake"},{"floor":3,"key":"Block Potion"},{"floor":5,"key":"EssenceOfSteel"},{"floor":7,"key":"FearPotion"},{"floor":13,"key":"Block Potion"},{"floor":16,"key":"SteroidPotion"},{"floor":17,"key":"Guardian:BlockOnCardUsePotion"},{"floor":18,"key":"LiquidMemories"},{"floor":24,"key":"Block Potion"},{"floor":35,"key":"Elixir"},{"floor":39,"key":"CultistPotion"},{"floor":40,"key":"Explosive Potion"},{"floor":42,"key":"Adrenaline Potion"},{"floor":50,"key":"Energy Potion"}],"is_trial":false,"path_per_floor":["M","M","M","?","?","R","M","M","T","E","$","M","M","M","R","B",null,"M","?","$","M","M","R","E","R","T","E","$","PTL","PTL","?","M","M","R","B",null,"M","?","M","M","?","E","R","?","T","R","M","M","?","M","R","B",null],"character_chosen":"HERMIT","items_purchased":["hermit:Vantage","hermit:Vantage","War Paint","hermit:Scavenge"],"campfire_rested":2,"item_purchase_floors":[11,20,20,28],"current_hp_per_floor":[88,88,85,85,85,85,70,62,62,50,50,47,40,40,40,11,94,94,94,94,71,59,59,42,42,42,42,42,42,42,42,40,40,40,4,94,74,74,74,66,39,17,43,43,43,43,34,7,7,7,33,24],"gold":21,"neow_bonus":"TWENTY_PERCENT_HP_BONUS","is_daily":false,"chose_seed":false,"campfire_upgraded":6,"win_rate":0.0,"timestamp":1610625944,"path_taken":["M","M","M","?","?","R","?","M","T","E","$","M","M","?","R","BOSS","M","?","$","M","M","R","E","R","T","E","$","PTL","PTL","?","M","M","R","BOSS","M","?","M","M","?","E","R","?","T","R","?","M","?","M","R","BOSS"],"items_purchased_type":["Card","Card","Relic","Card"],"build_version":"2020-12-22","purchased_purges":2,"victory":true,"max_hp_per_floor":[89,89,89,89,89,89,89,89,89,89,89,89,89,89,89,89,94,94,94,94,94,94,94,94,94,94,94,94,94,94,94,94,94,94,94,94,94,89,89,89,89,89,89,89,89,89,89,89,89,89,89,89],"card_choices":[{"not_picked":["hermit:LowProfile","hermit:Enervate"],"picked":"hermit:Snipe","floor":1},{"not_picked":["hermit:HighCaliber","hermit:Glare"],"picked":"hermit:TrackingShot","floor":2},{"not_picked":["hermit:SprayPray","hermit:Shortfuse"],"picked":"hermit:Combo","floor":3},{"not_picked":["hermit:FullyLoaded","hermit:Showdown"],"picked":"hermit:Ricochet","floor":5},{"not_picked":["hermit:Glare","hermit:Virtue","hermit:SprayPray"],"picked":"SKIP","floor":7},{"not_picked":["hermit:Combo","hermit:Misfire","hermit:HoleUp"],"picked":"SKIP","floor":8},{"not_picked":["hermit:FinalCanter","hermit:Roulette","hermit:TrackingShot"],"picked":"SKIP","floor":10},{"not_picked":["hermit:FlashPowder","hermit:HighCaliber","hermit:Snipe"],"picked":"SKIP","floor":12},{"not_picked":["hermit:Quickdraw","hermit:Roulette","hermit:Ricochet"],"picked":"SKIP","floor":13},{"not_picked":["hermit:HighCaliber","hermit:BodyArmor","hermit:Feint"],"picked":"SKIP","floor":14},{"not_picked":["hermit:HoleUp","hermit:BodyArmor"],"picked":"hermit:EyeOfTheStorm","floor":17},{"not_picked":["hermit:Virtue","hermit:Headshot","hermit:LowProfile"],"picked":"SKIP","floor":18},{"not_picked":["hermit:LowProfile+1","hermit:Gestalt+1","hermit:Virtue"],"picked":"SKIP","floor":21},{"not_picked":["hermit:Cheat","hermit:Ricochet"],"picked":"hermit:BigShot+1","floor":22},{"not_picked":["hermit:Coalescence","hermit:WideOpen","hermit:SprayPray"],"picked":"SKIP","floor":24},{"not_picked":["hermit:FinalCanter","hermit:NoHoldsBarred","hermit:Deadeye"],"picked":"SKIP","floor":27},{"not_picked":["hermit:Desperado","hermit:Brawl","hermit:Quickdraw"],"picked":"SKIP","floor":32},{"not_picked":["hermit:Quickdraw","hermit:FullyLoaded"],"picked":"hermit:GhostlyPresence+1","floor":33},{"not_picked":["hermit:FatalDesire","hermit:HeroicBravado"],"picked":"hermit:Gambit","floor":35},{"not_picked":["hermit:HighCaliber","hermit:Ricochet","hermit:CalledShot+1"],"picked":"SKIP","floor":37},{"not_picked":["hermit:Desperado","hermit:ShadowCloak","hermit:DeadMansHand"],"picked":"SKIP","floor":39},{"not_picked":["hermit:Snipe","hermit:Feint","hermit:Coalescence"],"picked":"SKIP","floor":40},{"not_picked":["hermit:Snipe+1","hermit:Feint"],"picked":"hermit:HighNoon","floor":42},{"not_picked":["hermit:Manifest+1","hermit:Misfire+1","hermit:Spite"],"picked":"SKIP","floor":47},{"not_picked":["hermit:Roulette+1","hermit:Spite"],"picked":"hermit:GhostlyPresence+1","floor":48},{"not_picked":["hermit:Misfire+1","hermit:Ricochet+1"],"picked":"hermit:Enervate","floor":50}],"player_experience":209388,"relics_obtained":[{"floor":5,"key":"hubris:BottledRain"},{"floor":9,"key":"Bag of Marbles"},{"floor":10,"key":"PreservedInsect"},{"floor":24,"key":"Omamori"},{"floor":26,"key":"hubris:SlimyHat"},{"floor":27,"key":"Simple Rune"},{"floor":41,"key":"Incense Burner"},{"floor":42,"key":"MealTicket"}],"event_choices":[{"damage_healed":0,"gold_gain":0,"player_choice":"Grow","damage_taken":0,"max_hp_gain":0,"max_hp_loss":0,"event_name":"Living Wall","floor":4,"gold_loss":0,"cards_upgraded":["hermit:Combo"]},{"damage_healed":0,"gold_gain":0,"player_choice":"Simplicity","damage_taken":0,"max_hp_gain":0,"max_hp_loss":0,"event_name":"Back to Basics","floor":31,"gold_loss":0,"cards_upgraded":["hermit:Strike_Hermit","hermit:Strike_Hermit","hermit:Strike_Hermit","hermit:Defend_Hermit","hermit:Defend_Hermit","hermit:Defend_Hermit"]},{"damage_healed":0,"gold_gain":0,"player_choice":"Max HP","damage_taken":0,"max_hp_gain":0,"max_hp_loss":5,"event_name":"Winding Halls","floor":38,"gold_loss":0},{"damage_healed":0,"gold_gain":0,"player_choice":"Fight","damage_taken":0,"max_hp_gain":0,"max_hp_loss":0,"event_name":"Mysterious Sphere","floor":41,"gold_loss":0},{"damage_healed":0,"gold_gain":0,"player_choice":"Paid","damage_taken":0,"relics_obtained":["Red Mask"],"max_hp_gain":0,"max_hp_loss":0,"event_name":"Tomb of Lord Red Mask","floor":49,"gold_loss":364}],"is_beta":false,"boss_relics":[{"not_picked":["hubris:RunicObelisk","Astrolabe"],"picked":"Tiny House"},{"not_picked":["Replay:Wanted Poster","Ring of Chaos"],"picked":"Empty Cage"}],"items_purged_floors":[11,28],"is_endless":false,"potions_floor_spawned":[2,3,7,13,16,18,24,35,39,40,42,50],"ascension_level":0}}