{"host":"m1hsm1cztz438mir","time":1610663441,"event":{"mods":["2.2 Compatiblity","AchievementEnabler","Act Like it!","Aspiration","BaseMod","Better Altar","Better Match","Better Sensory Stone","Better Skull","Better Third Choice","Colored Map","Minty Spire (QoL Compilation)","Relic Stats","Replay The Spire","Shade Mod","Shop Mod","Somnambulant","StSLib","The Fake Hero"],"gold_per_floor":[116,131,131,61,79,79,89,122,122,122,142,152,152,427,427,531,531,544,469,485,496,99,99,109,109,109],"floor_reached":25,"language":"ENG","playtime":2436,"items_purged":["somnambulantmod: SomnambulantStrike","somnambulantmod: SomnambulantStrike"],"score":239,"play_id":"fb3eefbf-da3c-4a11-b9d3-330f32ab0534","local_time":"20210114223041","is_ascension_mode":true,"campfire_choices":[{"floor":6,"key":"REST"},{"floor":10,"key":"REST"},{"floor":13,"key":"REST"},{"floor":15,"key":"REST"},{"floor":23,"key":"REST"}],"circlet_count":0,"master_deck":["somnambulantmod: SomnambulantStrike","somnambulantmod: SomnambulantStrike+1","somnambulantmod: SomnambulantStrike","somnambulantmod: Defend_Somnambulant+1","somnambulantmod: Defend_Somnambulant+1","somnambulantmod: Defend_Somnambulant","somnambulantmod: Defend_Somnambulant+1","somnambulantmod: Defend_Somnambulant","somnambulantmod: QuickNap","somnambulantmod: PrimingPunch","somnambulantmod: BadIdea","somnambulantmod: LayeredDefense","Amnesia","somnambulantmod: LoseForm","Regret","somnambulantmod: DeeperSleep","somnambulantmod: LeechFears","somnambulantmod: Amnausea+1","somnambulantmod: Blink","Regret","somnambulantmod: Lucidity","somnambulantmod: MuscleMemory","somnambulantmod: DreamBig","somnambulantmod: DeeperSleep"],"relics":["somnambulantmod: DreamJournal","ReplayTheSpireMod:Lightbulb","Ring of Misfortune","ReplayTheSpireMod:Ring of Addiction","SacredBark","Potion Belt","ReplayTheSpireMod:CursedCoin","Lantern","White Beast Statue","Odd Mushroom","Snecko Heart","Du-Vu Doll"],"acts_visited":["Exordium","TheCity"],"potions_floor_usage":[5,8,16,20,25,25,25,25],"damage_taken":[{"damage":0,"enemies":"Small Slimes","floor":1,"turns":3},{"damage":10,"enemies":"Jaw Worm","floor":2,"turns":5},{"damage":0,"enemies":"Cultist","floor":5,"turns":4},{"damage":24,"enemies":"Exordium Wildlife","floor":7,"turns":7},{"damage":1,"enemies":"Lagavulin","floor":8,"turns":7},{"damage":8,"enemies":"The Mushroom Lair","floor":11,"turns":2},{"damage":40,"enemies":"Large Slime","floor":12,"turns":7},{"damage":33,"enemies":"Hexaghost","floor":16,"turns":9},{"damage":37,"enemies":"Spheric Guardian","floor":18,"turns":4},{"damage":3,"enemies":"2 Thieves","floor":19,"turns":5},{"damage":16,"enemies":"Snake Plant","floor":20,"turns":4},{"damage":2,"enemies":"Snecko","floor":21,"turns":6},{"damage":25,"enemies":"Centurion and Healer","floor":24,"turns":6},{"damage":15,"enemies":"Slavers","floor":25,"turns":4}],"seed_played":"-7776930299881028891","potions_obtained":[{"floor":2,"key":"BlessingOfTheForge"},{"floor":3,"key":"Cursed Concoction"},{"floor":3,"key":"Ancient Potion"},{"floor":3,"key":"ColorlessPotion"},{"floor":7,"key":"Elixir"},{"floor":8,"key":"Death Potion"},{"floor":11,"key":"Elixir"},{"floor":12,"key":"AttackPotion"},{"floor":16,"key":"DuplicationPotion"},{"floor":20,"key":"FearPotion"},{"floor":24,"key":"Block Potion"}],"is_trial":false,"path_per_floor":["M","M","?","$","M","R","M","E","T","R","?","M","R","?","R","B",null,"M","M","M","M","$","R","M","E"],"character_chosen":"THE_SOMNAMBULANT","items_purchased":["ReplayTheSpireMod:CursedCoin","somnambulantmod: LoseForm","Du-Vu Doll"],"campfire_rested":5,"item_purchase_floors":[4,4,22],"current_hp_per_floor":[70,60,60,60,60,72,48,47,47,70,62,22,45,45,68,35,74,37,34,18,16,16,39,14,0,0],"gold":109,"neow_bonus":"RANDOM_COMMON_RELIC","is_daily":false,"chose_seed":false,"campfire_upgraded":0,"win_rate":0.0,"timestamp":1610663441,"path_taken":["M","M","?","$","M","R","M","E","T","R","?","M","R","?","R","BOSS","M","?","M","M","$","R","M","E"],"items_purchased_type":["Relic","Card","Relic"],"build_version":"2020-12-22","purchased_purges":2,"victory":false,"max_hp_per_floor":[70,70,70,70,70,72,72,72,72,74,74,72,74,74,74,74,74,74,74,72,72,72,74,72,72,72],"relic_stats":{"counters":[14,73],"obtain_stats":[{"Potion Belt":3,"Du-Vu Doll":22,"Lantern":8,"Snecko Heart":17,"ReplayTheSpireMod:CursedCoin":4,"Ring of Misfortune":3,"ReplayTheSpireMod:Ring of Addiction":3,"SacredBark":3,"somnambulantmod: DreamJournal":0,"Odd Mushroom":11,"ReplayTheSpireMod:Lightbulb":0,"White Beast Statue":9},{"Potion Belt":2,"Du-Vu Doll":12,"Lantern":5,"Snecko Heart":8,"ReplayTheSpireMod:CursedCoin":2,"Ring of Misfortune":2,"ReplayTheSpireMod:Ring of Addiction":2,"SacredBark":2,"somnambulantmod: DreamJournal":0,"Odd Mushroom":6,"ReplayTheSpireMod:Lightbulb":0,"White Beast Statue":5},{"Potion Belt":8,"Du-Vu Doll":63,"Lantern":26,"Snecko Heart":44,"ReplayTheSpireMod:CursedCoin":8,"Ring of Misfortune":8,"ReplayTheSpireMod:Ring of Addiction":8,"SacredBark":8,"somnambulantmod: DreamJournal":0,"Odd Mushroom":28,"ReplayTheSpireMod:Lightbulb":0,"White Beast Statue":26}]},"card_choices":[{"not_picked":["somnambulantmod: Unknow","somnambulantmod: Repression"],"picked":"somnambulantmod: BadIdea","floor":1},{"not_picked":["somnambulantmod: Bruise","somnambulantmod: HorrificThought"],"picked":"somnambulantmod: LayeredDefense","floor":2},{"not_picked":["somnambulantmod: Repression","somnambulantmod: OpeningUp"],"picked":"somnambulantmod: DeeperSleep","floor":5},{"not_picked":["somnambulantmod: Stumble","somnambulantmod: Trauma"],"picked":"somnambulantmod: LeechFears","floor":7},{"not_picked":["somnambulantmod: HorrificThought","somnambulantmod: ViralIdea"],"picked":"somnambulantmod: Amnausea","floor":8},{"not_picked":["somnambulantmod: Stimulus","somnambulantmod: Pinch"],"picked":"somnambulantmod: Blink","floor":12},{"not_picked":["somnambulantmod: Refracture","somnambulantmod: LoseForm"],"picked":"somnambulantmod: Lucidity","floor":16},{"not_picked":["somnambulantmod: Trauma","somnambulantmod: Sleepyhead","somnambulantmod: HorrificThought"],"picked":"SKIP","floor":18},{"not_picked":["somnambulantmod: Unmake","somnambulantmod: RecurringDream"],"picked":"somnambulantmod: MuscleMemory","floor":19},{"not_picked":["somnambulantmod: PillowFort","somnambulantmod: BadIdea"],"picked":"somnambulantmod: DreamBig","floor":20},{"not_picked":["somnambulantmod: Trauma","somnambulantmod: OpeningUp"],"picked":"somnambulantmod: DeeperSleep","floor":21},{"not_picked":["somnambulantmod: Repression","somnambulantmod: AllForNothing","somnambulantmod: PourItOut"],"picked":"SKIP","floor":24}],"player_experience":291881,"relics_obtained":[{"floor":3,"key":"Ring of Misfortune"},{"floor":3,"key":"ReplayTheSpireMod:Ring of Addiction"},{"floor":3,"key":"SacredBark"},{"floor":3,"key":"Potion Belt"},{"floor":8,"key":"Lantern"},{"floor":9,"key":"White Beast Statue"},{"floor":11,"key":"Odd Mushroom"}],"event_choices":[{"damage_healed":0,"gold_gain":0,"player_choice":"Fought Mushrooms","damage_taken":0,"max_hp_gain":0,"max_hp_loss":0,"event_name":"Mushrooms","floor":11,"gold_loss":0},{"damage_healed":0,"gold_gain":275,"player_choice":"Desecrate","damage_taken":0,"max_hp_gain":0,"max_hp_loss":0,"event_name":"Golden Shrine","floor":14,"gold_loss":0,"cards_obtained":["Regret"]}],"is_beta":false,"boss_relics":[{"not_picked":["Runic Pyramid","Kintsugi"],"picked":"Snecko Heart"}],"items_purged_floors":[4,22],"is_endless":false,"potions_floor_spawned":[2,7,8,11,12,16,18,19,20,21,24],"killed_by":"Slavers","ascension_level":1}}