{"host":"5x08nt64u3vxxcfi","time":1610588011,"event":{"mods":["BaseMod","Minty Spire (QoL Compilation)","StSLib","SuperFastMode"],"gold_per_floor":[109,128,147,72,72,72,97,97,97,111,143,160,160,173,173,173,173],"floor_reached":16,"language":"KOR","playtime":387,"items_purged":[],"score":240,"play_id":"cf4f1424-48d1-4c3d-96bd-8e6ccdf6ad20","local_time":"20210114103331","is_ascension_mode":true,"campfire_choices":[{"data":"1","floor":6.0,"key":"LIFT"},{"data":"2","floor":8.0,"key":"LIFT"},{"floor":15,"key":"REST"}],"circlet_count":0,"master_deck":["AscendersBane","Strike_G","Strike_G","Strike_G","Strike_G","Strike_G","Defend_G","Defend_G","Defend_G","Defend_G","Defend_G","Survivor","Neutralize","Quick Slash","Dagger Throw","Leg Sweep","Caltrops","Blade Dance","Footwork","Escape Plan","Dodge and Roll","Blade Dance"],"relics":["Ring of the Snake","Girya","Ninja Scroll","MealTicket","Question Card","Calipers","CultistMask"],"acts_visited":["Exordium"],"potions_floor_usage":[14,16,16],"damage_taken":[{"damage":2.0,"enemies":"2 Louse","floor":1.0,"turns":3.0},{"damage":3.0,"enemies":"Cultist","floor":2.0,"turns":4.0},{"damage":6.0,"enemies":"Jaw Worm","floor":3.0,"turns":4.0},{"damage":0.0,"enemies":"Lagavulin","floor":7.0,"turns":3.0},{"damage":0.0,"enemies":"Looter","floor":10.0,"turns":2.0},{"damage":18.0,"enemies":"Gremlin Nob","floor":11.0,"turns":3.0},{"damage":0.0,"enemies":"Blue Slaver","floor":12.0,"turns":2.0},{"damage":0,"enemies":"Exordium Wildlife","floor":14,"turns":3},{"damage":23,"enemies":"Slime Boss","floor":16,"turns":6}],"seed_played":"-5153032979289124964","potions_obtained":[{"floor":1.0,"key":"FearPotion"},{"floor":2.0,"key":"DistilledChaos"},{"floor":10.0,"key":"Poison Potion"},{"floor":11.0,"key":"SpeedPotion"},{"floor":12.0,"key":"GamblersBrew"},{"floor":14,"key":"Poison Potion"}],"is_trial":false,"path_per_floor":["M","M","M","$","?","R","E","R","T","M","E","M","?","M","R","B"],"character_chosen":"THE_SILENT","items_purchased":["Caltrops"],"campfire_rested":1,"item_purchase_floors":[4],"current_hp_per_floor":[57,54,48,48,22,22,22,22,22,22,4,4,4,4,22,0,0],"gold":173,"neow_bonus":"ONE_RARE_RELIC","is_daily":false,"chose_seed":false,"campfire_upgraded":0,"win_rate":0.0,"timestamp":1610588011,"path_taken":["M","M","M","$","?","R","E","R","T","M","E","M","?","M","R","BOSS"],"items_purchased_type":["Card"],"build_version":"2020-12-22","purchased_purges":0,"victory":false,"max_hp_per_floor":[60,60,60,60,60,60,60,60,60,60,60,60,60,60,60,60,60],"card_choices":[{"not_picked":["PiercingWail","Expertise"],"picked":"Quick Slash","floor":1.0},{"not_picked":["Dagger Spray","Quick Slash"],"picked":"Dagger Throw","floor":2.0},{"not_picked":["Masterful Stab","Crippling Poison"],"picked":"Leg Sweep","floor":3.0},{"not_picked":["Crippling Poison","Venomology"],"picked":"Blade Dance","floor":7.0},{"not_picked":["Endless Agony","Underhanded Strike","Poisoned Stab"],"picked":"Footwork","floor":10.0},{"not_picked":["Tools of the Trade","Calculated Gamble","Deflect"],"picked":"Escape Plan","floor":11.0},{"not_picked":["Riddle With Holes","Prepared","Dagger Throw"],"picked":"Dodge and Roll","floor":12.0},{"not_picked":["Flying Knee","Deflect","Slice"],"picked":"Blade Dance","floor":14}],"player_experience":103428,"relics_obtained":[{"floor":7.0,"key":"MealTicket"},{"floor":9.0,"key":"Question Card"},{"floor":11.0,"key":"Calipers"}],"event_choices":[{"damage_healed":0.0,"max_hp_gain":0.0,"max_hp_loss":0.0,"gold_gain":0.0,"event_name":"Scrap Ooze","player_choice":"Success","floor":5.0,"gold_loss":0.0,"damage_taken":26.0,"relics_obtained":["Ninja Scroll"]},{"damage_healed":0.0,"max_hp_gain":0.0,"max_hp_loss":0.0,"gold_gain":0.0,"event_name":"FaceTrader","player_choice":"Trade","floor":13.0,"gold_loss":0.0,"damage_taken":0.0,"relics_obtained":["CultistMask"]}],"is_beta":false,"boss_relics":[],"items_purged_floors":[],"is_endless":false,"potions_floor_spawned":[1,2,10,11,12,14],"killed_by":"Slime Boss","ascension_level":15}}