{"host":"51fyd6gkml7xavq8","time":1610608301,"event":{"mods":["BaseMod","BetterRewards","Colored Map","Energized Spire","Infinite Spire","Minty Spire (QoL Compilation)","Replay The Spire","Shop Mod","Spicy Shops","StSLib","The Blue Laboratory","[IsaacMod]????"],"gold_per_floor":[109,9,22,35,110,110,139,163,211,211,242,255,255,288,288,393,393,403,470,500,599,616,616,616,616],"floor_reached":24,"language":"ENG","playtime":1802,"items_purged":["Bash","Strike_R"],"score":411,"play_id":"4aadc52a-fd09-4ccc-9cbf-365abe9fa10e","local_time":"20210114041141","is_ascension_mode":true,"campfire_choices":[{"floor":6.0,"key":"REST"},{"data":"Inflame","floor":6.0,"key":"SMITH"},{"data":"Metallicize","floor":10.0,"key":"SMITH"},{"data":"True Grit","floor":13.0,"key":"SMITH"},{"floor":15.0,"key":"RECALL"},{"floor":23.0,"key":"REST"},{"data":"Immolate","floor":23.0,"key":"SMITH"}],"circlet_count":0,"master_deck":["Strike_R","Strike_R","Strike_R","Strike_R","Defend_R","Defend_R","Defend_R","Defend_R","Inflame+1","Metallicize+1","True Grit+1","Immolate+1"],"relics":["Burning Blood","HushsDoor","PokeGo","infinitespire:Magic Flask","Gremlin Food","Bag of Marbles","infinitespire:Joker Card","Ooze Armor","Centennial Puzzle","Red Mask"],"acts_visited":["Exordium","TheCity"],"potions_floor_usage":[],"damage_taken":[{"damage":6.0,"enemies":"Cultist","floor":1.0,"turns":3.0},{"damage":0.0,"enemies":"2 Louse","floor":3.0,"turns":4.0},{"damage":10.0,"enemies":"Jaw Worm","floor":4.0,"turns":6.0},{"damage":0.0,"enemies":"Gremlin Nob","floor":7.0,"turns":5.0},{"damage":2.0,"enemies":"Exordium Thugs","floor":11.0,"turns":6.0},{"damage":6.0,"enemies":"Blue Slaver","floor":12.0,"turns":5.0},{"damage":10.0,"enemies":"3 Sentries","floor":14.0,"turns":4.0},{"damage":58.0,"enemies":"The Guardian","floor":16.0,"turns":15.0},{"damage":1.0,"enemies":"Shell Parasite","floor":18.0,"turns":7.0},{"damage":22.0,"enemies":"Masked Bandits","floor":20.0,"turns":4.0},{"damage":7.0,"enemies":"2 Thieves","floor":22.0,"turns":3.0},{"damage":65,"enemies":"Nightmare","floor":24,"turns":7}],"seed_played":"-6913151380889601767","potions_obtained":[{"floor":3.0,"key":"AttackPotion"},{"floor":4.0,"key":"FearPotion"},{"floor":12.0,"key":"blueLaboratory:HorrorPotion"},{"floor":16.0,"key":"blueLaboratory:RecallPotion"},{"floor":19.0,"key":"blueLaboratory:EmptyBottle"},{"floor":19.0,"key":"LiquidBronze"}],"is_trial":false,"path_per_floor":["M","$","M","M","?","R","E","T","T","R","M","M","R","E","R","B",null,"M","?","?","?","M","R","NM"],"character_chosen":"IRONCLAD","items_purchased":["infinitespire:Magic Flask"],"campfire_rested":2,"item_purchase_floors":[0],"current_hp_per_floor":[63,63,69,65,50,74,80,80,80,80,80,80,80,76,76,24,66,71,51,35,35,34,58,0,0],"gold":616,"neow_bonus":"","is_daily":false,"chose_seed":false,"campfire_upgraded":4,"win_rate":0.0,"timestamp":1610608301,"path_taken":["M","$","M","M","?","R","E","?","T","R","?","M","R","E","R","BOSS","M","?","?","?","M","R","NM"],"items_purchased_type":["Relic"],"build_version":"2020-12-22","purchased_purges":2,"victory":false,"max_hp_per_floor":[80,80,80,80,80,80,80,80,80,80,80,80,80,80,80,80,80,80,80,80,80,80,80,80,80],"card_choices":[{"not_picked":["ReplayTheSpireMod:Strike From Hell","Clash"],"picked":"Inflame","floor":1.0},{"not_picked":["Flex","Run Through"],"picked":"Metallicize","floor":3.0},{"not_picked":["Havoc","Eclipse","ReplayTheSpireMod:Corrosion Curse"],"picked":"SKIP","floor":4.0},{"not_picked":["Havoc","Carnage","Seeing Red"],"picked":"SKIP","floor":7.0},{"not_picked":["Feel No Pain","Defy Death"],"picked":"True Grit","floor":11.0},{"not_picked":["Armaments","Warcry","Run Through"],"picked":"SKIP","floor":12.0},{"not_picked":["Sever Soul","Massacre","Twin Strike"],"picked":"SKIP","floor":14.0},{"not_picked":["Demonic Infusion","Fiend Fire"],"picked":"Immolate","floor":16.0},{"not_picked":["Clothesline","Sword Boomerang+1","Sentinel"],"picked":"SKIP","floor":18.0},{"not_picked":["Pommel Strike+1","Replay:Undeath\u0027s Touch","Searing Blow+1"],"picked":"SKIP","floor":22.0}],"player_experience":506453,"relics_obtained":[{"floor":7.0,"key":"Gremlin Food"},{"floor":9.0,"key":"Bag of Marbles"},{"floor":14.0,"key":"infinitespire:Joker Card"},{"floor":19.0,"key":"Centennial Puzzle"},{"floor":20.0,"key":"Red Mask"}],"event_choices":[{"damage_healed":0.0,"max_hp_gain":0.0,"max_hp_loss":0.0,"gold_gain":0.0,"event_name":"Masked Bandits","player_choice":"Fought Bandits","floor":20.0,"gold_loss":0.0,"damage_taken":0.0},{"damage_healed":0.0,"max_hp_gain":0.0,"max_hp_loss":0.0,"gold_gain":99.0,"event_name":"Nest","player_choice":"Stole From Cult","floor":21.0,"gold_loss":0.0,"damage_taken":0.0}],"is_beta":false,"boss_relics":[{"not_picked":["Pandora\u0027s Box","Sozu"],"picked":"Ooze Armor"},{"not_picked":[]}],"items_purged_floors":[0,2],"is_endless":false,"potions_floor_spawned":[3,4,12,16],"killed_by":"Nightmare","ascension_level":5}}