{"host":"17xjy7b7ubl548g2","time":1610651126,"event":{"mods":["2.2 Compatiblity","Act Like it!","Aspiration","Astrologer","Bard","BaseMod","Bestiary","Challenge The Spire","ChefMod","Colored Map","Conspire","Elementarium","Energized Spire","Gensokyo","GifTheSpireLib","Halation","Hallownest","Hubris","Infinite Spire","Jedi Mod","Jorbs\u0027s Wanderer Trilogy","Marisa（霧雨　魔理沙）","Marked Mod","Menagerie","Minty Spire (QoL Compilation)","Pale of the Ancients","Permanent Neow","Puzzle Mod","Replay The Spire","Robot Space Explorer","Spicy Shops","StSLib","Stuff the Spire","The Blue Laboratory","The Bug Knight","The Construct","The Disciple","The Factory","The Hayseed","The Hierophant","The Marked","The Runesmith","The Sage","TheFirefly"],"gold_per_floor":[362,44,59,59,79,79,112,112,139,157,168,193,213,231,231,329,329,346,346,365,365,377,377,411,423,423,441,51,78,78,110,110,208,208,224,224,224,235,251,251,280,280,304,333,345,14,14,43,43,43],"floor_reached":51,"language":"ENG","playtime":4096,"items_purged":["RobotSpaceExplorer:Strike","Pain","RobotSpaceExplorer:Strike","RobotSpaceExplorer:Strike"],"score":1458,"play_id":"37443c1b-4afd-48c9-943b-45715edf23bf","local_time":"20210114140526","is_ascension_mode":true,"campfire_choices":[{"data":"RobotSpaceExplorer:MiniLasers","floor":6,"key":"SMITH"},{"data":"RobotSpaceExplorer:PlasmaMissile","floor":8,"key":"SMITH"},{"data":"RobotSpaceExplorer:MiniBoosters","floor":15,"key":"SMITH"},{"data":"infinitespire:Menacing","floor":23,"key":"SMITH"},{"data":"AscendersBane","floor":30,"key":"SMITH"},{"data":"RobotSpaceExplorer:Multitool","floor":32,"key":"SMITH"},{"data":"RobotSpaceExplorer:Asteroid","floor":40,"key":"SMITH"},{"data":"RobotSpaceExplorer:DroneSwarm","floor":42,"key":"SMITH"},{"data":"RobotSpaceExplorer:Comet","floor":47,"key":"SMITH"},{"data":"RobotSpaceExplorer:Fix","floor":49,"key":"SMITH"}],"circlet_count":0,"master_deck":["RobotSpaceExplorer:Strike","RobotSpaceExplorer:Defend","RobotSpaceExplorer:Defend","RobotSpaceExplorer:Defend","RobotSpaceExplorer:Defend","RobotSpaceExplorer:Scan","RobotSpaceExplorer:MiniLasers+1","RobotSpaceExplorer:PlasmaMissile+1","RobotSpaceExplorer:StarLightning+1","RobotSpaceExplorer:GlueShot+1","RobotSpaceExplorer:Pulsar","RobotSpaceExplorer:SurgingStrike","RobotSpaceExplorer:Probe","RobotSpaceExplorer:SurgingShield","RobotSpaceExplorer:MiniBoosters+1","RobotSpaceExplorer:Probe","RobotSpaceExplorer:RigExplosive","RobotSpaceExplorer:Comet+1","RobotSpaceExplorer:SlimeMissile+1","RobotSpaceExplorer:MiniDrones+1","infinitespire:Menacing+1","RobotSpaceExplorer:Fix+1","RobotSpaceExplorer:Multitool+1","RobotSpaceExplorer:StarDust+1","RobotSpaceExplorer:LaserBurst+1","RobotSpaceExplorer:SurgingShield","RobotSpaceExplorer:ToxicBomb+1","RobotSpaceExplorer:Asteroid+1","RobotSpaceExplorer:FranticSearch+1","RobotSpaceExplorer:ImprovisedAttack+1","RobotSpaceExplorer:Jetpack","RobotSpaceExplorer:DroneSwarm+1","RobotSpaceExplorer:IronShell+1","RobotSpaceExplorer:Pulsar","RobotSpaceExplorer:DoubleBlock+1"],"relics":["RobotSpaceExplorer:RoboCore","jedi:crownofsimplicity","hubris:Towel","jedi:matchstick","Vajra","Question Card","Odd Mushroom","RobotSpaceExplorer:Reprocessor","WarpedTongs","ChewingGum","conspire:Boomerang","Pear","aspiration:HatOfInfinitePower","halation:PrussianBluePaint","Incense Burner","conspire:SpecialSausage","halation:PinkSoulGem","Happy Flower","RobotSpaceExplorer:PlasmaHourglass","Ancient Tea Set","RobotSpaceExplorer:FoglandsKnife","StuffTheSpire:Gunfinga","hubris:PeanutButter"],"acts_visited":["Exordium","TheCity","TheCity"],"potions_floor_usage":[7,12,16,20,24,27,29,31,33,33,39,41,45,48],"damage_taken":[{"damage":8,"enemies":"Jaw Worm","floor":1,"turns":4},{"damage":0,"enemies":"Small Slimes","floor":3,"turns":3},{"damage":0,"enemies":"Cultist","floor":5,"turns":4},{"damage":0,"enemies":"Gremlin Nob","floor":7,"turns":2},{"damage":3,"enemies":"Gremlin Gang","floor":10,"turns":4},{"damage":0,"enemies":"2 Fungi Beasts","floor":11,"turns":2},{"damage":0,"enemies":"3 Sentries","floor":12,"turns":3},{"damage":2,"enemies":"The Mushroom Lair","floor":13,"turns":3},{"damage":0,"enemies":"3 Louse","floor":14,"turns":2},{"damage":0,"enemies":"Slime Boss","floor":16,"turns":6},{"damage":0,"enemies":"Spheric Guardian","floor":18,"turns":2},{"damage":8,"enemies":"Shell Parasite","floor":20,"turns":3},{"damage":0,"enemies":"3 Cultists","floor":22,"turns":4},{"damage":0,"enemies":"Slavers","floor":24,"turns":3},{"damage":0,"enemies":"conspire:HollyBat","floor":25,"turns":5},{"damage":0,"enemies":"Centurion and Healer","floor":27,"turns":3},{"damage":0,"enemies":"Nightmare","floor":29,"turns":5},{"damage":22,"enemies":"Slavers","floor":31,"turns":3},{"damage":21,"enemies":"Automaton","floor":33,"turns":6},{"damage":0,"enemies":"theFactory:2_Experiment_Personnel","floor":35,"turns":4},{"damage":0,"enemies":"theFactory:BigBot","floor":38,"turns":2},{"damage":0,"enemies":"theFactory:Personnel_and_Big_Bot","floor":39,"turns":5},{"damage":2,"enemies":"theFactory:SmogElemental","floor":41,"turns":4},{"damage":0,"enemies":"theFactory:DrinkBrewer","floor":44,"turns":5},{"damage":0,"enemies":"theFactory:Big_Bot_Bundle","floor":45,"turns":3},{"damage":0,"enemies":"theFactory:Manservantes","floor":48,"turns":2},{"damage":1,"enemies":"theFactory:Experiment01","floor":50,"turns":6}],"seed_played":"4886898090578133790","potions_obtained":[{"floor":5,"key":"blueLaboratory:HorrorPotion"},{"floor":10,"key":"blueLaboratory:HorrorPotion"},{"floor":11,"key":"blueLaboratory:BottleOfRum"},{"floor":12,"key":"Flashbang"},{"floor":18,"key":"DistilledChaos"},{"floor":24,"key":"jedi:wingpotion"},{"floor":35,"key":"Toxic Potion"},{"floor":48,"key":"blueLaboratory:LouseDecoction"}],"is_trial":false,"path_per_floor":["M","$","M","?","M","R","E","R","T","M","M","E","?","M","R","B",null,"M","?","M","AVR","M","R","E","M","T","M","$","NM","R","E","R","B",null,"M","?","?","M","M","R","E","R","T","E","M","$","R","E","R","B",null],"character_chosen":"RobotSpaceExplorer","items_purchased":["RobotSpaceExplorer:StarLightning+1","jedi:crownofsimplicity","RobotSpaceExplorer:GlueShot","aspiration:HatOfInfinitePower","StuffTheSpire:Gunfinga","RobotSpaceExplorer:Pulsar"],"campfire_rested":0,"item_purchase_floors":[2,2,2,28,46,46],"current_hp_per_floor":[60,60,60,60,60,60,60,60,60,57,57,57,55,55,55,55,65,65,65,57,57,57,57,61,67,77,77,77,78,78,56,56,41,69,75,75,66,72,76,76,74,74,74,78,78,78,78,78,78,77],"gold":43,"neow_bonus":"TWO_FIFTY_GOLD","is_daily":false,"chose_seed":false,"campfire_upgraded":10,"win_rate":0.0,"timestamp":1610651126,"path_taken":["M","$","M","?","M","R","E","R","T","M","M","E","?","M","R","BOSS","M","?","M","AVR","?","R","E","?","T","M","$","NM","R","E","R","BOSS","M","?","?","M","?","R","E","R","T","E","M","$","R","E","R","BOSS"],"items_purchased_type":["Card","Relic","Card","Relic","Relic","Card"],"build_version":"2020-12-22","purchased_purges":4,"victory":true,"max_hp_per_floor":[68,68,68,68,68,68,68,68,68,68,68,68,68,68,68,68,68,68,68,68,68,68,68,68,68,78,78,78,78,78,78,78,78,78,78,78,78,78,78,78,78,78,78,78,78,78,78,78,78,78],"card_choices":[{"not_picked":["RobotSpaceExplorer:Probe","RobotSpaceExplorer:ImprovisedAttack"],"picked":"RobotSpaceExplorer:PlasmaMissile","floor":1},{"not_picked":["RobotSpaceExplorer:Reload","RobotSpaceExplorer:FreezeRay"],"picked":"RobotSpaceExplorer:Pulsar","floor":3},{"not_picked":["RobotSpaceExplorer:GlueShot","RobotSpaceExplorer:ShockKick","RobotSpaceExplorer:SwiftStep"],"picked":"SKIP","floor":5},{"not_picked":["RobotSpaceExplorer:Ammunition","RobotSpaceExplorer:Counterblock"],"picked":"RobotSpaceExplorer:SurgingStrike","floor":7},{"not_picked":["RobotSpaceExplorer:ShovelStrike","RobotSpaceExplorer:PowerGlove"],"picked":"RobotSpaceExplorer:Probe","floor":10},{"not_picked":["RobotSpaceExplorer:StunGrenade","RobotSpaceExplorer:Discharger"],"picked":"RobotSpaceExplorer:SurgingShield","floor":11},{"not_picked":["RobotSpaceExplorer:PowerGlove","RobotSpaceExplorer:SwiftStep"],"picked":"RobotSpaceExplorer:MiniBoosters","floor":12},{"not_picked":["RobotSpaceExplorer:ShockKick","RobotSpaceExplorer:FranticSearch","RobotSpaceExplorer:SelfCleaning"],"picked":"RobotSpaceExplorer:Probe","floor":13},{"not_picked":["RobotSpaceExplorer:Electroshield","RobotSpaceExplorer:FranticSearch","RobotSpaceExplorer:ScrapMissile"],"picked":"RobotSpaceExplorer:RigExplosive","floor":14},{"not_picked":["RobotSpaceExplorer:Multitool","RobotSpaceExplorer:ShockMissile","RobotSpaceExplorer:HighVoltage"],"picked":"RobotSpaceExplorer:Comet","floor":16},{"not_picked":["RobotSpaceExplorer:FrostMissile","RobotSpaceExplorer:JunkDive","RobotSpaceExplorer:LuckyStrike"],"picked":"RobotSpaceExplorer:SlimeMissile+1","floor":18},{"not_picked":["RobotSpaceExplorer:FrostMissile","RobotSpaceExplorer:FranticSearch","RobotSpaceExplorer:GlueShot"],"picked":"RobotSpaceExplorer:MiniDrones+1","floor":20},{"not_picked":["RobotSpaceExplorer:StarDust","RobotSpaceExplorer:StunGrenade","RobotSpaceExplorer:Probe"],"picked":"RobotSpaceExplorer:Fix","floor":22},{"not_picked":["RobotSpaceExplorer:DualCore","RobotSpaceExplorer:Electroshield","RobotSpaceExplorer:MiniBoosters"],"picked":"RobotSpaceExplorer:Multitool","floor":24},{"not_picked":["RobotSpaceExplorer:SurgingShield+1","RobotSpaceExplorer:ImprovisedAttack+1","RobotSpaceExplorer:ScrapMissile"],"picked":"RobotSpaceExplorer:StarDust+1","floor":25},{"not_picked":["RobotSpaceExplorer:GlueShot","RobotSpaceExplorer:MakeshiftVolley+1","RobotSpaceExplorer:FrostMissile"],"picked":"RobotSpaceExplorer:LaserBurst+1","floor":27},{"not_picked":["RobotSpaceExplorer:SelfCleaning","RobotSpaceExplorer:LaserBurst","RobotSpaceExplorer:FranticSearch"],"picked":"RobotSpaceExplorer:SurgingShield","floor":29},{"not_picked":["RobotSpaceExplorer:FrostMissile","RobotSpaceExplorer:Counterblock","RobotSpaceExplorer:ScrapMissile"],"picked":"RobotSpaceExplorer:ToxicBomb+1","floor":31},{"not_picked":["RobotSpaceExplorer:Arsenal","RobotSpaceExplorer:Explosion","RobotSpaceExplorer:Exploration"],"picked":"RobotSpaceExplorer:Asteroid","floor":33},{"not_picked":["RobotSpaceExplorer:Counterblock","RobotSpaceExplorer:SurgingShield","RobotSpaceExplorer:Discharger+1"],"picked":"RobotSpaceExplorer:FranticSearch+1","floor":35},{"not_picked":["RobotSpaceExplorer:StarDust+1","RobotSpaceExplorer:ShovelStrike","RobotSpaceExplorer:Electropulse"],"picked":"RobotSpaceExplorer:ImprovisedAttack+1","floor":38},{"not_picked":["RobotSpaceExplorer:FranticSearch+1","RobotSpaceExplorer:MiniDrones+1","RobotSpaceExplorer:ShockKick"],"picked":"RobotSpaceExplorer:Jetpack","floor":39},{"not_picked":["RobotSpaceExplorer:MiniDrones","RobotSpaceExplorer:BigMissile","RobotSpaceExplorer:StunGrenade"],"picked":"RobotSpaceExplorer:DroneSwarm","floor":41},{"not_picked":["RobotSpaceExplorer:Blitz","RobotSpaceExplorer:ToxicBomb","RobotSpaceExplorer:FranticSearch"],"picked":"RobotSpaceExplorer:IronShell+1","floor":44},{"not_picked":["RobotSpaceExplorer:MiniDrones","RobotSpaceExplorer:GlueSpray","RobotSpaceExplorer:ShockKick","RobotSpaceExplorer:Probe"],"picked":"SKIP","floor":45},{"not_picked":["RobotSpaceExplorer:BigMissile","RobotSpaceExplorer:SlimeMissile","RobotSpaceExplorer:ScrapToss+1"],"picked":"RobotSpaceExplorer:DoubleBlock+1","floor":48}],"player_experience":1788520,"relics_obtained":[{"floor":7,"key":"jedi:matchstick"},{"floor":9,"key":"Vajra"},{"floor":12,"key":"Question Card"},{"floor":13,"key":"Odd Mushroom"},{"floor":24,"key":"conspire:Boomerang"},{"floor":26,"key":"Pear"},{"floor":29,"key":"halation:PrussianBluePaint"},{"floor":31,"key":"Incense Burner"},{"floor":41,"key":"RobotSpaceExplorer:PlasmaHourglass"},{"floor":43,"key":"Ancient Tea Set"},{"floor":44,"key":"RobotSpaceExplorer:FoglandsKnife"},{"floor":48,"key":"hubris:PeanutButter"}],"event_choices":[{"damage_healed":0,"gold_gain":0,"player_choice":"Fought Mushrooms","damage_taken":0,"max_hp_gain":0,"max_hp_loss":0,"event_name":"Mushrooms","floor":13,"gold_loss":0},{"damage_healed":0,"gold_gain":0,"player_choice":"Rummage","damage_taken":0,"relics_obtained":["WarpedTongs"],"max_hp_gain":0,"max_hp_loss":0,"event_name":"Accursed Blacksmith","floor":19,"gold_loss":0,"cards_obtained":["Pain"]}],"is_beta":false,"boss_relics":[{"not_picked":["hubris:HollowSoul","StuffTheSpire:RunicConfusion"],"picked":"RobotSpaceExplorer:Reprocessor"},{"not_picked":["aspiration:RunicSpoon","energizedSpire:SpiderWeb"],"picked":"conspire:SpecialSausage"}],"items_purged_floors":[2,21,28,46],"is_endless":false,"potions_floor_spawned":[5,10,11,12,18,24,27,35,45,48,50],"ascension_level":10}}