{"host":"ccryllxwh68mzgdb","time":1610651122,"event":{"mods":["Act Like it!","BaseMod","Downfall","Gremlin Skip","Hallownest","HololiveMod","KinomotoSakuraMod(ƒæ÷Æ±æ”£)","Marisa£®ÏF”Í°°ƒß¿Ì…≥£©","Minty Spire (QoL Compilation)","Reimu£®≤©¿ˆ¡È√Œ£©","Remilia£®¿Ÿ√◊¿Ú—«£©","Replay The Spire","RumiaBox-¬∂√◊Ê´µƒ…Ò√ÿ∫–◊”","Spicy Shops","StSLib","The Bug Knight","The Servant 0.9.4","WarShipGirlsR/’ΩΩ¢…Ÿ≈ÆR mod","Youmu£®ªÍ∆«—˝√Œ£©","Yuri Mod","[IsaacMod]“‘»ˆº‚À˛"],"gold_per_floor":[112,123,123,137,137,137,22,22,90,190,238,238,263,302,302,408,508,530,530,530,549,472,472,525,525,550,550,587,606,606,606,713,853,853,871,895,995,1035,1042,1082,1082,1082,1082,1102,1130,1130,1187,1187,1187,1201],"floor_reached":51,"language":"ZHS","playtime":1983,"items_purged":["Pain","Envy_TH","Strike_R","Defend_R","Strike_R","Second Wind"],"score":761,"play_id":"bf1ed884-e506-4931-83db-7a3b91296388","local_time":"20210115030522","is_ascension_mode":false,"campfire_choices":[{"data":"Armaments","floor":6.0,"key":"SMITH"},{"data":"True Grit","floor":8.0,"key":"SMITH"},{"data":"EpicFetus","floor":12.0,"key":"SMITH"},{"floor":15.0,"key":"REST"},{"data":"Bash","floor":23,"key":"SMITH"},{"data":"Limit Break","floor":27,"key":"SMITH"},{"data":"Body Slam","floor":41,"key":"SMITH"},{"data":"1","floor":49,"key":"LIFT"}],"circlet_count":1,"master_deck":["Defend_R","Bash+1","EpicFetus+1","True Grit+1","Armaments+1","Blood for Blood","Offering","Thunderclap","Limit Break+1","Dropkick","Shrug It Off+1","Metallicize","Inflame+1","Sword Boomerang+1","Pommel Strike","Offering","Demon Form","Sentinel+1","Whirlwind+1","Body Slam+1","Berserk+1"],"relics":["Burning Blood","HushsDoor","SteamSale","WarpedTongs","SalivaCoin","yuri:PortableGlitches","Circlet","Replay:Wanted Poster","Succubus","Membership Card","Art of War","Question Card","Letter Opener","Blood Vial","Blue Doll","PreservedInsect","Oddly Smooth Stone","Lantern","Anchor","GodSword1","Replay:WaspNest","Unceasing Top","Mark of Pain","Replay:Ringing Soul","TheBean","HandDrill","Regal Pillow","Bag of Preparation","ClockworkSouvenir","InkBottle","Frozen Egg 2","Ginger","TentaclePot:ReiMu","HollowMod:LifeEnderRelic","Juzu Bracelet","OrangePellets","Girya"],"acts_visited":["Exordium","TheCity","TheBeyond"],"potions_floor_usage":[25,50],"damage_taken":[{"damage":11.0,"enemies":"Jaw Worm","floor":1.0,"turns":4.0},{"damage":12.0,"enemies":"2 Louse","floor":2.0,"turns":2.0},{"damage":22.0,"enemies":"Small Slimes","floor":4.0,"turns":3.0},{"damage":19.0,"enemies":"3 Sentries","floor":11.0,"turns":6.0},{"damage":11.0,"enemies":"3 Louse","floor":13.0,"turns":4.0},{"damage":14.0,"enemies":"Gremlin Gang","floor":14.0,"turns":2.0},{"damage":6.0,"enemies":"Slime Boss","floor":16.0,"turns":5.0},{"damage":5,"enemies":"Shell Parasite","floor":18,"turns":3},{"damage":0,"enemies":"3 Byrds","floor":21,"turns":3},{"damage":30,"enemies":"Slavers","floor":24,"turns":2},{"damage":6,"enemies":"Gremlin Leader","floor":28,"turns":2},{"damage":5,"enemies":"Snecko","floor":29,"turns":3},{"damage":6,"enemies":"Colosseum Slavers","floor":32,"turns":2},{"damage":0,"enemies":"Colosseum Nobs","floor":32,"turns":1},{"damage":22,"enemies":"Collector","floor":33,"turns":4},{"damage":6,"enemies":"3 Shapes","floor":35,"turns":2},{"damage":12,"enemies":"3 Darklings","floor":36,"turns":1},{"damage":15,"enemies":"4 Shapes","floor":38,"turns":2},{"damage":0,"enemies":"HollowMod:StalkingDevout","floor":40,"turns":2},{"damage":0,"enemies":"Jaw Worm Horde","floor":44,"turns":2},{"damage":10,"enemies":"Writhing Mass","floor":45,"turns":3},{"damage":6,"enemies":"Mind Bloom Boss Battle","floor":47,"turns":2},{"damage":12,"enemies":"Replay:Hell Engine","floor":50,"turns":2}],"seed_played":"-37120754202782970","potions_obtained":[{"floor":1.0,"key":"FearPotion"},{"floor":2.0,"key":"SkillPotion"},{"floor":14.0,"key":"Languid Potion"},{"floor":16.0,"key":"Explosive Potion"},{"floor":28,"key":"champ:CounterPotion"}],"is_trial":false,"path_per_floor":["M","M","?","M","?","R","$","R","T","?","E","R","M","M","R","B",null,"M","?","?","M","$","R","E","$","T","R","E","M","?","?","R","B",null,"M","M","?","M","?","E","R","$","T","M","M","$","?","?","R","B",null],"character_chosen":"IRONCLAD","items_purchased":["SalivaCoin","Succubus","Membership Card","Art of War","Question Card","Letter Opener","Blood Vial","BloodPotion","PreservedInsect","Oddly Smooth Stone","Lantern","Dropkick","Shrug It Off+1","Metallicize","TheBean","HandDrill","Regal Pillow","Bag of Preparation","ClockworkSouvenir","Adrenaline Potion","Frozen Egg 2","Ginger","TentaclePot:ReiMu","HollowMod:LifeEnderRelic","Juzu Bracelet","OrangePellets","Berserk+1"],"campfire_rested":1,"item_purchase_floors":[7,17,22,22,22,22,22,22,25,25,25,25,25,25,42,42,42,42,42,42,46,46,46,46,46,46,46],"current_hp_per_floor":[83,77,70,54,54,54,54,54,54,54,41,41,48,40,66,80,73,73,73,73,73,73,73,49,63,63,63,65,68,68,68,73,57,73,73,67,67,60,50,61,61,61,61,69,67,70,72,72,72,68],"gold":1201,"neow_bonus":"TEN_PERCENT_HP_BONUS","is_daily":false,"chose_seed":false,"campfire_upgraded":6,"win_rate":0.0,"timestamp":1610651122,"path_taken":["M","M","?","M","?","R","$","R","T","?","E","R","?","M","R","BOSS","M","?","?","M","$","R","E","$","T","R","E","?","?","?","R","BOSS","M","?","?","M","?","E","R","$","T","M","?","$","?","?","R","BOSS"],"items_purchased_type":["Relic","Relic","Relic","Relic","Relic","Relic","Relic","Potion","Relic","Relic","Relic","Card","Card","Card","Relic","Relic","Relic","Relic","Relic","Potion","Relic","Relic","Relic","Relic","Relic","Relic","Card"],"build_version":"2020-12-22","purchased_purges":6,"victory":true,"max_hp_per_floor":[88,88,88,88,88,88,88,88,88,88,88,88,88,88,88,88,73,73,73,73,73,73,73,73,73,73,73,73,73,73,73,73,73,73,73,73,73,73,73,76,76,76,76,76,76,79,79,79,79,79],"card_choices":[{"not_picked":[],"picked":"EpicFetus","floor":0.0},{"not_picked":["Headbutt","Wild Strike"],"picked":"True Grit","floor":1.0},{"not_picked":["Uppercut","ReplayTheSpireMod:Corrosion Curse"],"picked":"Armaments","floor":2.0},{"not_picked":["Flex","Replay:Undeath\u0027s Touch","Clash"],"picked":"SKIP","floor":4.0},{"not_picked":["Anger","Abandon"],"picked":"Blood for Blood","floor":10.0},{"not_picked":["Anger","Perfected Strike"],"picked":"Offering","floor":11.0},{"not_picked":["Anger","True Grit","Dropkick"],"picked":"SKIP","floor":13.0},{"not_picked":["Cleave","Warcry"],"picked":"Second Wind","floor":14.0},{"not_picked":["Shrug It Off","Dual Wield"],"picked":"Thunderclap","floor":18},{"not_picked":["Flex","Clothesline","Battle Trance"],"picked":"SKIP","floor":21},{"not_picked":["ReplayTheSpireMod:Strike From Hell","Feed","Battle Trance"],"picked":"Limit Break","floor":24},{"not_picked":["Warcry","True Grit","Sentinel"],"picked":"Inflame+1","floor":28},{"not_picked":["ReplayTheSpireMod:Strike From Hell+1","Shrug It Off","ReplayTheSpireMod:Corrosion Curse"],"picked":"Sword Boomerang+1","floor":29},{"not_picked":["Perfected Strike","Warcry+1","ReplayTheSpireMod:Corrosion Curse+1"],"picked":"Offering","floor":32},{"not_picked":["Juggernaut","Immolate","Bludgeon"],"picked":"Demon Form","floor":33},{"not_picked":["Havoc+1","Pommel Strike","Twin Strike+1"],"picked":"Sentinel+1","floor":35},{"not_picked":["Anger","Sword Boomerang+1","Warcry"],"picked":"Whirlwind+1","floor":36},{"not_picked":["Perfected Strike","Cleave+1","True Grit","Replay:Undeath\u0027s Touch"],"picked":"SKIP","floor":38},{"not_picked":["Abandon","Juggernaut","Defy Death+1"],"picked":"Body Slam","floor":40},{"not_picked":["ReplayTheSpireMod:Limb From Limb","Disarm","Heavy Blade","Clothesline+1"],"picked":"SKIP","floor":44},{"not_picked":["Uppercut","Power Through+1","Shrug It Off","Replay:Undeath\u0027s Touch+1"],"picked":"SKIP","floor":45},{"not_picked":["Uppercut","Power Through+1","Shrug It Off","Replay:Undeath\u0027s Touch+1"],"picked":"SKIP","floor":45}],"player_experience":619308,"relics_obtained":[{"floor":9.0,"key":"yuri:PortableGlitches"},{"floor":11.0,"key":"Dead Branch"},{"floor":24,"key":"Blue Doll"},{"floor":26,"key":"Anchor"},{"floor":28,"key":"GodSword1"},{"floor":32,"key":"Replay:WaspNest"},{"floor":32,"key":"Unceasing Top"},{"floor":40,"key":"Replay:Ringing Soul"},{"floor":43,"key":"InkBottle"},{"floor":47,"key":"Girya"}],"event_choices":[{"cards_removed":["Strike_R"],"damage_healed":0.0,"max_hp_gain":0.0,"max_hp_loss":0.0,"gold_gain":0.0,"event_name":"Golden Wing","player_choice":"Card Removal","floor":3.0,"gold_loss":0.0,"damage_taken":7.0},{"damage_healed":0.0,"max_hp_gain":0.0,"max_hp_loss":0.0,"gold_gain":0.0,"event_name":"Accursed Blacksmith","player_choice":"Rummage","floor":5.0,"gold_loss":0.0,"damage_taken":0.0,"relics_obtained":["WarpedTongs"],"cards_obtained":["Pain"]},{"damage_healed":0,"gold_gain":0,"player_choice":"Ignored","damage_taken":0,"max_hp_gain":0,"max_hp_loss":0,"event_name":"N\u0027loth","floor":19,"gold_loss":0},{"cards_removed":["Strike_R"],"damage_healed":0,"gold_gain":0,"player_choice":"Elegance","damage_taken":0,"max_hp_gain":0,"max_hp_loss":0,"event_name":"Back to Basics","floor":30,"gold_loss":0},{"damage_healed":0,"gold_gain":0,"player_choice":"Read","damage_taken":0,"max_hp_gain":0,"max_hp_loss":0,"event_name":"The Library","floor":31,"gold_loss":0,"cards_obtained":["Pommel Strike"]},{"damage_healed":0,"gold_gain":0,"player_choice":"Fight","damage_taken":0,"max_hp_gain":0,"max_hp_loss":0,"event_name":"Colosseum","floor":32,"gold_loss":0},{"damage_healed":0,"gold_gain":0,"player_choice":"Fought Nobs","damage_taken":0,"max_hp_gain":0,"max_hp_loss":0,"event_name":"Colosseum","floor":32,"gold_loss":0},{"damage_healed":0,"gold_gain":100,"player_choice":"Pray","damage_taken":0,"max_hp_gain":0,"max_hp_loss":0,"event_name":"Golden Shrine","floor":37,"gold_loss":0},{"damage_healed":0,"gold_gain":0,"player_choice":"Memory 3","damage_taken":10,"max_hp_gain":0,"max_hp_loss":0,"event_name":"SensoryStone","floor":39,"gold_loss":0},{"damage_healed":0,"gold_gain":0,"player_choice":"Fight","damage_taken":0,"max_hp_gain":0,"max_hp_loss":0,"event_name":"MindBloom","floor":47,"gold_loss":0},{"cards_removed":["Defend_R"],"damage_healed":0,"gold_gain":0,"player_choice":"Removed Skill","damage_taken":0,"max_hp_gain":0,"max_hp_loss":0,"event_name":"Falling","floor":48,"gold_loss":0}],"is_beta":false,"boss_relics":[{"not_picked":["Empty Cage","Replay:Grab Bag"],"picked":"Replay:Wanted Poster"},{"not_picked":[]},{"not_picked":["Hololive_Finger","Tiny House"],"picked":"Mark of Pain"},{"not_picked":[]}],"items_purged_floors":[7,22,25,42,46,46],"is_endless":false,"potions_floor_spawned":[1,2,14,16,18,21,28,32,44,45],"ascension_level":0}}