{"host":"mmro3auxcbu5pwad","time":1610618799,"event":{"mods":["Aspiration","BaseMod","Conspire","Energized Spire","Halation","Hubris","Infinite Spire","Minty Spire (QoL Compilation)","Permanent Neow","Replay The Spire","StSLib","vexMod"],"gold_per_floor":[112,112,124,299,299,299,317,317,368,293,327,327,337,350,350,350,350],"floor_reached":16,"language":"ENG","playtime":648,"items_purged":["Strike_G"],"score":100,"play_id":"5906c096-d61e-404e-bc7c-4df7aff25ca8","local_time":"20210114110639","is_ascension_mode":false,"campfire_choices":[{"data":"Flechettes","floor":6,"key":"SMITH"},{"data":"Survivor","floor":12,"key":"SMITH"},{"floor":15,"key":"REST"}],"circlet_count":0,"master_deck":["Strike_G","Strike_G","Strike_G","Strike_G","Defend_G","Defend_G","Defend_G","Defend_G","Defend_G","Survivor+1","Neutralize","Flechettes+1","Prepared","Dodge and Roll"],"relics":["Ring of the Snake","aspiration:Nostalgia","Replay:M_SmolderingBlood","Potion Belt","conspire:TopHat"],"acts_visited":["Exordium"],"potions_floor_usage":[],"damage_taken":[{"damage":0,"enemies":"2 Louse","floor":1,"turns":3},{"damage":0,"enemies":"Small Slimes","floor":3,"turns":5},{"damage":0,"enemies":"Cultist","floor":7,"turns":2},{"damage":27,"enemies":"3 Sentries","floor":11,"turns":14},{"damage":0,"enemies":"Blue Slaver","floor":13,"turns":4},{"damage":2,"enemies":"Looter","floor":14,"turns":4},{"damage":95,"enemies":"Fading Forest","floor":16,"turns":10}],"seed_played":"-7617954531979575419","potions_obtained":[{"floor":1,"key":"Doom Potion"},{"floor":7,"key":"Poison Potion"}],"is_trial":false,"path_per_floor":["M","?","M","?","?","R","M","?","T","$","E","R","M","M","R","B"],"character_chosen":"THE_SILENT","items_purchased":[],"campfire_rested":1,"item_purchase_floors":[],"current_hp_per_floor":[70,70,70,70,70,70,70,70,70,70,43,43,43,41,62,0,0],"gold":350,"neow_bonus":"NOSTALGIA","is_daily":false,"chose_seed":false,"campfire_upgraded":2,"win_rate":0.0,"timestamp":1610618799,"path_taken":["M","?","M","?","?","R","M","?","T","$","E","R","M","M","R","BOSS"],"items_purchased_type":[],"build_version":"2020-12-22","purchased_purges":1,"victory":false,"max_hp_per_floor":[70,70,70,70,70,70,70,70,70,70,70,70,70,70,70,70,70],"card_choices":[{"not_picked":["Deadly Poison","Headbutt"],"picked":"Flechettes","floor":1},{"not_picked":["Deflect","ReplayTheSpireMod:Shiv Toss","conspire:PoisonWeapons"],"picked":"SKIP","floor":3},{"not_picked":["Poisoned Stab","Dagger Spray"],"picked":"Prepared","floor":7},{"not_picked":["Bludgeon","Backstab","All Out Attack"],"picked":"SKIP","floor":11},{"not_picked":["Flying Knee","Bouncing Flask"],"picked":"Dodge and Roll","floor":13},{"not_picked":["Deadly Poison","Hidden Blade","Clash"],"picked":"SKIP","floor":14}],"player_experience":35944,"relics_obtained":[{"floor":9,"key":"Potion Belt"},{"floor":11,"key":"conspire:TopHat"}],"event_choices":[{"damage_healed":0,"gold_gain":175,"player_choice":"AGREE","damage_taken":0,"max_hp_gain":0,"max_hp_loss":0,"event_name":"Liars Game","floor":4,"gold_loss":0,"cards_obtained":["Doubt"]},{"damage_healed":0,"gold_gain":0,"player_choice":"Leave","damage_taken":0,"max_hp_gain":0,"max_hp_loss":0,"event_name":"conspire:Investor","floor":8,"gold_loss":0}],"is_beta":false,"boss_relics":[],"items_purged_floors":[10],"is_endless":false,"potions_floor_spawned":[1,7],"killed_by":"Fading Forest","ascension_level":0}}