{"host":"yuhy0i501zzmn1iz","time":1610642034,"event":{"mods":["AchievementEnabler","AlwaysNeverKeys","BaseMod","Bestiary","Better Match","Better Third Choice","Curses Come First","Downfall","Minty Spire (QoL Compilation)","StSLib","slay the spire mod where everything is the same but ironclad has a cowboy hat"],"gold_per_floor":[113,124,124,124,199,199,234,234,257,270,284,284,284,320,320,448,448,466,489,105,124,148,148,148,148,148],"floor_reached":25,"language":"ENG","playtime":893,"items_purged":["Dualcast"],"score":271,"play_id":"68632a86-04cc-4991-9224-1fd5cb00b475","local_time":"20210114113354","is_ascension_mode":true,"campfire_choices":[{"floor":6.0,"key":"REST"},{"data":"Gash","floor":8.0,"key":"SMITH"},{"data":"Reprogram","floor":12.0,"key":"SMITH"},{"floor":15.0,"key":"REST"},{"floor":23.0,"key":"REST"}],"circlet_count":0,"master_deck":["Strike_B+1","Strike_B+1","Strike_B","Strike_B","Defend_B","Defend_B","Defend_B","Defend_B","Zap","Gash+1","Steam","Steam","Go for the Eyes","Reprogram+1","Sweeping Beam","Fission","Fusion","BootSequence","Go for the Eyes","Streamline+1"],"relics":["Cracked Core","NeowsBlessing","Golden Idol","Darkstone Periapt","MealTicket","Omamori","Black Star","Singing Bowl","FaceOfCleric"],"acts_visited":["Exordium","TheCity"],"potions_floor_usage":[25],"damage_taken":[{"damage":0.0,"enemies":"2 Louse","floor":1.0,"turns":1.0},{"damage":0.0,"enemies":"Small Slimes","floor":2.0,"turns":1.0},{"damage":0.0,"enemies":"Lagavulin","floor":7.0,"turns":1.0},{"damage":0.0,"enemies":"Cultist","floor":10.0,"turns":2.0},{"damage":10.0,"enemies":"Exordium Thugs","floor":11.0,"turns":4.0},{"damage":29.0,"enemies":"Gremlin Nob","floor":14.0,"turns":4.0},{"damage":28.0,"enemies":"Slime Boss","floor":16.0,"turns":10.0},{"damage":22.0,"enemies":"2 Thieves","floor":18.0,"turns":5.0},{"damage":32.0,"enemies":"Chosen","floor":19.0,"turns":7.0},{"damage":17.0,"enemies":"Snake Plant","floor":21.0,"turns":8.0},{"damage":9.0,"enemies":"Chosen and Byrds","floor":22.0,"turns":8.0},{"damage":45,"enemies":"Slavers","floor":25,"turns":3}],"seed_played":"-4387059123835499711","potions_obtained":[{"floor":2.0,"key":"hexamod:EctoCoolerPotion"},{"floor":14.0,"key":"champ:CounterPotion"},{"floor":18.0,"key":"PowerPotion"},{"floor":21.0,"key":"PowerPotion"},{"floor":22.0,"key":"Ancient Potion"}],"is_trial":false,"path_per_floor":["M","M","?","?","?","R","E","R","T","M","M","R","?","E","R","B",null,"M","M","$","M","M","R","?","E"],"character_chosen":"DEFECT","items_purchased":["Singing Bowl","Go for the Eyes"],"campfire_rested":3,"item_purchase_floors":[20,20],"current_hp_per_floor":[75,75,60,42,31,53,53,53,53,53,43,43,43,14,36,8,75,53,21,36,21,12,35,35,0,0],"gold":148,"neow_bonus":"THREE_ENEMY_KILL","is_daily":false,"chose_seed":false,"campfire_upgraded":2,"win_rate":0.0,"timestamp":1610642034,"path_taken":["M","M","?","?","?","R","E","R","T","M","M","R","?","E","R","BOSS","M","M","$","M","M","R","?","E"],"items_purchased_type":["Relic","Card"],"build_version":"2020-12-22","purchased_purges":1,"victory":false,"max_hp_per_floor":[75,75,75,75,75,75,75,75,75,75,75,75,75,75,75,75,75,75,75,75,77,77,77,77,77,77],"card_choices":[{"not_picked":["Beam Cell","Stack"],"picked":"Gash","floor":1.0},{"not_picked":["Cold Snap","Conserve Battery"],"picked":"Steam","floor":2.0},{"not_picked":["Streamline","Hello World"],"picked":"Steam","floor":7.0},{"not_picked":["Core Surge","Storm"],"picked":"Go for the Eyes","floor":10.0},{"not_picked":["Force Field","Compile Driver"],"picked":"Reprogram","floor":11.0},{"not_picked":["Steam","Compile Driver"],"picked":"Sweeping Beam","floor":14.0},{"not_picked":["Biased Cognition","Multi-Cast"],"picked":"Fission","floor":16.0},{"not_picked":["Blizzard","Barrage+1"],"picked":"Fusion","floor":18.0},{"not_picked":["Undo","Steam"],"picked":"BootSequence","floor":19.0},{"not_picked":["Conserve Battery","Defragment+1","Steam"],"picked":"Singing Bowl","floor":21.0},{"not_picked":["Undo","Melter"],"picked":"Streamline+1","floor":22.0}],"player_experience":288230,"relics_obtained":[{"floor":7.0,"key":"Darkstone Periapt"},{"floor":9.0,"key":"MealTicket"},{"floor":14.0,"key":"Omamori"}],"event_choices":[{"damage_healed":75.0,"max_hp_gain":0.0,"max_hp_loss":75.0,"gold_gain":0.0,"event_name":"betterThird:BetterShining","player_choice":"Upgrade","floor":3.0,"gold_loss":0.0,"damage_taken":15.0,"cards_upgraded":["Strike_B","Strike_B"]},{"damage_healed":0.0,"max_hp_gain":0.0,"max_hp_loss":0.0,"gold_gain":0.0,"event_name":"Golden Idol","player_choice":"Take Damage","floor":4.0,"gold_loss":0.0,"damage_taken":18.0,"relics_obtained":["Golden Idol"]},{"damage_healed":0.0,"max_hp_gain":0.0,"max_hp_loss":0.0,"gold_gain":75.0,"event_name":"betterThird:BetterGoop","player_choice":"Gold","floor":5.0,"gold_loss":0.0,"damage_taken":11.0},{"damage_healed":0.0,"max_hp_gain":0.0,"max_hp_loss":0.0,"gold_gain":0.0,"event_name":"betterThird:BetterSerpent","player_choice":"Ignored","floor":13.0,"gold_loss":0.0,"damage_taken":284.0},{"damage_healed":0.0,"max_hp_gain":0.0,"max_hp_loss":0.0,"gold_gain":0.0,"event_name":"FaceTrader","player_choice":"Trade","floor":24.0,"gold_loss":0.0,"damage_taken":0.0,"relics_obtained":["FaceOfCleric"]}],"is_beta":false,"boss_relics":[{"not_picked":["Fusion Hammer","Velvet Choker"],"picked":"Black Star"}],"items_purged_floors":[20],"is_endless":false,"potions_floor_spawned":[2,14,18,21,22],"killed_by":"Slavers","ascension_level":3}}