{"host":"d61fcf2p3sjwe6yo","time":1610651016,"event":{"mods":["AchievementEnabler","BaseMod","Colored Map","Minty Spire (QoL Compilation)","StSLib","SuperFastMode"],"gold_per_floor":[113,38,38,50,50,50,50,50,103,48,48,67,101,17,17,91,91,104,104,116,128,138,138,149,189,245,245,268,310,310,210,210,296,296,307,307,326,326,201,227,244,273,282,49,49,82,112,129,129,129,129,129,14,46,46,46],"floor_reached":55,"language":"ENG","playtime":1978,"items_purged":["Defend_G","Parasite","Strike_G","Clumsy","Strike_G"],"score":1658,"play_id":"91befd7f-8df1-43f7-87c4-80d816144410","local_time":"20210114220336","is_ascension_mode":true,"campfire_choices":[{"data":"Cloak And Dagger","floor":6,"key":"SMITH"},{"data":"Neutralize","floor":8,"key":"SMITH"},{"data":"Blade Dance","floor":11,"key":"SMITH"},{"data":"Accuracy","floor":15,"key":"SMITH"},{"data":"Footwork","floor":23,"key":"SMITH"},{"data":"Cloak And Dagger","floor":30,"key":"SMITH"},{"data":"Blade Dance","floor":32,"key":"SMITH"},{"floor":45,"key":"RECALL"},{"floor":49,"key":"REST"},{"floor":52,"key":"REST"}],"circlet_count":0,"master_deck":["AscendersBane","Strike_G","Strike_G","Defend_G","Defend_G","Defend_G","Defend_G","Survivor","Neutralize+1","Cloak And Dagger+1","Blade Dance+1","Infinite Blades","Accuracy+1","After Image","Blur","Predator","Accuracy+1","Footwork+1","Blade Dance+1","Cloak And Dagger+1","Backflip","Acrobatics+1","After Image","Acrobatics"],"relics":["WristBlade","Ornamental Fan","PreservedInsect","Happy Flower","Cursed Key","CeramicFish","Anchor","Bag of Preparation","Fusion Hammer","WingedGreaves","StrikeDummy","Membership Card","Lantern","Juzu Bracelet","Orichalcum"],"acts_visited":["Exordium","TheCity","TheBeyond","TheEnding"],"potions_floor_usage":[13,25,50,55,55],"damage_taken":[{"damage":2,"enemies":"Cultist","floor":1,"turns":5},{"damage":0,"enemies":"Small Slimes","floor":4,"turns":4},{"damage":0,"enemies":"Jaw Worm","floor":12,"turns":2},{"damage":5,"enemies":"Lagavulin","floor":13,"turns":4},{"damage":24,"enemies":"The Guardian","floor":16,"turns":8},{"damage":2,"enemies":"Chosen","floor":18,"turns":3},{"damage":13,"enemies":"3 Byrds","floor":20,"turns":5},{"damage":19,"enemies":"Snake Plant","floor":21,"turns":5},{"damage":0,"enemies":"3 Cultists","floor":22,"turns":4},{"damage":6,"enemies":"Snecko","floor":24,"turns":4},{"damage":3,"enemies":"Book of Stabbing","floor":25,"turns":3},{"damage":0,"enemies":"Cultist and Chosen","floor":28,"turns":3},{"damage":0,"enemies":"Gremlin Leader","floor":29,"turns":4},{"damage":0,"enemies":"Collector","floor":33,"turns":7},{"damage":0,"enemies":"3 Shapes","floor":35,"turns":3},{"damage":0,"enemies":"Orb Walker","floor":37,"turns":2},{"damage":4,"enemies":"Reptomancer","floor":40,"turns":3},{"damage":0,"enemies":"Maw","floor":41,"turns":5},{"damage":0,"enemies":"Giant Head","floor":42,"turns":4},{"damage":0,"enemies":"Nemesis","floor":46,"turns":3},{"damage":0,"enemies":"Reptomancer","floor":47,"turns":5},{"damage":8,"enemies":"4 Shapes","floor":48,"turns":3},{"damage":6,"enemies":"Time Eater","floor":50,"turns":10},{"damage":10,"enemies":"Shield and Spear","floor":54,"turns":4},{"damage":62,"enemies":"The Heart","floor":55,"turns":8}],"seed_played":"5511630427998754373","potions_obtained":[{"floor":4,"key":"Poison Potion"},{"floor":12,"key":"Fire Potion"},{"floor":18,"key":"Poison Potion"},{"floor":20,"key":"Swift Potion"},{"floor":25,"key":"CunningPotion"},{"floor":47,"key":"EssenceOfSteel"},{"floor":48,"key":"PowerPotion"},{"floor":54,"key":"Ancient Potion"}],"is_trial":false,"path_per_floor":["M","$","?","M","?","R","T","R","T","$","R","M","E","$","R","B",null,"M","?","M","M","M","R","M","E","T","?","M","E","R","$","R","B",null,"M","?","M","?","$","E","M","E","T","$","R","E","E","M","R","B",null,"R","$","E","B"],"character_chosen":"THE_SILENT","items_purchased":["Blade Dance","Accuracy","Membership Card","Dexterity Potion"],"campfire_rested":2,"item_purchase_floors":[10,14,44,53],"current_hp_per_floor":[57,57,62,62,62,62,62,62,62,62,62,62,57,57,57,33,62,60,60,47,28,28,28,22,19,19,33,33,33,33,33,33,33,59,59,59,59,59,59,55,55,55,55,55,55,55,55,47,67,61,66,68,68,58,0,0],"gold":46,"neow_bonus":"BOSS_RELIC","is_daily":false,"chose_seed":false,"campfire_upgraded":7,"win_rate":0.0,"timestamp":1610651016,"path_taken":["M","$","?","M","?","R","?","R","T","?","R","M","E","$","R","BOSS","M","?","?","M","M","R","M","E","T","?","M","E","R","$","R","BOSS","M","?","M","?","$","E","M","E","T","$","R","E","E","M","R","BOSS","R","$","E","BOSS"],"items_purchased_type":["Card","Card","Relic","Potion"],"build_version":"2020-12-22","purchased_purges":5,"victory":false,"max_hp_per_floor":[66,66,71,71,71,71,71,71,71,71,71,71,71,71,71,71,71,71,71,71,71,71,71,71,71,71,71,71,71,71,68,68,68,68,68,68,68,68,68,68,68,68,68,68,68,68,68,68,68,68,68,68,68,68,68,68],"card_choices":[{"not_picked":["Quick Slash","Eviscerate"],"picked":"Cloak And Dagger","floor":1},{"not_picked":["Underhanded Strike","PiercingWail","Reflex"],"picked":"SKIP","floor":4},{"not_picked":["Deadly Poison","Bane","Backflip"],"picked":"SKIP","floor":12},{"not_picked":["Dagger Spray","Reflex"],"picked":"Infinite Blades","floor":13},{"not_picked":["Burst","Bullet Time"],"picked":"After Image","floor":16},{"not_picked":["Reflex","Sucker Punch"],"picked":"Blur","floor":18},{"not_picked":["Catalyst","Endless Agony"],"picked":"Predator","floor":20},{"not_picked":["Concentrate","Bane"],"picked":"Accuracy+1","floor":21},{"not_picked":["Bane","Slice"],"picked":"Footwork","floor":22},{"not_picked":["Deadly Poison","Calculated Gamble"],"picked":"Blade Dance","floor":24},{"not_picked":["Dash","Dagger Throw"],"picked":"Cloak And Dagger","floor":25},{"not_picked":["Dash+1","Envenom"],"picked":"Backflip","floor":28},{"not_picked":["Dodge and Roll","Predator"],"picked":"Acrobatics+1","floor":29},{"not_picked":["Corpse Explosion","Glass Knife"],"picked":"After Image","floor":33},{"not_picked":["Masterful Stab","Deflect","Flying Knee"],"picked":"SKIP","floor":35},{"not_picked":["Dagger Throw","Wraith Form v2"],"picked":"Acrobatics","floor":37},{"not_picked":["Poisoned Stab","Expertise+1","Corpse Explosion"],"picked":"SKIP","floor":40},{"not_picked":["Poisoned Stab","Expertise+1","Corpse Explosion"],"picked":"SKIP","floor":40},{"not_picked":["Dodge and Roll","Deadly Poison","Flechettes"],"picked":"SKIP","floor":41},{"not_picked":["Tactician","Setup+1","Quick Slash"],"picked":"SKIP","floor":42},{"not_picked":["Corpse Explosion","Skewer","Well Laid Plans"],"picked":"SKIP","floor":46},{"not_picked":["Heel Hook","Dash","Endless Agony"],"picked":"SKIP","floor":47},{"not_picked":["Dagger Spray","Quick Slash","Cloak And Dagger"],"picked":"SKIP","floor":48},{"not_picked":["Dodge and Roll","Phantasmal Killer","Deflect"],"picked":"SKIP","floor":54}],"player_experience":216206,"relics_obtained":[{"floor":7,"key":"Ornamental Fan"},{"floor":9,"key":"PreservedInsect"},{"floor":13,"key":"Happy Flower"},{"floor":25,"key":"CeramicFish"},{"floor":26,"key":"Anchor"},{"floor":29,"key":"Bag of Preparation"},{"floor":40,"key":"WingedGreaves"},{"floor":42,"key":"StrikeDummy"},{"floor":46,"key":"Lantern"},{"floor":47,"key":"Juzu Bracelet"},{"floor":54,"key":"Orichalcum"}],"event_choices":[{"damage_healed":0,"gold_gain":0,"player_choice":"Donut","damage_taken":0,"max_hp_gain":5,"max_hp_loss":0,"event_name":"Big Fish","floor":3,"gold_loss":0},{"damage_healed":0,"gold_gain":0,"player_choice":"Leave","damage_taken":0,"max_hp_gain":0,"max_hp_loss":0,"event_name":"The Cleric","floor":5,"gold_loss":0},{"damage_healed":0,"gold_gain":0,"player_choice":"0 cards matched","damage_taken":0,"max_hp_gain":0,"max_hp_loss":0,"event_name":"Match and Keep!","floor":19,"gold_loss":0,"cards_obtained":[]},{"damage_healed":14,"gold_gain":0,"player_choice":"Heal","damage_taken":0,"max_hp_gain":0,"max_hp_loss":0,"event_name":"The Library","floor":27,"gold_loss":0},{"cards_removed":["Strike_G"],"damage_healed":0,"gold_gain":0,"player_choice":"Removed Attack","damage_taken":0,"max_hp_gain":0,"max_hp_loss":0,"event_name":"Falling","floor":36,"gold_loss":0},{"damage_healed":0,"gold_gain":0,"player_choice":"Ignored","damage_taken":0,"max_hp_gain":0,"max_hp_loss":0,"event_name":"Tomb of Lord Red Mask","floor":38,"gold_loss":0}],"is_beta":false,"boss_relics":[{"not_picked":["Snecko Eye","Velvet Choker"],"picked":"Cursed Key"},{"not_picked":["Coffee Dripper","Runic Dome"],"picked":"Fusion Hammer"}],"items_purged_floors":[2,31,39,44,53],"is_endless":false,"potions_floor_spawned":[4,12,18,20,22,25,40,42,47,48,54],"killed_by":"The Heart","ascension_level":16}}