{"host":"ovxa65d68iy9l57e","time":1610649364,"event":{"mods":["AchievementEnabler","BaseMod","Better Altar","Better Skull","Better Vampires","Colored Map","Curses Come First","Minty Spire (QoL Compilation)","Relic Stats","StSLib"],"gold_per_floor":[112,131,146,31,46,46,75,75,75,110,110,185,203,203,203],"floor_reached":14,"language":"SPA","playtime":1066,"items_purged":["Defend_G"],"score":115,"play_id":"95c25af9-30f5-45d6-8fae-cbdffc43adda","local_time":"20210114193604","is_ascension_mode":true,"campfire_choices":[{"data":"Accuracy","floor":6,"key":"SMITH"},{"floor":11,"key":"REST"}],"circlet_count":0,"master_deck":["Strike_G","Strike_G","Strike_G","Strike_G","Strike_G","Defend_G","Defend_G","Defend_G","Defend_G","Survivor","Neutralize","Terror","Deflect","Backflip","Accuracy+1","Cloak And Dagger","Well Laid Plans","Blade Dance"],"relics":["Ring of the Snake","Darkstone Periapt","Eternal Feather","Pen Nib"],"acts_visited":["Exordium"],"potions_floor_usage":[7,10,10,14],"damage_taken":[{"damage":5,"enemies":"Cultist","floor":1,"turns":6},{"damage":1,"enemies":"2 Louse","floor":2,"turns":3},{"damage":11,"enemies":"Jaw Worm","floor":3,"turns":5},{"damage":11,"enemies":"3 Louse","floor":5,"turns":5},{"damage":58,"enemies":"Lagavulin","floor":7,"turns":10},{"damage":3,"enemies":"3 Sentries","floor":10,"turns":10},{"damage":5,"enemies":"2 Fungi Beasts","floor":13,"turns":5},{"damage":20,"enemies":"Lagavulin","floor":14,"turns":6}],"seed_played":"-4177653800742900582","potions_obtained":[{"floor":2,"key":"Dexterity Potion"},{"floor":5,"key":"Regen Potion"},{"floor":7,"key":"Fire Potion"},{"floor":13,"key":"AttackPotion"}],"is_trial":false,"path_per_floor":["M","M","M","$","M","R","E","$","T","E","R","?","M","E"],"character_chosen":"THE_SILENT","items_purchased":["Accuracy"],"campfire_rested":1,"item_purchase_floors":[4],"current_hp_per_floor":[72,71,60,60,49,49,6,6,6,3,35,24,19,0,0],"gold":203,"neow_bonus":"TEN_PERCENT_HP_BONUS","is_daily":false,"chose_seed":false,"campfire_upgraded":1,"win_rate":0.0,"timestamp":1610649364,"path_taken":["M","M","M","$","M","R","E","?","T","E","R","?","M","E"],"items_purchased_type":["Card"],"build_version":"2020-12-22","purchased_purges":1,"victory":false,"max_hp_per_floor":[77,77,77,77,77,77,77,77,77,77,77,77,77,77,77],"relic_stats":{"Darkstone Periapt":0,"counters":[8,50],"Eternal Feather":9,"Pen Nib":[2],"obtain_stats":[{"Darkstone Periapt":7,"Eternal Feather":9,"Pen Nib":10,"Ring of the Snake":0},{"Darkstone Periapt":5,"Eternal Feather":5,"Pen Nib":6,"Ring of the Snake":0},{"Darkstone Periapt":29,"Eternal Feather":29,"Pen Nib":39,"Ring of the Snake":0}],"Ring of the Snake":[16]},"card_choices":[{"not_picked":["Acrobatics","Blade Dance"],"picked":"Terror","floor":1},{"not_picked":["PiercingWail","Flechettes"],"picked":"Deflect","floor":2},{"not_picked":["Blade Dance","Deadly Poison"],"picked":"Backflip","floor":3},{"not_picked":["Choke","Crippling Poison","Deadly Poison"],"picked":"SKIP","floor":5},{"not_picked":["Deflect","PiercingWail"],"picked":"Cloak And Dagger","floor":7},{"not_picked":["Finisher","PiercingWail"],"picked":"Well Laid Plans","floor":10},{"not_picked":["Adrenaline","Poisoned Stab"],"picked":"Blade Dance","floor":13}],"player_experience":271477,"relics_obtained":[{"floor":7,"key":"Darkstone Periapt"},{"floor":9,"key":"Eternal Feather"},{"floor":10,"key":"Pen Nib"}],"event_choices":[{"damage_healed":0,"gold_gain":75,"player_choice":"Gather Gold","damage_taken":11,"max_hp_gain":0,"max_hp_loss":0,"event_name":"World of Goop","floor":12,"gold_loss":0}],"is_beta":false,"boss_relics":[],"items_purged_floors":[4],"is_endless":false,"potions_floor_spawned":[2,5,7,13],"killed_by":"Lagavulin","ascension_level":3}}