{"host":"Connor","time":1610587539,"event":{"mods":["Aspiration","BaseMod","Downfall","Hubris","Marisa????????","Minty Spire (QoL Compilation)","Replay The Spire","StSLib","The Cursed","The Jungle","The Servant 0.9.4"],"gold_per_floor":[111,111,31,31,45,45,86,86,86,115,40,59,59,59,59,139,139,121,121,145,164,191,191,215,215,215],"floor_reached":25,"language":"ENG","playtime":719,"items_purged":["Strike_R"],"score":493,"play_id":"0c1acf7a-7bde-43b3-86d6-ce0669166855","local_time":"20210113172539","is_ascension_mode":true,"campfire_choices":[{"data":"hubris:EnhanceAbility","floor":6,"key":"SMITH"},{"floor":13,"key":"REST"},{"floor":15,"key":"REST"},{"floor":23,"key":"REST"}],"circlet_count":0,"master_deck":["AscendersBane","Strike_R","Strike_R+1","Strike_R","Defend_R","Defend_R","Defend_R","Defend_R+1","hubris:EnhanceAbility+1","Shockwave","Eruption","Seeing Red","Shrug It Off","EmptyFist","Armaments+1","Ragnarok","Armaments","Uppercut","Cleave","Flame Barrier","Battle Trance"],"relics":["Replay:M_SmolderingBlood","CeramicFish","Simple Rune","aspiration:PoetsPen_weak"],"acts_visited":["Exordium","TheCity"],"potions_floor_usage":[7,16,16,22],"damage_taken":[{"damage":2,"enemies":"2 Louse","floor":1,"turns":3},{"damage":0,"enemies":"Jaw Worm","floor":5,"turns":5},{"damage":53,"enemies":"Gremlin Nob","floor":7,"turns":5},{"damage":0,"enemies":"Cultist","floor":10,"turns":3},{"damage":0,"enemies":"3 Louse","floor":12,"turns":3},{"damage":0,"enemies":"Hexaghost","floor":16,"turns":8},{"damage":33,"enemies":"2 Thieves","floor":18,"turns":4},{"damage":46,"enemies":"Chosen","floor":20,"turns":5},{"damage":15,"enemies":"Centurion and Healer","floor":21,"turns":5},{"damage":13,"enemies":"3 Cultists","floor":22,"turns":4},{"damage":21,"enemies":"Snake Plant","floor":24,"turns":5},{"damage":12,"enemies":"Centurion and Healer","floor":25,"turns":3}],"seed_played":"-2549580285002684659","potions_obtained":[{"floor":1,"key":"Swift Potion"},{"floor":7,"key":"PowerPotion"},{"floor":12,"key":"AttackPotion"},{"floor":16,"key":"SpeedPotion"},{"floor":24,"key":"Elixir"}],"is_trial":false,"path_per_floor":["M","?","$","?","M","R","E","T","T","M","$","M","R","?","R","B",null,"M","?","M","M","M","R","M","M"],"character_chosen":"IRONCLAD","items_purchased":["Seeing Red"],"campfire_rested":3,"item_purchase_floors":[3],"current_hp_per_floor":[68,68,68,68,68,68,15,15,15,15,15,15,35,35,55,55,65,32,78,32,17,4,27,6,0,0],"gold":215,"neow_bonus":"RANDOM_COLORLESS_2","is_daily":false,"chose_seed":false,"campfire_upgraded":1,"win_rate":0.0,"timestamp":1610587539,"path_taken":["M","?","$","?","M","R","E","?","T","?","$","M","R","?","R","BOSS","M","?","M","M","M","R","M","?"],"items_purchased_type":["Card"],"build_version":"2020-12-18","purchased_purges":1,"victory":false,"max_hp_per_floor":[68,68,68,68,68,68,68,68,68,68,68,68,68,68,68,68,68,68,78,78,78,78,78,78,78,78],"card_choices":[{"not_picked":["ReplayUltimateDefense","Crow Ritual"],"picked":"hubris:EnhanceAbility","floor":0},{"not_picked":["Perfected Strike","True Grit"],"picked":"Shockwave","floor":1},{"not_picked":["Thunderclap","CrushJoints"],"picked":"Shrug It Off","floor":5},{"not_picked":["ReplayTheSpireMod:LeadingStrike","FollowUp"],"picked":"Fiend Fire","floor":7},{"not_picked":["Warcry","Halt"],"picked":"EmptyFist","floor":10},{"not_picked":["Halt","True Grit"],"picked":"Armaments","floor":12},{"not_picked":["Barricade","Demonic Infusion"],"picked":"Ragnarok","floor":16},{"not_picked":["Massacre+1","True Grit"],"picked":"Armaments","floor":18},{"not_picked":["Spot Weakness","Perfected Strike"],"picked":"Uppercut","floor":20},{"not_picked":["Ghostly Armor","Headbutt"],"picked":"Cleave","floor":21},{"not_picked":["ReplayTheSpireMod:Strike From Hell","Blood for Blood"],"picked":"Flame Barrier","floor":22},{"not_picked":["Armaments","Feel No Pain"],"picked":"Battle Trance","floor":24}],"player_experience":628439,"relics_obtained":[{"floor":7,"key":"CeramicFish"},{"floor":9,"key":"Simple Rune"}],"event_choices":[{"cards_removed":["Fiend Fire"],"damage_healed":36,"gold_gain":0,"player_choice":"Offered Rare","damage_taken":0,"max_hp_gain":10,"max_hp_loss":0,"event_name":"Bonfire Elementals","floor":19,"gold_loss":0}],"is_beta":true,"boss_relics":[{"not_picked":["Runic Dome","Runic Cube"],"picked":"aspiration:PoetsPen_weak"}],"items_purged_floors":[11],"is_endless":false,"potions_floor_spawned":[1,7,12,16,24],"killed_by":"Centurion and Healer","ascension_level":19}}