{"host":"8dwp85cnnj0uijtb","time":1610632949,"event":{"mods":["Act Like it!","BaseMod","Colored Map","Gensokyo","Minty Spire (QoL Compilation)","Pale of the Ancients","Robot Space Explorer","Shop Mod","StSLib","TestMod","【功能Mod】聪明的最终Boss"],"gold_per_floor":[113,126,51,51,51,51,68,78,129,529,540,551,551,581,581,678,678,693,711,480,580,580,580,590,607,607,639,521,521,546,546,546,546,546],"floor_reached":33,"language":"ZHS","playtime":3344,"items_purged":["RobotSpaceExplorer:Strike","Clumsy"],"score":285,"play_id":"ddaf2736-51cd-4367-9ee5-25408a2d24d2","local_time":"20210114220229","is_ascension_mode":false,"campfire_choices":[{"data":"RobotSpaceExplorer:Defend","floor":6,"key":"SMITH"},{"floor":15,"key":"RECALL"},{"floor":23,"key":"REST"},{"floor":29,"key":"REST"},{"floor":32,"key":"REST"}],"circlet_count":0,"master_deck":["RobotSpaceExplorer:Strike","RobotSpaceExplorer:Strike","RobotSpaceExplorer:Defend+1","RobotSpaceExplorer:Defend+1","RobotSpaceExplorer:Scan","RobotSpaceExplorer:MiniLasers","RobotSpaceExplorer:FranticSearch","RobotSpaceExplorer:Electropulse+1","RobotSpaceExplorer:Explosion+1","RobotSpaceExplorer:JunkDive+1","RobotSpaceExplorer:Discharger+1","RobotSpaceExplorer:StunGrenade","RobotSpaceExplorer:Comet+1","RobotSpaceExplorer:IronShell+1","RobotSpaceExplorer:ScrapMissile+1","RobotSpaceExplorer:Comet+1"],"relics":["RobotSpaceExplorer:RoboCore","testmod-TestBox","testmod-CasingShield","Gensokyo:NagashiBinaDoll","Smiling Mask","War Paint","testmod-BloodSacrificeSpiritualization","testmod-Register","testmod-Laevatain","RobotSpaceExplorer:ClockworkSextant","Toxic Egg 2","Incense Burner","Letter Opener","testmod-ThousandKnives"],"acts_visited":["Gensokyo:Gensokyo","Gensokyo:Gensokyoer"],"potions_floor_usage":[16,25],"damage_taken":[{"damage":0,"enemies":"Gensokyo:Gryphon","floor":1,"turns":1},{"damage":0,"enemies":"Gensokyo:3_Fairies","floor":2,"turns":1},{"damage":0,"enemies":"Gensokyo:Python","floor":7,"turns":1},{"damage":0,"enemies":"Gensokyo:LivingMonolith","floor":8,"turns":3},{"damage":2,"enemies":"Gensokyo:VengefulSpirit","floor":11,"turns":5},{"damage":14,"enemies":"Gensokyo:Python_and_Kodama","floor":12,"turns":6},{"damage":1,"enemies":"Gensokyo:Cirno","floor":14,"turns":4},{"damage":57,"enemies":"Gensokyo:Reimu","floor":16,"turns":15},{"damage":8,"enemies":"Gensokyo:2_Gloops","floor":18,"turns":4},{"damage":19,"enemies":"Gensokyo:CosmicMonolith","floor":19,"turns":4},{"damage":21,"enemies":"Gensokyo:CosmicMonolith","floor":21,"turns":7},{"damage":49,"enemies":"Gensokyo:Swordslinger","floor":24,"turns":3},{"damage":7,"enemies":"Gensokyo:Wraith","floor":25,"turns":5},{"damage":8,"enemies":"Gensokyo:Reisen","floor":27,"turns":2},{"damage":33,"enemies":"Gensokyo:Tenshi","floor":30,"turns":3},{"damage":35,"enemies":"Gensokyo:Eiki","floor":33,"turns":2}],"seed_played":"-8465665451982376558","potions_obtained":[{"floor":2,"key":"Energy Potion"},{"floor":8,"key":"Regen Potion"},{"floor":14,"key":"Fire Potion"},{"floor":16,"key":"FairyPotion"},{"floor":24,"key":"BlessingOfTheForge"},{"floor":25,"key":"Fruit Juice"},{"floor":30,"key":"DuplicationPotion"}],"is_trial":false,"path_per_floor":["M","M","$","?","?","R","M","M","T","?","M","M","?","E","R","B",null,"M","M","COS","?","?","R","M","M","T","E","$","R","E","?","R","B"],"character_chosen":"RobotSpaceExplorer","items_purchased":["RobotSpaceExplorer:Exploration+1"],"campfire_rested":3,"item_purchase_floors":[28],"current_hp_per_floor":[75,75,75,45,45,45,45,45,45,45,43,29,52,51,51,9,75,67,48,48,27,27,48,21,19,19,11,11,34,1,1,24,0,0],"gold":546,"neow_bonus":"THREE_ENEMY_KILL","is_daily":false,"chose_seed":false,"campfire_upgraded":1,"win_rate":0.0,"timestamp":1610632949,"path_taken":["M","M","$","?","?","R","M","M","T","?","?","M","?","E","R","BOSS","M","M","COS","?","?","R","M","M","T","E","$","R","E","?","R","BOSS"],"items_purchased_type":["Card"],"build_version":"2020-12-22","purchased_purges":2,"victory":false,"max_hp_per_floor":[75,75,75,75,75,75,75,75,75,75,75,75,75,75,75,75,75,75,75,75,75,72,72,72,77,77,77,77,77,77,77,77,77,77],"card_choices":[{"not_picked":["RobotSpaceExplorer:MetalStrike","RobotSpaceExplorer:StunGrenade","RobotSpaceExplorer:SurgingStrike"],"picked":"SKIP","floor":1},{"not_picked":["RobotSpaceExplorer:Probe","RobotSpaceExplorer:Calculate"],"picked":"RobotSpaceExplorer:FranticSearch","floor":2},{"not_picked":["RobotSpaceExplorer:Probe","RobotSpaceExplorer:GlueShot"],"picked":"RobotSpaceExplorer:Electropulse","floor":7},{"not_picked":["RobotSpaceExplorer:Reload","RobotSpaceExplorer:GlueSpray"],"picked":"RobotSpaceExplorer:Explosion","floor":8},{"not_picked":["RobotSpaceExplorer:FranticSearch","RobotSpaceExplorer:DoubleFind"],"picked":"RobotSpaceExplorer:JunkDive","floor":11},{"not_picked":["RobotSpaceExplorer:MiniDrones","RobotSpaceExplorer:SurgingStrike"],"picked":"RobotSpaceExplorer:Discharger","floor":12},{"not_picked":["RobotSpaceExplorer:GearShield","RobotSpaceExplorer:Blitz"],"picked":"RobotSpaceExplorer:StunGrenade","floor":14},{"not_picked":["RobotSpaceExplorer:DroneSwarm","RobotSpaceExplorer:Asteroid"],"picked":"RobotSpaceExplorer:Comet","floor":16},{"not_picked":["RobotSpaceExplorer:RigExplosive","RobotSpaceExplorer:ShockKick+1","RobotSpaceExplorer:SurgingShield"],"picked":"SKIP","floor":18},{"not_picked":["RobotSpaceExplorer:Reload","RobotSpaceExplorer:SurgingStrike"],"picked":"RobotSpaceExplorer:IronShell+1","floor":19},{"not_picked":["RobotSpaceExplorer:SurgingStrike","RobotSpaceExplorer:GlueShot"],"picked":"RobotSpaceExplorer:ScrapMissile+1","floor":21},{"not_picked":["RobotSpaceExplorer:SurgingStrike","RobotSpaceExplorer:SwiftStep+1"],"picked":"RobotSpaceExplorer:Comet","floor":24},{"not_picked":["RobotSpaceExplorer:ImprovisedAttack","RobotSpaceExplorer:PowerCollector","RobotSpaceExplorer:SurgingShield+1"],"picked":"SKIP","floor":25},{"not_picked":["RobotSpaceExplorer:RigExplosive+1","RobotSpaceExplorer:MakeshiftVolley","RobotSpaceExplorer:StunGrenade+1"],"picked":"SKIP","floor":27},{"not_picked":["RobotSpaceExplorer:GlueSpray+1","RobotSpaceExplorer:Electroshield+1","RobotSpaceExplorer:Probe"],"picked":"SKIP","floor":30}],"player_experience":87697,"relics_obtained":[{"floor":9,"key":"Smiling Mask"},{"floor":14,"key":"War Paint"},{"floor":21,"key":"testmod-Alchemist"},{"floor":21,"key":"testmod-Laevatain"},{"floor":27,"key":"Incense Burner"},{"floor":30,"key":"Letter Opener"},{"floor":30,"key":"testmod-ThousandKnives"}],"event_choices":[{"damage_healed":0,"gold_gain":400,"player_choice":"Sell","damage_taken":0,"max_hp_gain":0,"max_hp_loss":0,"event_name":"恩洛斯的盘子","floor":10,"relics_lost":["NeowsBlessing"],"gold_loss":0}],"is_beta":false,"boss_relics":[{"not_picked":["RobotSpaceExplorer:Reprocessor","testmod-Prudence"],"picked":"testmod-BloodSacrificeSpiritualization"}],"items_purged_floors":[3,28],"is_endless":false,"potions_floor_spawned":[2,8,14,16,18,24,25,30],"killed_by":"Gensokyo:Eiki","ascension_level":0}}