{"host":"vyjryxuuuxkt43k4","time":1610619606,"event":{"mods":["BaseMod","Colored Map","DeckTracker","Minty Spire (QoL Compilation)","Permanent Neow","Quick Restart","StSLib","SuperFastMode","everything is the same but u backflip on backflip"],"gold_per_floor":[17,28,48,48,65,95,95,127,127,127,155,155,165,175,175,271,271,281,306,319,319,319],"floor_reached":21,"language":"KOR","playtime":720,"items_purged":[],"score":221,"play_id":"9dcd02d0-981a-4a00-8573-4dedafe71e55","local_time":"20210114192006","is_ascension_mode":true,"campfire_choices":[{"floor":7,"key":"REST"},{"floor":10,"key":"REST"},{"floor":12,"key":"REST"},{"floor":15,"key":"REST"}],"circlet_count":0,"master_deck":["Strike_B","Strike_B","Strike_B","Strike_B","Defend_B","Defend_B","Defend_B","Defend_B","Zap","Dualcast","Echo Form","Ball Lightning","Cold Snap","Beam Cell","Seek","Electrodynamics","Fission","Conserve Battery","Defragment","Sweeping Beam","Reboot","Double Energy+1","Compile Driver+1","Turbo+1"],"relics":["Cracked Core","PreservedInsect","Blue Candle","Shuriken","The Courier","Boot","Black Star","Red Mask"],"acts_visited":["Exordium","TheCity"],"potions_floor_usage":[19,20],"damage_taken":[{"damage":11,"enemies":"Cultist","floor":1,"turns":4},{"damage":6,"enemies":"Jaw Worm","floor":2,"turns":4},{"damage":5,"enemies":"2 Louse","floor":3,"turns":3},{"damage":18,"enemies":"Exordium Thugs","floor":5,"turns":5},{"damage":20,"enemies":"3 Sentries","floor":6,"turns":5},{"damage":20,"enemies":"Lagavulin","floor":8,"turns":5},{"damage":22,"enemies":"3 Sentries","floor":11,"turns":3},{"damage":5,"enemies":"Looter","floor":13,"turns":3},{"damage":7,"enemies":"2 Fungi Beasts","floor":14,"turns":2},{"damage":31,"enemies":"Slime Boss","floor":16,"turns":6},{"damage":19,"enemies":"Spheric Guardian","floor":18,"turns":4},{"damage":22,"enemies":"Masked Bandits","floor":19,"turns":3},{"damage":17,"enemies":"2 Thieves","floor":20,"turns":3},{"damage":51,"enemies":"Snake Plant","floor":21,"turns":4}],"seed_played":"-8965945795294791599","potions_obtained":[{"floor":2,"key":"PotionOfCapacity"},{"floor":5,"key":"FairyPotion"},{"floor":8,"key":"CultistPotion"},{"floor":18,"key":"ColorlessPotion"},{"floor":19,"key":"Fruit Juice"}],"is_trial":false,"path_per_floor":["M","M","M","?","M","E","R","E","T","R","E","R","M","M","R","B",null,"M","?","M","M"],"character_chosen":"DEFECT","items_purchased":[],"campfire_rested":4,"item_purchase_floors":[],"current_hp_per_floor":[64,58,53,53,35,15,37,17,17,39,17,39,34,27,49,18,75,56,34,22,0,0],"gold":319,"neow_bonus":"THREE_RARE_CARDS","is_daily":false,"chose_seed":false,"campfire_upgraded":0,"win_rate":0.0,"timestamp":1610619606,"path_taken":["M","M","M","?","M","E","R","E","T","R","E","R","?","M","R","BOSS","M","?","M","M"],"items_purchased_type":[],"build_version":"2020-12-22","purchased_purges":0,"victory":false,"max_hp_per_floor":[75,75,75,75,75,75,75,75,75,75,75,75,75,75,75,75,75,75,75,80,80,80],"card_choices":[{"not_picked":["Buffer","Reboot"],"picked":"Echo Form","floor":0},{"not_picked":["Redo","Gash"],"picked":"Ball Lightning","floor":1},{"not_picked":["Hologram","Gash"],"picked":"Cold Snap","floor":2},{"not_picked":["Rip and Tear","Steam"],"picked":"Beam Cell","floor":3},{"not_picked":["Go for the Eyes","Coolheaded"],"picked":"Seek","floor":5},{"not_picked":["Streamline","Turbo"],"picked":"Electrodynamics","floor":6},{"not_picked":["Gash","Chaos"],"picked":"Fission","floor":8},{"not_picked":["Melter","Gash"],"picked":"Conserve Battery","floor":11},{"not_picked":["Stack","Rebound"],"picked":"Defragment","floor":13},{"not_picked":["Conserve Battery","Reinforced Body"],"picked":"Sweeping Beam","floor":14},{"not_picked":["Electrodynamics","Multi-Cast"],"picked":"Reboot","floor":16},{"not_picked":["Self Repair+1","Ball Lightning+1"],"picked":"Double Energy+1","floor":18},{"not_picked":["Loop+1","Streamline"],"picked":"Compile Driver+1","floor":19},{"not_picked":["Streamline","Loop"],"picked":"Turbo+1","floor":20}],"player_experience":291896,"relics_obtained":[{"floor":6,"key":"Blue Candle"},{"floor":8,"key":"Shuriken"},{"floor":9,"key":"The Courier"},{"floor":11,"key":"Boot"},{"floor":19,"key":"Red Mask"}],"event_choices":[{"damage_healed":0,"gold_gain":0,"player_choice":"Gave Potion","damage_taken":0,"relics_obtained":["PreservedInsect"],"max_hp_gain":0,"max_hp_loss":0,"event_name":"WeMeetAgain","floor":4,"gold_loss":0},{"damage_healed":0,"gold_gain":0,"player_choice":"Fought Bandits","damage_taken":0,"max_hp_gain":0,"max_hp_loss":0,"event_name":"Masked Bandits","floor":19,"gold_loss":0}],"is_beta":false,"boss_relics":[{"not_picked":["Coffee Dripper","Tiny House"],"picked":"Black Star"}],"items_purged_floors":[],"is_endless":false,"potions_floor_spawned":[2,5,8,18,19],"killed_by":"Snake Plant","ascension_level":2}}