{"host":"1kq2ingo3j45gyyp","time":1610660560,"event":{"mods":["BaseMod","Better Note","Better Third Choice","Downfall","Minty Spire (QoL Compilation)","StSLib"],"gold_per_floor":[99,115,290,1,1,14,40,52,63,48,78,78,90,101,120,221,221,71,89,101,201,201,201,254,286,286,303,208,133,49,49,49,49],"floor_reached":31,"language":"ENG","playtime":1933,"items_purged":["Doubt","champ:Execute"],"score":280,"play_id":"88ffd1cd-4855-4ffb-a72a-e721a2da1f72","local_time":"20210114164240","is_ascension_mode":false,"campfire_choices":[{"floor":1,"key":"RECALL"},{"data":"champ:Taunt","floor":18,"key":"SMITH"},{"data":"champ:StanceDance","floor":23,"key":"SMITH"},{"data":"champ:Balance","floor":29,"key":"SMITH"}],"circlet_count":0,"master_deck":["champ:Strike","champ:Strike","champ:Strike","champ:Strike","champ:Defend","champ:Defend","champ:Defend","champ:Defend","champ:Taunt+1","champ:GladiatorsShout","champ:Balance","expansioncontent:ChargeUp","champ:StanceDance+1","champ:ShieldSigil+1","champ:TornadoPunch","champ:EnGarde+1","champ:BringItOn","champ:Circumvent","champ:Balance+1","champ:FalseCounter","champ:RageSigil","champ:ShieldThrow","champ:RageSigil+1","champ:DefensiveShout","expansioncontent:DefensiveStance"],"relics":["champ:ChampionCrownUpgraded","Nunchaku","downfall:HeartBlessingRed","downfall:HeartBlessingBlue","downfall:GremlinWheel","War Paint","The Courier","Art of War","downfall:HeartBlessingGreen"],"acts_visited":["Exordium","TheCity"],"potions_floor_usage":[16,16,25],"damage_taken":[{"damage":0,"enemies":"2 Louse","floor":2,"turns":2},{"damage":5,"enemies":"downfall:FleeingMerchant","floor":4,"turns":4},{"damage":5,"enemies":"Jaw Worm","floor":6,"turns":4},{"damage":2,"enemies":"Small Slimes","floor":8,"turns":4},{"damage":23,"enemies":"Blue Slaver","floor":9,"turns":4},{"damage":10,"enemies":"downfall:FleeingMerchant","floor":10,"turns":4},{"damage":12,"enemies":"3 Sentries","floor":11,"turns":6},{"damage":0,"enemies":"2 Fungi Beasts","floor":13,"turns":4},{"damage":5,"enemies":"Large Slime","floor":14,"turns":3},{"damage":7,"enemies":"Red Slaver","floor":15,"turns":4},{"damage":63,"enemies":"downfall:Ironclad","floor":16,"turns":12},{"damage":10,"enemies":"Chosen","floor":19,"turns":6},{"damage":25,"enemies":"Centurion and Healer","floor":20,"turns":7},{"damage":19,"enemies":"Centurion and Healer","floor":21,"turns":4},{"damage":60,"enemies":"Book of Stabbing","floor":25,"turns":7},{"damage":26,"enemies":"Sentry and Sphere","floor":27,"turns":5},{"damage":6,"enemies":"downfall:FleeingMerchant","floor":28,"turns":4},{"damage":22,"enemies":"downfall:FleeingMerchant","floor":30,"turns":4},{"damage":56,"enemies":"Shelled Parasite and Fungi","floor":31,"turns":5}],"seed_played":"1078683065973640369","potions_obtained":[{"floor":6,"key":"hexamod:EctoCoolerPotion"},{"floor":9,"key":"SpeedPotion"},{"floor":13,"key":"Block Potion"},{"floor":15,"key":"EssenceOfSteel"},{"floor":16,"key":"SpeedPotion"},{"floor":20,"key":"champ:TechniquePotion"}],"is_trial":false,"path_per_floor":["R","M","?","$","?","M","T","M","M","$","E","?","M","M","M","B",null,"R","M","M","?","?","R","T","E","T","M","$","R","$","M"],"character_chosen":"THE_CHAMP","items_purchased":["expansioncontent:ChargeUp","champ:StanceDance","champ:ShieldSigil","expansioncontent:DefensiveStance"],"campfire_rested":0,"item_purchase_floors":[4,4,4,30],"current_hp_per_floor":[99,99,99,99,99,94,94,92,83,78,74,79,79,79,72,14,104,114,112,102,91,91,91,91,63,63,55,55,55,48,0,0,0],"gold":49,"neow_bonus":"TEN_PERCENT_HP_BONUS","is_daily":false,"chose_seed":false,"campfire_upgraded":3,"win_rate":0.0,"timestamp":1610660560,"path_taken":["R","M","?","$","?","M","T","M","M","$","E","?","M","M","M","BOSS","R","M","M","?","?","R","T","E","?","M","?","R","$","M"],"items_purchased_type":["Card","Card","Card","Card"],"build_version":"2020-12-22","purchased_purges":2,"victory":false,"max_hp_per_floor":[99,99,99,99,99,99,99,99,99,99,99,104,104,104,104,104,104,114,114,114,114,114,114,114,114,114,114,114,114,114,114,114,114],"card_choices":[{"not_picked":["champ:EnragedBash","champ:HeartStrike"],"picked":"champ:GladiatorsShout","floor":2},{"not_picked":["champ:TornadoPunch","champ:PerfectedStrike"],"picked":"champ:Balance","floor":4},{"not_picked":["champ:HeartStrike","champ:GladiatorsShout"],"picked":"champ:TornadoPunch","floor":6},{"not_picked":["champ:EndlessRage","champ:FanOfKnives"],"picked":"champ:EnGarde","floor":8},{"not_picked":["champ:Backstep","champ:AdrenalArmor"],"picked":"champ:BringItOn","floor":9},{"not_picked":["champ:BerserkersShout","champ:GladiatorsShout","champ:Backstep"],"picked":"SKIP","floor":10},{"not_picked":["champ:BerserkersShout","champ:Backstep"],"picked":"champ:Circumvent","floor":11},{"not_picked":["champ:RapidStrikes","champ:StanceDance"],"picked":"champ:Balance","floor":13},{"not_picked":["champ:GutPunch","champ:GladiatorsShout"],"picked":"champ:FalseCounter","floor":14},{"not_picked":["champ:PerfectForm","champ:BerserkersShout"],"picked":"champ:RageSigil","floor":15},{"not_picked":["champ:Improvising","champ:MurderStrike"],"picked":"champ:ShieldThrow","floor":16},{"not_picked":["champ:FanOfKnives+1","champ:CrookedStrike"],"picked":"champ:RageSigil+1","floor":19},{"not_picked":["champ:BladeFlurry+1","champ:Backstep"],"picked":"champ:DefensiveShout","floor":20},{"not_picked":["champ:RapidStrikes","champ:BerserkerStyle+1","champ:Haymaker"],"picked":"SKIP","floor":25},{"not_picked":["champ:StanceDance","champ:BerserkersShout","champ:CalledShot"],"picked":"SKIP","floor":27},{"not_picked":["champ:RapidStrikes+1","champ:FlashCut","champ:CheapShot"],"picked":"SKIP","floor":28},{"not_picked":["champ:AdrenalArmor","champ:BerserkerStyle","champ:FlashCut"],"picked":"SKIP","floor":30}],"player_experience":860310,"relics_obtained":[{"floor":11,"key":"Nunchaku"},{"floor":21,"key":"downfall:GremlinWheel"},{"floor":24,"key":"War Paint"},{"floor":25,"key":"The Courier"},{"floor":26,"key":"Art of War"}],"event_choices":[{"damage_healed":0,"gold_gain":0,"player_choice":"Donut","damage_taken":0,"max_hp_gain":5,"max_hp_loss":0,"event_name":"Big Fish","floor":12,"gold_loss":0},{"damage_healed":0,"gold_gain":0,"player_choice":"Ignored","damage_taken":0,"max_hp_gain":0,"max_hp_loss":0,"event_name":"betterNote:BetterNote","floor":22,"gold_loss":0,"cards_obtained":["Blind"]}],"is_beta":false,"boss_relics":[{"not_picked":["SacredBark","Busted Crown"],"picked":"champ:ChampionCrownUpgraded"}],"items_purged_floors":[4,28],"is_endless":false,"potions_floor_spawned":[6,9,13,14,15,16,20],"killed_by":"Shelled Parasite and Fungi","ascension_level":0}}