{"host":"3845m0wekkhud1e6","time":1610654574,"event":{"mods":["2.2 Compatiblity","AchievementEnabler","Act Like it!","Aspiration","BaseMod","Beaked The Cultist","Better Altar","Better Match","Better Note","Better Sensory Stone","Better Skull","Better Third Choice","BetterRewards","Block Reminder","Challenge The Spire","Colored Powertips","Conspire","Dark Map","Downfall","Energized Spire","GifTheSpireLib","GungeonMod","Halation","Hallownest","Hermit","Hubris","Infinite Spire","Mad Scientist","Marisa????????","Minty Spire (QoL Compilation)","Permanent Neow","RNG Fix","Random Character Button","Rare Cards Sparkle","Replay The Spire","Shop Mod","Spicy Shops","Spikes Relics","StSLib","Strawberry Spire","Stuff the Spire","The Blue Laboratory","The Bug Knight","The Construct","The Cursed","The Disciple","The Hayseed","The Jungle","The Poker Player","The Problem Sleuth","The Sage","The Spell Scribe","TheArtist","Trackpad","Uncapped","Unknown Chances","Wandering Minibosses","vexMod"],"gold_per_floor":[109,125,179,179,179,210,210,57,109,111,111],"floor_reached":10,"language":"ENG","playtime":457,"items_purged":[],"score":70,"play_id":"51920374-41e0-4a60-b73b-b8bb3b941517","local_time":"20210114210254","is_ascension_mode":true,"campfire_choices":[],"circlet_count":0,"master_deck":["hermit:Strike_Hermit","hermit:Strike_Hermit","hermit:Strike_Hermit","hermit:Strike_Hermit","hermit:Defend_Hermit","hermit:Defend_Hermit","hermit:Defend_Hermit","hermit:Defend_Hermit","hermit:Snapshot","hermit:Covet","hermit:HighNoon","hermit:Quickdraw","hermit:CalledShot","hermit:Determination+1","hermit:Vantage"],"relics":["hermit:Momento","Golden Egg","halation:PinkSoulGem","StuffTheSpire:PointBlank","Du-Vu Doll","halation:IllGainedPizza"],"acts_visited":["Exordium"],"potions_floor_usage":[6,6,6],"damage_taken":[{"damage":2,"enemies":"Jaw Worm","floor":1,"turns":3},{"damage":5,"enemies":"2 Louse","floor":2,"turns":4},{"damage":14,"enemies":"Lagavulin","floor":6,"turns":8},{"damage":35,"enemies":"Gremlin Nob","floor":10,"turns":3}],"seed_played":"7578421659696856391","potions_obtained":[{"floor":1,"key":"hermit:Tonic"},{"floor":2,"key":"Regen Potion"},{"floor":3,"key":"SpeedPotion"}],"is_trial":false,"path_per_floor":["M","M","?","?","?","E","?","$","T","E"],"character_chosen":"HERMIT","items_purchased":["Du-Vu Doll"],"campfire_rested":0,"item_purchase_floors":[8],"current_hp_per_floor":[73,68,38,38,38,33,33,33,33,0,0],"gold":111,"neow_bonus":"ONE_RANDOM_RARE_CARD","is_daily":false,"chose_seed":false,"campfire_upgraded":0,"win_rate":0.0,"timestamp":1610654574,"path_taken":["M","M","?","?","?","E","?","?","T","E"],"items_purchased_type":["Relic"],"build_version":"2020-12-22","purchased_purges":0,"victory":false,"max_hp_per_floor":[75,75,75,75,75,75,75,75,75,75,75],"card_choices":[{"not_picked":["hermit:Feint","hermit:Dive"],"picked":"hermit:Quickdraw","floor":1},{"not_picked":["hermit:Spite","hermit:Manifest"],"picked":"hermit:CalledShot","floor":2},{"not_picked":["hermit:Dive","hermit:Misfire"],"picked":"hermit:Determination","floor":3},{"not_picked":["hermit:TakeAim","hermit:FinalCanter"],"picked":"hermit:Vantage","floor":6}],"player_experience":340262,"relics_obtained":[{"floor":3,"key":"Golden Egg"},{"floor":6,"key":"StuffTheSpire:PointBlank"},{"floor":9,"key":"halation:IllGainedPizza"}],"event_choices":[{"damage_healed":0,"gold_gain":0,"player_choice":"Disagree","damage_taken":0,"max_hp_gain":0,"max_hp_loss":0,"event_name":"conspire:LoneGhost","floor":7,"gold_loss":0}],"is_beta":false,"boss_relics":[],"items_purged_floors":[],"is_endless":false,"potions_floor_spawned":[1,2],"killed_by":"Gremlin Nob","ascension_level":2}}