{"host":"Ruben","time":1610617065,"event":{"mods":["AchievementEnabler","Aspiration","BaseMod","Better Altar","Better Match","Better Note","Better Sensory Stone","Better Skull","Better Third Choice","BetterRewards","Colored Map","Conspire","Downfall","GifTheSpireLib","Googly Eyes","Highlight Path","Hubris","Minty Spire (QoL Compilation)","Permanent Neow","Replay The Spire","Shop Mod","Spicy Shops","StSLib","Stuff the Spire","The IronCluck","everything is the same but u backflip on backflip","slay the spire mod where everything is the same but ironclad has a cowboy hat"],"gold_per_floor":[114,289,59,79,90,90,107,107,133,133,133,153,153,167,167,264,264,277,177,191,191,191],"floor_reached":21,"language":"ENG","playtime":1018,"items_purged":["Doubt","Strike_B"],"score":171,"play_id":"2faf3765-18b4-424c-a890-542ff8f54ba9","local_time":"20210114103745","is_ascension_mode":false,"campfire_choices":[{"data":"Genetic Algorithm","floor":6,"key":"SMITH"},{"data":"Zap","floor":8,"key":"SMITH"},{"data":"Leap","floor":10,"key":"SMITH"},{"data":"Dualcast","floor":13,"key":"SMITH"},{"floor":15,"key":"REST"}],"circlet_count":0,"master_deck":["Strike_B","Strike_B","Defend_B","Defend_B","Defend_B","Defend_B","Zap+1","Dualcast+1","Genetic Algorithm+1","StuffTheSpire:Synthwave+1","Ball Lightning","Leap+1","Streamline","Gash","ReplayGash","Static Discharge","Streamline+1","Capacitor"],"relics":["aspiration:RunicSpoon","Blue Doll","Philosopher\u0027s Stone"],"acts_visited":["Exordium","TheCity"],"potions_floor_usage":[18,18],"damage_taken":[{"damage":0,"enemies":"2 Louse","floor":1,"turns":2},{"damage":7,"enemies":"Small Slimes","floor":4,"turns":3},{"damage":2,"enemies":"Jaw Worm","floor":5,"turns":4},{"damage":7,"enemies":"Looter","floor":7,"turns":5},{"damage":8,"enemies":"Lots of Slimes","floor":12,"turns":4},{"damage":3,"enemies":"Blue Slaver","floor":14,"turns":3},{"damage":29,"enemies":"The Guardian","floor":16,"turns":7},{"damage":22,"enemies":"Spheric Guardian","floor":18,"turns":4},{"damage":30,"enemies":"conspire:FuzzyDice","floor":20,"turns":5},{"damage":28,"enemies":"Cultist and Chosen","floor":21,"turns":3}],"seed_played":"7231374671220578415","potions_obtained":[{"floor":1,"key":"Languid Potion"},{"floor":16,"key":"FocusPotion"}],"is_trial":false,"path_per_floor":["M","?","$","M","M","R","M","R","T","R","?","M","R","M","R","B",null,"M","$","M","M"],"character_chosen":"DEFECT","items_purchased":["StuffTheSpire:Synthwave+1","Ball Lightning","Leap"],"campfire_rested":1,"item_purchase_floors":[3,3,3],"current_hp_per_floor":[75,75,75,68,66,66,59,59,59,59,52,44,44,41,63,34,75,53,53,23,0,0],"gold":191,"neow_bonus":"BOSS_RELIC","is_daily":false,"chose_seed":false,"campfire_upgraded":4,"win_rate":0.0,"timestamp":1610617065,"path_taken":["M","?","$","M","M","R","M","R","T","R","?","M","R","M","R","BOSS","M","$","M","M"],"items_purchased_type":["Card","Card","Card"],"build_version":"2020-12-18","purchased_purges":2,"victory":false,"max_hp_per_floor":[75,75,75,75,75,75,75,75,75,75,75,75,75,75,75,75,75,75,75,75,75,75],"card_choices":[{"not_picked":["Heatsinks","Compile Driver"],"picked":"Genetic Algorithm","floor":1},{"not_picked":["Coolheaded","Barrage"],"picked":"Streamline","floor":4},{"not_picked":["Melter","Panic Button"],"picked":"Gash","floor":5},{"not_picked":["Doom and Gloom","Panic Button"],"picked":"ReplayGash","floor":7},{"not_picked":["Compile Driver","StuffTheSpire:ShieldGenerator","Turbo"],"picked":"SKIP","floor":12},{"not_picked":["Stack","ReplayTheSpireMod:Omega Cannon"],"picked":"Static Discharge","floor":14},{"not_picked":["Go for the Eyes","Conserve Battery"],"picked":"Streamline+1","floor":18},{"not_picked":["Self Repair","Turbo"],"picked":"Capacitor","floor":20}],"player_experience":259192,"relics_obtained":[{"floor":9,"key":"Blue Doll"}],"event_choices":[{"damage_healed":0,"gold_gain":175,"player_choice":"AGREE","damage_taken":114,"max_hp_gain":0,"max_hp_loss":0,"event_name":"betterThird:BetterSerpent","floor":2,"gold_loss":0},{"cards_removed":["Strike_B"],"damage_healed":0,"gold_gain":0,"player_choice":"Card Removal","damage_taken":7,"max_hp_gain":0,"max_hp_loss":0,"event_name":"Golden Wing","floor":11,"gold_loss":0}],"is_beta":true,"boss_relics":[{"not_picked":["hubris:HollowSoul","conspire:SeveredTorchhead"],"picked":"Philosopher\u0027s Stone"}],"items_purged_floors":[3,19],"is_endless":false,"potions_floor_spawned":[1,16],"killed_by":"Cultist and Chosen","ascension_level":0}}