{"host":"vm3f1ccwgbs4oygt","time":1610657602,"event":{"mods":["BaseMod","BetterRewards","Colored Powertips","Minty Spire (QoL Compilation)","Permanent Neow","Replay The Spire","Shop Mod","StSLib"],"gold_per_floor":[113,113,127,127,139,139,158,158,158,158,177,212,43,77,77,181,181,196,210,390,89,89,89],"floor_reached":22,"language":"ENG","playtime":1964,"items_purged":[],"score":244,"play_id":"7890dc2c-b70f-49e8-9d53-1c0d7d9b71a6","local_time":"20210114215322","is_ascension_mode":false,"campfire_choices":[{"data":"Bloodletting","floor":6,"key":"SMITH"},{"data":"Inflame","floor":10,"key":"SMITH"},{"data":"Rampage","floor":15,"key":"SMITH"}],"circlet_count":0,"master_deck":["Strike_R","Strike_R","Strike_R","Strike_R","Strike_R","Defend_R","Defend_R","Defend_R","Defend_R","Bash+1","Dramatic Entrance","Bloodletting+1","Heavy Blade","Inflame+1","Heavy Blade","Twin Strike","Metallicize","Flex","Rampage+1","Demon Form","Rage+1","Replay:BasicMightCard","Deep Breath","Bandage Up","Shrug It Off"],"relics":["Burning Blood","Gremlin Horn","Replay:Rubber Ducky","Peace Pipe","Membership Card","Torii","Sozu","Replay:PocketPolymizer","MerchantsRug"],"acts_visited":["Exordium","TheCity"],"potions_floor_usage":[12,12,12,16],"damage_taken":[{"damage":5,"enemies":"Cultist","floor":1,"turns":4},{"damage":0,"enemies":"2 Louse","floor":3,"turns":2},{"damage":6,"enemies":"Jaw Worm","floor":5,"turns":2},{"damage":11,"enemies":"Red Slaver","floor":7,"turns":3},{"damage":0,"enemies":"Lots of Slimes","floor":11,"turns":2},{"damage":0,"enemies":"Lagavulin","floor":12,"turns":2},{"damage":3,"enemies":"Gremlin Nob","floor":14,"turns":2},{"damage":48,"enemies":"Hexaghost","floor":16,"turns":8},{"damage":14,"enemies":"3 Byrds","floor":18,"turns":5},{"damage":18,"enemies":"Spheric Guardian","floor":19,"turns":4},{"damage":38,"enemies":"3 Cultists","floor":22,"turns":4}],"seed_played":"5555075090415231643","potions_obtained":[{"floor":1,"key":"Strength Potion"},{"floor":3,"key":"Swift Potion"},{"floor":8,"key":"Cursed Concoction"},{"floor":8,"key":"DuplicationPotion"},{"floor":14,"key":"Explosive Potion"}],"is_trial":false,"path_per_floor":["M","?","M","?","M","R","M","?","T","R","M","E","$","E","R","B",null,"M","M","?","$","M"],"character_chosen":"IRONCLAD","items_purchased":["Membership Card","Flex","Bandage Up","Shrug It Off","Replay:PocketPolymizer","MerchantsRug"],"campfire_rested":0,"item_purchase_floors":[13,13,21,21,21,21],"current_hp_per_floor":[80,80,80,73,73,73,68,68,68,68,74,80,80,80,80,38,80,72,60,28,28,0,0],"gold":89,"neow_bonus":"RANDOM_COLORLESS","is_daily":false,"chose_seed":false,"campfire_upgraded":3,"win_rate":0.0,"timestamp":1610657602,"path_taken":["M","?","M","?","M","R","M","?","T","R","M","E","$","E","R","BOSS","M","M","?","$","M"],"items_purchased_type":["Relic","Card","Card","Card","Relic","Relic"],"build_version":"2020-12-22","purchased_purges":0,"victory":false,"max_hp_per_floor":[80,80,80,80,80,80,80,80,80,80,80,80,80,80,80,80,80,80,80,80,80,80,80],"card_choices":[{"not_picked":["Impatience","Flash of Steel"],"picked":"Dramatic Entrance","floor":0},{"not_picked":["Cleave","Replay:Undeath\u0027s Touch"],"picked":"Bloodletting","floor":1},{"not_picked":["Pommel Strike","Combust"],"picked":"Heavy Blade","floor":3},{"not_picked":["ReplayTheSpireMod:Strike From Hell","Life Link"],"picked":"Inflame","floor":5},{"not_picked":["Body Slam","Run Through"],"picked":"Heavy Blade","floor":7},{"not_picked":["Wild Strike","Pommel Strike"],"picked":"Twin Strike","floor":11},{"not_picked":["Headbutt","ReplayTheSpireMod:Corrosion Curse"],"picked":"Metallicize","floor":12},{"not_picked":["Sentinel","Thunderclap"],"picked":"Rampage","floor":14},{"not_picked":["Double Tap","Barricade"],"picked":"Demon Form","floor":16},{"not_picked":["Burning Pact+1","Cleave+1"],"picked":"Rage+1","floor":18},{"not_picked":["Warcry","Run Through","Sever Soul"],"picked":"SKIP","floor":19}],"player_experience":431776,"relics_obtained":[{"floor":9,"key":"Replay:Rubber Ducky"},{"floor":12,"key":"Peace Pipe"},{"floor":14,"key":"Torii"}],"event_choices":[{"damage_healed":0,"gold_gain":0,"player_choice":"Success","damage_taken":7,"relics_obtained":["Gremlin Horn"],"max_hp_gain":0,"max_hp_loss":0,"event_name":"Scrap Ooze","floor":4,"gold_loss":0},{"damage_healed":0,"gold_gain":0,"player_choice":"Got Potions","damage_taken":0,"max_hp_gain":0,"max_hp_loss":0,"event_name":"Lab","floor":8,"gold_loss":0},{"damage_healed":0,"gold_gain":180,"player_choice":"GOLD CARD CARD GOLD ","damage_taken":32,"max_hp_gain":0,"max_hp_loss":0,"event_name":"Knowing Skull","floor":20,"potions_obtained":[],"gold_loss":0,"cards_obtained":["Replay:BasicMightCard","Deep Breath"]}],"is_beta":false,"boss_relics":[{"not_picked":["SlaversCollar","Abe\u0027s Treasure"],"picked":"Sozu"}],"items_purged_floors":[],"is_endless":false,"potions_floor_spawned":[1,3,14,18,19],"killed_by":"3 Cultists","ascension_level":0}}