{"host":"t7mx8yfj1no5p62f","time":1610606383,"event":{"mods":["BaseMod","Bestiary","Colored Map","Colored Powertips","Minty Spire (QoL Compilation)","Relic Stats","StSLib","ojb\u0027s Info Mod"],"gold_per_floor":[363,381,401,420,37,37,53,86,86,86,113,113,147,163,163,240,240,254,254,272,9,43,43,70,70,70,85,5,5,40,60,60,134,134,148,108,124,135,160,160,160,160],"floor_reached":41,"language":"ENG","playtime":1708,"items_purged":["Strike_R","Armaments"],"score":952,"play_id":"5329f367-2334-4c0c-91cb-5bd4b572c77a","local_time":"20210114013943","is_ascension_mode":true,"campfire_choices":[{"data":"Bludgeon","floor":6.0,"key":"SMITH"},{"data":"Anger","floor":12.0,"key":"SMITH"},{"data":"Disarm","floor":15.0,"key":"SMITH"},{"data":"Armaments","floor":23.0,"key":"SMITH"},{"data":"Feed","floor":25.0,"key":"SMITH"},{"data":"Shockwave","floor":32.0,"key":"SMITH"},{"data":"Disarm","floor":40,"key":"SMITH"}],"circlet_count":0,"master_deck":["AscendersBane","Strike_R+1","Strike_R+1","Strike_R+1","Strike_R+1","Defend_R+1","Defend_R+1","Defend_R+1","Defend_R+1","Bash","Headbutt","Bludgeon+1","Anger+1","Disarm+1","Shockwave+1","Armaments+1","Iron Wave","Feed+1","Battle Trance","Anger","Shrug It Off","Second Wind","Offering","Feel No Pain+1","Disarm+1","Ghostly Armor"],"relics":["Burning Blood","Pen Nib","Ancient Tea Set","Shuriken","Regal Pillow","Lizard Tail","Velvet Choker","Centennial Puzzle","Red Mask","Dream Catcher","Mercury Hourglass","Red Skull","SlaversCollar","Ice Cream"],"acts_visited":["Exordium","TheCity","TheBeyond"],"potions_floor_usage":[36,38,38],"damage_taken":[{"damage":18.0,"enemies":"Small Slimes","floor":1.0,"turns":5.0},{"damage":1.0,"enemies":"Cultist","floor":2.0,"turns":3.0},{"damage":6.0,"enemies":"2 Louse","floor":3.0,"turns":3.0},{"damage":15.0,"enemies":"Looter","floor":4.0,"turns":4.0},{"damage":8.0,"enemies":"3 Louse","floor":7.0,"turns":4.0},{"damage":34.0,"enemies":"Gremlin Nob","floor":8.0,"turns":4.0},{"damage":25.0,"enemies":"3 Sentries","floor":11.0,"turns":6.0},{"damage":7.0,"enemies":"Lagavulin","floor":13.0,"turns":5.0},{"damage":30.0,"enemies":"Exordium Thugs","floor":14.0,"turns":4.0},{"damage":17.0,"enemies":"The Guardian","floor":16.0,"turns":13.0},{"damage":11.0,"enemies":"2 Thieves","floor":18.0,"turns":2.0},{"damage":0.0,"enemies":"Spheric Guardian","floor":20.0,"turns":3.0},{"damage":8.0,"enemies":"Masked Bandits","floor":22.0,"turns":3.0},{"damage":6.0,"enemies":"Slavers","floor":24.0,"turns":7.0},{"damage":12.0,"enemies":"Shelled Parasite and Fungi","floor":27.0,"turns":4.0},{"damage":12.0,"enemies":"Book of Stabbing","floor":30.0,"turns":5.0},{"damage":9.0,"enemies":"Snake Plant","floor":31.0,"turns":4.0},{"damage":29.0,"enemies":"Collector","floor":33.0,"turns":5.0},{"damage":7,"enemies":"Orb Walker","floor":35,"turns":2},{"damage":27,"enemies":"3 Darklings","floor":37,"turns":8},{"damage":46,"enemies":"Transient","floor":38,"turns":6},{"damage":4,"enemies":"Mind Bloom Boss Battle","floor":39,"turns":7},{"damage":32,"enemies":"Reptomancer","floor":41,"turns":8}],"seed_played":"-6116342924858142548","potions_obtained":[{"floor":1.0,"key":"LiquidBronze"},{"floor":4.0,"key":"SpeedPotion"},{"floor":7.0,"key":"Regen Potion"},{"floor":8.0,"key":"Strength Potion"},{"floor":18.0,"key":"DuplicationPotion"},{"floor":22.0,"key":"Strength Potion"},{"floor":24.0,"key":"Regen Potion"},{"floor":35,"key":"LiquidMemories"},{"floor":36,"key":"BloodPotion"},{"floor":36,"key":"Block Potion"}],"is_trial":false,"path_per_floor":["M","M","M","M","$","R","M","E","T","?","E","R","E","M","R","B",null,"M","?","M","$","?","R","E","R","T","M","$","?","E","M","R","B",null,"M","?","M","M","?","R","E"],"character_chosen":"IRONCLAD","items_purchased":["Disarm","Pen Nib","Armaments","Centennial Puzzle","Second Wind"],"campfire_rested":0,"item_purchase_floors":[5,5,5,21,28],"current_hp_per_floor":[56,61,61,52,52,52,50,22,22,22,18,18,17,28,28,17,55,50,50,59,59,60,60,63,63,63,61,61,61,55,56,56,47,76,75,85,64,24,30,30,0,0],"gold":160,"neow_bonus":"TWO_FIFTY_GOLD","is_daily":false,"chose_seed":false,"campfire_upgraded":7,"win_rate":0.0,"timestamp":1610606383,"path_taken":["M","M","M","M","$","R","M","E","T","?","E","R","E","?","R","BOSS","M","?","M","$","?","R","E","R","T","M","$","?","E","?","R","BOSS","M","?","M","?","?","R","E"],"items_purchased_type":["Card","Relic","Card","Relic","Card"],"build_version":"2020-12-22","purchased_purges":2,"victory":false,"max_hp_per_floor":[68,68,68,68,68,68,68,68,68,68,68,68,68,68,68,68,68,68,68,71,71,74,74,77,77,77,81,81,81,81,85,85,85,85,85,85,85,85,89,89,89,89],"relic_stats":{"Regal Pillow":0,"Lizard Tail":34,"Centennial Puzzle":[33],"Dream Catcher":0,"counters":[23,115],"Shuriken":[29],"Pen Nib":[18],"obtain_stats":[{"Ice Cream":39,"Regal Pillow":11,"Velvet Choker":17,"Pen Nib":5,"Ancient Tea Set":8,"Burning Blood":0,"Mercury Hourglass":26,"SlaversCollar":34,"Lizard Tail":13,"Centennial Puzzle":21,"Dream Catcher":24,"Shuriken":9,"Red Mask":22,"Red Skull":30},{"Ice Cream":22,"Regal Pillow":7,"Velvet Choker":10,"Pen Nib":4,"Ancient Tea Set":6,"Burning Blood":0,"Mercury Hourglass":14,"SlaversCollar":18,"Lizard Tail":8,"Centennial Puzzle":12,"Dream Catcher":14,"Shuriken":6,"Red Mask":13,"Red Skull":16},{"Ice Cream":107,"Regal Pillow":29,"Velvet Choker":51,"Pen Nib":15,"Ancient Tea Set":23,"Burning Blood":0,"Mercury Hourglass":66,"SlaversCollar":84,"Lizard Tail":34,"Centennial Puzzle":56,"Dream Catcher":66,"Shuriken":23,"Red Mask":59,"Red Skull":75}],"Burning Blood":132,"Mercury Hourglass":[219]},"card_choices":[{"not_picked":["Flex","Infernal Blade"],"picked":"Headbutt","floor":1.0},{"not_picked":["Flex","Sword Boomerang"],"picked":"Bludgeon","floor":2.0},{"not_picked":["Warcry","Clothesline","Wild Strike"],"picked":"SKIP","floor":3.0},{"not_picked":["Hemokinesis","Thunderclap"],"picked":"Anger","floor":4.0},{"not_picked":["Seeing Red","Sever Soul"],"picked":"Shockwave","floor":7.0},{"not_picked":["Twin Strike","Whirlwind","Pummel"],"picked":"SKIP","floor":8.0},{"not_picked":["Sword Boomerang","Havoc","Perfected Strike"],"picked":"SKIP","floor":11.0},{"not_picked":["Headbutt","Barricade","Whirlwind"],"picked":"SKIP","floor":13.0},{"not_picked":["Power Through","Sword Boomerang"],"picked":"Iron Wave","floor":14.0},{"not_picked":["Brutality","Bludgeon"],"picked":"Feed","floor":16.0},{"not_picked":["Blood for Blood","Spot Weakness"],"picked":"Battle Trance","floor":18.0},{"not_picked":["Havoc+1","Pummel"],"picked":"Anger","floor":20.0},{"not_picked":["Body Slam","Havoc"],"picked":"Shrug It Off","floor":22.0},{"not_picked":["Twin Strike","Berserk","Wild Strike"],"picked":"SKIP","floor":24.0},{"not_picked":["Pommel Strike","Armaments","Iron Wave"],"picked":"SKIP","floor":27.0},{"not_picked":["Uppercut","Clothesline","Twin Strike"],"picked":"SKIP","floor":30.0},{"not_picked":["Perfected Strike","Twin Strike","Body Slam"],"picked":"SKIP","floor":31.0},{"not_picked":["Berserk","Juggernaut"],"picked":"Offering","floor":33.0},{"not_picked":["Body Slam","Sword Boomerang+1"],"picked":"Feel No Pain+1","floor":35},{"not_picked":["Twin Strike+1","Anger"],"picked":"Disarm","floor":37},{"not_picked":["Flex","Thunderclap+1"],"picked":"Ghostly Armor","floor":38}],"player_experience":1763615,"relics_obtained":[{"floor":8.0,"key":"Ancient Tea Set"},{"floor":9.0,"key":"Shuriken"},{"floor":11.0,"key":"Regal Pillow"},{"floor":13.0,"key":"Lizard Tail"},{"floor":22.0,"key":"Red Mask"},{"floor":24.0,"key":"Dream Catcher"},{"floor":26.0,"key":"Mercury Hourglass"},{"floor":30.0,"key":"Red Skull"},{"floor":39,"key":"Ice Cream"}],"event_choices":[{"damage_healed":0.0,"max_hp_gain":0.0,"max_hp_loss":0.0,"gold_gain":0.0,"event_name":"Match and Keep!","player_choice":"1 cards matched","floor":10.0,"gold_loss":0.0,"damage_taken":0.0,"cards_obtained":["Armaments"]},{"damage_healed":0.0,"max_hp_gain":0.0,"max_hp_loss":0.0,"gold_gain":0.0,"event_name":"Back to Basics","player_choice":"Simplicity","floor":19.0,"gold_loss":0.0,"damage_taken":0.0,"cards_upgraded":["Strike_R","Strike_R","Strike_R","Strike_R","Defend_R","Defend_R","Defend_R","Defend_R"]},{"damage_healed":0.0,"max_hp_gain":0.0,"max_hp_loss":0.0,"gold_gain":0.0,"event_name":"Masked Bandits","player_choice":"Fought Bandits","floor":22.0,"gold_loss":0.0,"damage_taken":0.0},{"damage_healed":0.0,"max_hp_gain":0.0,"max_hp_loss":0.0,"gold_gain":0.0,"event_name":"Ghosts","player_choice":"Ignored","floor":29.0,"gold_loss":0.0,"damage_taken":0.0},{"damage_healed":0,"gold_gain":0,"player_choice":"Bought 3 Potions","damage_taken":0,"max_hp_gain":0,"max_hp_loss":0,"event_name":"The Woman in Blue","floor":36,"gold_loss":0},{"damage_healed":0,"gold_gain":0,"player_choice":"Fight","damage_taken":0,"max_hp_gain":0,"max_hp_loss":0,"event_name":"MindBloom","floor":39,"gold_loss":0}],"is_beta":false,"boss_relics":[{"not_picked":["Mark of Pain","Runic Dome"],"picked":"Velvet Choker"},{"not_picked":["Cursed Key","SacredBark"],"picked":"SlaversCollar"}],"items_purged_floors":[5,21],"is_endless":false,"potions_floor_spawned":[1,4,7,8,18,22,24,31,35],"killed_by":"Reptomancer","ascension_level":20}}