{"host":"Planeswalker","time":1610594187,"event":{"mods":["Act Like it!","Astrologer","BaseMod","Downfall","Friendly Minions","GifTheSpireLib","Halation","Hermit","Hubris","Jorbs\u0027s Wanderer Trilogy","Minty Spire (QoL Compilation)","Replay The Spire","SOS???????","Shop Mod","Somnambulant","StSLib","The Bladedancer","The Cursed","The Elementalist","The Hierophant","The Jungle","The Mystic","The Necromancer"],"gold_per_floor":[117,166,166,166,179,205,220,220,220],"floor_reached":8,"language":"ENG","playtime":1348,"items_purged":[],"score":56,"play_id":"d0157b4f-b5c9-4f32-b4c8-1240ce4fb821","local_time":"20210113201627","is_ascension_mode":false,"campfire_choices":[],"circlet_count":0,"master_deck":["somnambulantmod: SomnambulantStrike","somnambulantmod: SomnambulantStrike","somnambulantmod: SomnambulantStrike","somnambulantmod: SomnambulantStrike","somnambulantmod: SomnambulantStrike","somnambulantmod: Defend_Somnambulant","somnambulantmod: Defend_Somnambulant","somnambulantmod: Defend_Somnambulant","somnambulantmod: Defend_Somnambulant","somnambulantmod: Defend_Somnambulant","somnambulantmod: QuickNap","somnambulantmod: PrimingPunch","somnambulantmod: Stimulus","ReplayTheSpireMod:Splinters","somnambulantmod: Amnausea","somnambulantmod: UnthoughtKnown","hubris:Wrath","Consume_Illness","Genetic Algorithm","hierophant:SecretStash"],"relics":["somnambulantmod: DreamJournal","Gremlin Food","PrismaticShard","hubris:Icosahedron","hubris:Metronome"],"acts_visited":["Exordium"],"potions_floor_usage":[5,8,8,8],"damage_taken":[{"damage":9,"enemies":"2 Louse","floor":1,"turns":5},{"damage":12,"enemies":"Jaw Worm","floor":5,"turns":1},{"damage":36,"enemies":"Lagavulin","floor":6,"turns":7},{"damage":15,"enemies":"Cultist","floor":7,"turns":5},{"damage":38,"enemies":"Gremlin Nob","floor":8,"turns":3}],"seed_played":"8130013571241487929","potions_obtained":[{"floor":1,"key":"DuplicationPotion"},{"floor":2,"key":"Adrenaline Potion"},{"floor":6,"key":"Guardian:BlockOnCardUsePotion"}],"is_trial":false,"path_per_floor":["M","?","?","?","M","E","M","E"],"character_chosen":"THE_SOMNAMBULANT","items_purchased":[],"campfire_rested":0,"item_purchase_floors":[],"current_hp_per_floor":[68,68,68,68,56,23,8,0,0],"gold":220,"neow_bonus":"TEN_PERCENT_HP_BONUS","is_daily":false,"chose_seed":false,"campfire_upgraded":0,"win_rate":0.0,"timestamp":1610594187,"path_taken":["M","?","?","?","M","E","M","E"],"items_purchased_type":[],"build_version":"2020-11-17","purchased_purges":0,"victory":false,"max_hp_per_floor":[77,77,77,77,77,77,77,77,77],"card_choices":[{"not_picked":["somnambulantmod: Repression","somnambulantmod: HorrificThought"],"picked":"somnambulantmod: Stimulus","floor":1},{"not_picked":["somnambulantmod: Blink","somnambulantmod: Stumble"],"picked":"somnambulantmod: Amnausea","floor":2},{"not_picked":["somnambulantmod: Bloom","somnambulantmod: Unmake"],"picked":"somnambulantmod: UnthoughtKnown","floor":2},{"not_picked":["Doom and Gloom","sneckomod:UnknownBlock"],"picked":"Consume_Illness","floor":5},{"not_picked":["Consume","hexamod:GhostflameInferno"],"picked":"Genetic Algorithm","floor":6},{"not_picked":["hubris:SharpeningStone","stsjorbsmod:LoseGrip"],"picked":"hierophant:SecretStash","floor":7}],"player_experience":13314,"relics_obtained":[{"floor":2,"key":"Gremlin Food"},{"floor":6,"key":"hubris:Metronome"}],"event_choices":[],"is_beta":true,"boss_relics":[],"items_purged_floors":[],"is_endless":false,"potions_floor_spawned":[1,6],"killed_by":"Gremlin Nob","ascension_level":0}}