{"host":"0vlubjftylzdr3ny","time":1610634821,"event":{"mods":["Always Whale","BaseMod","GifTheSpireLib","Minty Spire (QoL Compilation)","Relic Filter","StSLib","Stuff the Spire"],"gold_per_floor":[114,39,50,125,144,144,19,19,90,90,100,114,134,164,164,266,266,279,114,29,29,43,59,59,92,92,108,134,144,179,199,199,294,294,312,5,19,19,19,19,33,60,110,127,153,153,179,230,230,230],"floor_reached":51,"language":"ENG","playtime":2597,"items_purged":["Strike_R","Defend_R","Strike_R","Strike_R"],"score":899,"play_id":"ecc1b662-e8cf-44f4-9acf-0ed7f6beb8cf","local_time":"20210114153341","is_ascension_mode":true,"campfire_choices":[{"data":"Body Slam","floor":6.0,"key":"SMITH"},{"data":"True Grit","floor":8.0,"key":"SMITH"},{"data":"Bash","floor":10.0,"key":"SMITH"},{"data":"Ghostly Armor","floor":15.0,"key":"SMITH"},{"data":"Defend_R","floor":24,"key":"SMITH"},{"data":"Body Slam","floor":32,"key":"SMITH"},{"data":"Swift Strike","floor":40,"key":"SMITH"},{"data":"Anger","floor":49,"key":"SMITH"}],"circlet_count":0,"master_deck":["Strike_R+1","Strike_R+1","Defend_R","Defend_R","Defend_R+1","Bash+1","Body Slam+1","Limit Break+1","Flame Barrier+1","Shrug It Off+1","Disarm+1","Body Slam+1","Body Slam+1","Anger+1","Swift Strike+1","Anger+1","Flex+1","Anger+1","Flex+1"],"relics":["Burning Blood","Dream Catcher","Self Forming Clay","Toxic Egg 2","Coffee Dripper","Unceasing Top","Turnip","Whetstone","Bottled Flame","Boot","White Beast Statue","SlaversCollar","StuffTheSpire:GrapeVine","Toy Ornithopter","MealTicket","Happy Flower","StuffTheSpire:HeavyRock","Calipers","Ginger"],"acts_visited":["Exordium","TheCity","TheBeyond"],"potions_floor_usage":[28,28,44,50,50],"damage_taken":[{"damage":8.0,"enemies":"Jaw Worm","floor":1.0,"turns":4.0},{"damage":6.0,"enemies":"Cultist","floor":3.0,"turns":3.0},{"damage":4.0,"enemies":"2 Louse","floor":5.0,"turns":3.0},{"damage":4.0,"enemies":"Exordium Wildlife","floor":11.0,"turns":4.0},{"damage":10.0,"enemies":"Exordium Thugs","floor":12.0,"turns":5.0},{"damage":7.0,"enemies":"Lots of Slimes","floor":13.0,"turns":5.0},{"damage":12.0,"enemies":"Gremlin Nob","floor":14.0,"turns":4.0},{"damage":51.0,"enemies":"Slime Boss","floor":16.0,"turns":14.0},{"damage":12,"enemies":"Chosen","floor":18,"turns":4},{"damage":13,"enemies":"3 Byrds","floor":22,"turns":5},{"damage":4,"enemies":"Cultist and Chosen","floor":23,"turns":6},{"damage":53,"enemies":"Slavers","floor":25,"turns":8},{"damage":0,"enemies":"Shelled Parasite and Fungi","floor":27,"turns":6},{"damage":3,"enemies":"Book of Stabbing","floor":28,"turns":5},{"damage":1,"enemies":"Snecko","floor":29,"turns":4},{"damage":3,"enemies":"Gremlin Leader","floor":30,"turns":6},{"damage":0,"enemies":"Cultist and Chosen","floor":31,"turns":4},{"damage":13,"enemies":"Champ","floor":33,"turns":10},{"damage":0,"enemies":"3 Shapes","floor":35,"turns":7},{"damage":0,"enemies":"Orb Walker","floor":37,"turns":3},{"damage":4,"enemies":"4 Shapes","floor":41,"turns":8},{"damage":9,"enemies":"Reptomancer","floor":42,"turns":4},{"damage":13,"enemies":"3 Darklings","floor":44,"turns":6},{"damage":5,"enemies":"Giant Head","floor":45,"turns":5},{"damage":0,"enemies":"Nemesis","floor":47,"turns":3},{"damage":25,"enemies":"2 Orb Walkers","floor":48,"turns":5},{"damage":8,"enemies":"Awakened One","floor":50,"turns":5}],"seed_played":"-5119650825113951613","potions_obtained":[{"floor":11.0,"key":"LiquidMemories"},{"floor":13.0,"key":"DistilledChaos"},{"floor":14.0,"key":"Explosive Potion"},{"floor":22,"key":"Dexterity Potion"},{"floor":27,"key":"BloodPotion"},{"floor":29,"key":"Regen Potion"},{"floor":31,"key":"GamblersBrew"},{"floor":33,"key":"Explosive Potion"},{"floor":35,"key":"DistilledChaos"},{"floor":44,"key":"CultistPotion"}],"is_trial":false,"path_per_floor":["M","$","M","?","M","R","$","R","T","R","M","M","M","E","R","B",null,"M","$","?","?","M","M","R","E","T","M","E","M","E","M","R","B",null,"M","$","M","?","?","R","M","E","T","M","E","T","E","?","R","B",null],"character_chosen":"IRONCLAD","items_purchased":["True Grit","Flame Barrier+1","StuffTheSpire:GrapeVine"],"campfire_rested":0,"item_purchase_floors":[7,19,36],"current_hp_per_floor":[78,78,78,70,72,72,72,72,72,72,74,70,69,63,63,18,80,74,74,74,74,67,69,69,22,22,28,47,52,55,61,61,54,80,80,80,80,80,80,80,80,77,77,73,74,74,80,61,61,69],"gold":230,"neow_bonus":"RANDOM_COMMON_RELIC","is_daily":false,"chose_seed":false,"campfire_upgraded":8,"win_rate":0.0,"timestamp":1610634821,"path_taken":["M","$","M","?","M","R","$","R","T","R","M","?","?","E","R","BOSS","M","$","?","?","M","M","R","E","T","M","E","?","E","M","R","BOSS","M","$","?","?","?","R","M","E","T","M","E","?","E","?","R","BOSS"],"items_purchased_type":["Card","Card","Relic"],"build_version":"2020-12-22","purchased_purges":4,"victory":true,"max_hp_per_floor":[80,80,80,80,80,80,80,80,80,80,80,80,80,80,80,80,80,80,80,80,80,80,80,80,80,80,80,80,80,80,80,80,80,80,80,80,80,80,80,80,80,80,80,80,80,80,80,80,80,80],"card_choices":[{"not_picked":["True Grit","StuffTheSpire:RockThrow"],"picked":"Body Slam","floor":1.0},{"not_picked":["Dark Embrace","Perfected Strike","Warcry"],"picked":"SKIP","floor":3.0},{"not_picked":["Whirlwind","StuffTheSpire:Slingshot","Armaments"],"picked":"SKIP","floor":5.0},{"not_picked":["StuffTheSpire:RockThrow","Bloodletting","Warcry"],"picked":"SKIP","floor":11.0},{"not_picked":["Cleave","StuffTheSpire:Incineration","Exhume"],"picked":"SKIP","floor":12.0},{"not_picked":["Spot Weakness","Sword Boomerang"],"picked":"Ghostly Armor","floor":13.0},{"not_picked":["Twin Strike","Whirlwind","Headbutt"],"picked":"SKIP","floor":14.0},{"not_picked":["Fiend Fire","Berserk"],"picked":"Limit Break+1","floor":16.0},{"not_picked":["Wild Strike+1","StuffTheSpire:Incineration+1","StuffTheSpire:Slingshot"],"picked":"SKIP","floor":18},{"not_picked":["Flex+1","Intimidate+1","Cleave"],"picked":"SKIP","floor":22},{"not_picked":["Pommel Strike","Combust","Rampage+1"],"picked":"SKIP","floor":23},{"not_picked":["Headbutt","Sword Boomerang+1"],"picked":"Shrug It Off+1","floor":25},{"not_picked":["Uppercut","Fire Breathing","Shrug It Off+1"],"picked":"SKIP","floor":27},{"not_picked":["StuffTheSpire:Incineration","Whirlwind+1","Thunderclap"],"picked":"SKIP","floor":28},{"not_picked":["StuffTheSpire:Slingshot+1","Wild Strike+1"],"picked":"Disarm+1","floor":29},{"not_picked":["Reaper","Metallicize"],"picked":"Body Slam+1","floor":30},{"not_picked":["Twin Strike","Dark Embrace"],"picked":"Body Slam","floor":31},{"not_picked":["Hemokinesis+1","Wild Strike"],"picked":"Anger+1","floor":35},{"not_picked":["Bloodletting+1","Sever Soul","Flame Barrier+1"],"picked":"SKIP","floor":37},{"not_picked":["HandOfGreed","Jack Of All Trades+1"],"picked":"Swift Strike","floor":39},{"not_picked":["Seeing Red+1","Spot Weakness+1"],"picked":"Anger+1","floor":41},{"not_picked":["Twin Strike","StuffTheSpire:BloodClot+1"],"picked":"Flex+1","floor":42},{"not_picked":["Corruption","Clash+1","Thunderclap"],"picked":"SKIP","floor":44},{"not_picked":["Hemokinesis","StuffTheSpire:RockThrow","Juggernaut"],"picked":"SKIP","floor":45},{"not_picked":["Sword Boomerang","Dual Wield+1"],"picked":"Anger","floor":47},{"not_picked":["Intimidate+1","Thunderclap+1"],"picked":"Flex+1","floor":48}],"player_experience":850439,"relics_obtained":[{"floor":9.0,"key":"Self Forming Clay"},{"floor":14.0,"key":"Toxic Egg 2"},{"floor":25,"key":"Whetstone"},{"floor":26,"key":"Bottled Flame"},{"floor":28,"key":"Boot"},{"floor":30,"key":"White Beast Statue"},{"floor":42,"key":"Toy Ornithopter"},{"floor":43,"key":"MealTicket"},{"floor":45,"key":"Happy Flower"},{"floor":46,"key":"StuffTheSpire:HeavyRock"},{"floor":47,"key":"Calipers"},{"floor":48,"key":"Ginger"}],"event_choices":[{"damage_healed":0.0,"max_hp_gain":0.0,"max_hp_loss":0.0,"gold_gain":75.0,"event_name":"FaceTrader","player_choice":"Touch","floor":4.0,"gold_loss":0.0,"damage_taken":8.0},{"damage_healed":0,"gold_gain":0,"player_choice":"Obtained Relic","damage_taken":0,"relics_obtained":["Unceasing Top"],"max_hp_gain":0,"max_hp_loss":0,"event_name":"Addict","floor":20,"gold_loss":85},{"cards_removed":["Ghostly Armor"],"damage_healed":0,"gold_gain":0,"player_choice":"Gave Card","damage_taken":0,"relics_obtained":["Turnip"],"max_hp_gain":0,"max_hp_loss":0,"event_name":"WeMeetAgain","floor":21,"gold_loss":0},{"cards_removed":["True Grit"],"damage_healed":0,"gold_gain":0,"player_choice":"Removed Skill","damage_taken":0,"max_hp_gain":0,"max_hp_loss":0,"event_name":"Falling","floor":38,"gold_loss":0},{"damage_healed":0,"gold_gain":0,"player_choice":"Memory 1","damage_taken":0,"max_hp_gain":0,"max_hp_loss":0,"event_name":"SensoryStone","floor":39,"gold_loss":0},{"damage_healed":0,"gold_gain":0,"player_choice":"Fight","damage_taken":0,"max_hp_gain":0,"max_hp_loss":0,"event_name":"Mysterious Sphere","floor":48,"gold_loss":0}],"is_beta":false,"boss_relics":[{"not_picked":["Runic Pyramid","Mark of Pain"],"picked":"Coffee Dripper"},{"not_picked":["Astrolabe","Black Star"],"picked":"SlaversCollar"}],"items_purged_floors":[2,7,19,36],"is_endless":false,"potions_floor_spawned":[11,13,14,22,27,29,31,33,35,37,41,42,44,45,47,48],"ascension_level":2}}