{"host":"fqepcc6wiujntn7y","time":1610631298,"event":{"mods":["BaseMod","Minty Spire (QoL Compilation)","StSLib","The Necromancer"],"gold_per_floor":[10,20,20,32,42,42,107,107,107,107,117,133,158,174,174,278,278,289,269,284,294,308,308,308,326,326,344,364,74,92,125,125,226,226,240,258,188,188,188],"floor_reached":38,"language":"ENG","playtime":6370,"items_purged":[],"score":406,"play_id":"8601084b-6913-431f-9b19-210f966e5b6b","local_time":"20210114133458","is_ascension_mode":false,"campfire_choices":[{"data":"Bones_to_Steel","floor":6,"key":"SMITH"},{"data":"Plague_Bolt","floor":8,"key":"SMITH"},{"floor":15,"key":"REST"},{"floor":23,"key":"REST"},{"floor":32,"key":"REST"}],"circlet_count":0,"master_deck":["Defend_W","Defend_W","Defend_W","Defend_W","Negative_Energy_Arrows","Bone_Wall","Death_March_Dance","Plague_Bolt+1","Epidemic","Summon_Undead+1","Bones_to_Steel+1","Plague_Bolt","Consume_Illness","Blood_for_Blood","Bone_Bullets","Shackles_Of_Pain","Skeleton_Dragon","Spectral_Armor+1","Negative_Energy_Burst+1","Acid_Javelin","Necrotic_Claws","Siphon_Strength","Death_Knell","Summon_Vampire_Lady","Stop_Heart","Negative_Energy_Mist+1","Summon_Vampire_Lady","Negative_Energy_Burst","Bone_Armor","Requiem","Bone_Armory+1","Bone_Armor","Bone_Armory"],"relics":["Vampire_Amulet","Pear","Nunchaku","MealTicket","Runic Pyramid","Bottled Tornado","Blood Vial","WingedGreaves","Sozu"],"acts_visited":["Exordium","TheCity","TheBeyond"],"potions_floor_usage":[16,22,22,28,28],"damage_taken":[{"damage":5,"enemies":"Jaw Worm","floor":1,"turns":4},{"damage":1,"enemies":"2 Louse","floor":2,"turns":4},{"damage":0,"enemies":"Cultist","floor":4,"turns":4},{"damage":5,"enemies":"Blue Slaver","floor":5,"turns":4},{"damage":12,"enemies":"Gremlin Nob","floor":7,"turns":4},{"damage":9,"enemies":"3 Louse","floor":11,"turns":4},{"damage":7,"enemies":"Lots of Slimes","floor":12,"turns":3},{"damage":33,"enemies":"Lagavulin","floor":13,"turns":8},{"damage":42,"enemies":"Gremlin Gang","floor":14,"turns":5},{"damage":48,"enemies":"Slime Boss","floor":16,"turns":10},{"damage":20,"enemies":"3 Byrds","floor":18,"turns":4},{"damage":9,"enemies":"2 Thieves","floor":19,"turns":4},{"damage":6,"enemies":"Snake Plant","floor":20,"turns":5},{"damage":56,"enemies":"Cultist and Chosen","floor":21,"turns":8},{"damage":24,"enemies":"Centurion and Healer","floor":22,"turns":7},{"damage":4,"enemies":"Snecko","floor":25,"turns":4},{"damage":18,"enemies":"Snake Plant","floor":27,"turns":4},{"damage":32,"enemies":"Centurion and Healer","floor":28,"turns":5},{"damage":14,"enemies":"Cultist and Chosen","floor":30,"turns":6},{"damage":54,"enemies":"Slavers","floor":31,"turns":6},{"damage":92,"enemies":"Champ","floor":33,"turns":13},{"damage":41,"enemies":"3 Darklings","floor":35,"turns":5},{"damage":31,"enemies":"Orb Walker","floor":36,"turns":4},{"damage":96,"enemies":"4 Shapes","floor":38,"turns":3}],"seed_played":"4021202199961130813","potions_obtained":[{"floor":1,"key":"Dexterity Potion"},{"floor":2,"key":"Swift Potion"},{"floor":4,"key":"GamblersBrew"},{"floor":16,"key":"BlessingOfTheForge"},{"floor":18,"key":"Regen Potion"},{"floor":25,"key":"Fire Potion"},{"floor":30,"key":"LiquidMemories"},{"floor":33,"key":"SkillPotion"}],"is_trial":false,"path_per_floor":["M","M","?","M","M","R","?","R","T","?","M","M","E","M","R","B",null,"M","M","M","M","M","R","?","M","T","M","M","$","M","E","R","B",null,"M","M","$","M"],"character_chosen":"NECROMANCER","items_purchased":["Blood Vial","Summon_Vampire_Lady","Bone_Armory"],"campfire_rested":3,"item_purchase_floors":[29,29,37],"current_hp_per_floor":[72,75,75,75,72,72,72,72,72,72,78,81,50,28,53,13,85,71,64,60,8,6,31,31,32,32,25,12,27,37,21,46,9,85,64,52,67,0,0],"gold":188,"neow_bonus":"TRANSFORM_TWO_CARDS","is_daily":false,"chose_seed":false,"campfire_upgraded":2,"win_rate":0.0,"timestamp":1610631298,"path_taken":["M","M","?","M","M","R","?","R","T","?","M","?","E","M","R","BOSS","M","M","M","M","M","R","?","M","T","M","M","$","M","E","R","BOSS","M","M","$","M"],"items_purchased_type":["Relic","Card","Card"],"build_version":"2020-12-22","purchased_purges":0,"victory":false,"max_hp_per_floor":[75,75,75,75,75,75,85,85,85,85,85,85,85,85,85,85,85,85,85,85,85,85,85,85,85,85,85,85,85,85,85,85,85,85,85,85,85,85,85],"card_choices":[{"not_picked":["Death_March_Dance","Flesh_Made_Foul"],"picked":"Epidemic","floor":1},{"not_picked":["Toxic_Smoke_Screen","Negative_Energy_Sphere"],"picked":"Summon_Undead","floor":2},{"not_picked":["Spectral_Armor","Whirlwind_of_Bones"],"picked":"Bones_to_Steel","floor":4},{"not_picked":["Blood_Whip","Bone_Spikes","Death_March_Dance"],"picked":"SKIP","floor":5},{"not_picked":["Negative_Energy_Javelin","Negative_Energy_Shield"],"picked":"Plague_Bolt","floor":7},{"not_picked":["Bone_Shift","Blood_Whip"],"picked":"Consume_Illness","floor":11},{"not_picked":["Scare","Bone_Spikes"],"picked":"Blood_for_Blood","floor":12},{"not_picked":["Death_Coil","Epidemic"],"picked":"Bone_Bullets","floor":13},{"not_picked":["Blood_Magic","Death_March_Dance"],"picked":"Shackles_Of_Pain","floor":14},{"not_picked":["Detonate_Bones","Requiem"],"picked":"Skeleton_Dragon","floor":16},{"not_picked":["Negative_Energy_Javelin+1","Scare"],"picked":"Spectral_Armor+1","floor":18},{"not_picked":["Bone_Shift","Shackles_Of_Pain+1"],"picked":"Negative_Energy_Burst+1","floor":19},{"not_picked":["Whirlwind_of_Bones","Finger_Of_Death"],"picked":"Acid_Javelin","floor":20},{"not_picked":["Blood_Curse","Negative_Energy_Javelin","Life_Tap"],"picked":"SKIP","floor":21},{"not_picked":["Scare+1","Negative_Energy_Shield"],"picked":"Necrotic_Claws","floor":22},{"not_picked":["Death_March_Dance","Corrupt"],"picked":"Summon_Vampire_Lady","floor":25},{"not_picked":["Bone_Spikes","Death_Coil"],"picked":"Stop_Heart","floor":27},{"not_picked":["Flesh_Made_Foul+1","Consume_Illness"],"picked":"Negative_Energy_Mist+1","floor":28},{"not_picked":["Blood_for_Blood","Negative_Energy_Javelin+1"],"picked":"Negative_Energy_Burst","floor":30},{"not_picked":["Corrupt","Bone_Shift"],"picked":"Bone_Armor","floor":31},{"not_picked":["Blood_Magic","Detonate_Bones"],"picked":"Requiem","floor":33},{"not_picked":["Negative_Energy_Shield+1","Whirlwind_of_Bones"],"picked":"Bone_Armory+1","floor":35},{"not_picked":["Negative_Energy_Mist","Bones_to_Steel+1"],"picked":"Bone_Armor","floor":36}],"player_experience":3504,"relics_obtained":[{"floor":9,"key":"Nunchaku"},{"floor":13,"key":"MealTicket"},{"floor":26,"key":"Bottled Tornado"},{"floor":31,"key":"WingedGreaves"}],"event_choices":[{"damage_healed":0,"gold_gain":0,"player_choice":"Grow","damage_taken":0,"max_hp_gain":0,"max_hp_loss":0,"event_name":"Living Wall","floor":3,"gold_loss":0,"cards_upgraded":["Summon_Undead"]},{"damage_healed":0,"gold_gain":0,"player_choice":"Searched \u00273\u0027 times","damage_taken":0,"relics_obtained":["Pear"],"max_hp_gain":0,"max_hp_loss":0,"event_name":"Dead Adventurer","floor":7,"gold_loss":0},{"damage_healed":0,"gold_gain":0,"player_choice":"Bought 0 Potions","damage_taken":0,"max_hp_gain":0,"max_hp_loss":0,"event_name":"The Woman in Blue","floor":10,"gold_loss":0},{"damage_healed":0,"gold_gain":0,"cards_transformed":["Strike_W","Strike_W"],"player_choice":"Became Test Subject","damage_taken":0,"max_hp_gain":0,"max_hp_loss":0,"event_name":"Drug Dealer","floor":24,"gold_loss":0,"cards_obtained":["Siphon_Strength","Death_Knell"]}],"is_beta":false,"boss_relics":[{"not_picked":["Velvet Choker","Snecko Eye"],"picked":"Runic Pyramid"},{"not_picked":["Black Star","Busted Crown"],"picked":"Sozu"}],"items_purged_floors":[],"is_endless":false,"potions_floor_spawned":[1,2,4,11,16,18,20,25,30,33,36],"killed_by":"4 Shapes","ascension_level":0}}