{"host":"idmgg8r816nmas40","time":1610606410,"event":{"mods":["AchievementEnabler","BaseMod","BetterRewards","Block Reminder","Colored Map","Colored Powertips","Googly Eyes","Highlight Path","Hubris","Infinite Spire","Minty Spire (QoL Compilation)","Quick Restart","Relic Stats","Replay The Spire","Shop Mod","StSLib","SuperFastMode","Synergy Search","Transform Curses"],"gold_per_floor":[118,118,118,128,65,65,76,106,106,136,136,136,162,312,312,386,486,530,530,530,598,651,651,737,785,785,889,165,355,355,410,410,689,689,809,809,789,876,992,1175,1175,1342,1380,1292,11,11,53,123,123,178,178,178],"floor_reached":51,"language":"ENG","playtime":1793,"items_purged":["Doubt"],"score":2173,"play_id":"7f063cc0-3f8c-4825-8ee6-9d4be682d84f","local_time":"20210113234010","is_ascension_mode":true,"campfire_choices":[{"data":"hubris:PowerSurge","floor":6,"key":"SMITH"},{"floor":12,"key":"REST"},{"floor":15,"key":"REST"},{"floor":23,"key":"REST"},{"data":"Storm","floor":30,"key":"SMITH"},{"floor":32,"key":"REST"},{"data":"Storm","floor":46,"key":"SMITH"}],"circlet_count":0,"master_deck":["AscendersBane","Strike_B","Strike_B","Strike_B","Defend_B","Defend_B","Defend_B+1","Defend_B","Zap","Dualcast","hubris:PowerSurge+1","Gash","Gash","Conserve Battery","Chill","Storm","Electrodynamics","AbeCurse","Barrage","Coolheaded","Gash+1","Ball Lightning+1","Machine Learning","Stack","Glacier","Cold Snap+1","Sweeping Beam","Storm+1","Echo Form","Echo Form","hubris:Ukulele","Thunder Strike","infinitespire:Gouge","Self Repair","Force Field","CurseOfTheBell","Parasite","Storm+1","Leap+1"],"relics":["infinitespire:DarkRift","Replay:WaspNest","Simple Rune","OrangePellets","hubris:Towel","hubris:OldNail","hubris:PeanutButter","Geode","infinitespire:Cubic Diamond","Happy Flower","Replay:Grab Bag","Replay:Wanted Poster","Abe\u0027s Treasure","hubris:Backtick","Replay:Bandana","Ring of Chaos","Orrery","Replay:Wax Seal","The Courier","hubris:Zylophone","infinitespire:Lucky Rock","infinitespire:SolderingIron","infinitespire:Joker Card","DollysMirror","StrikeDummy","Pondfish Scales","DataDisk","infinitespire:EvilPickle","Coffee Dripper","Du-Vu Doll","Calling Bell","MawBank","Carrot","hubris:AstralHammer","Blood Vial","Membership Card","hubris:TenFootPole","Ginger","MealTicket","Onion Ring","infinitespire:Beetle Shell","CeramicFish","Dream Catcher","hubris:BallOfYels","hubris:MobiusCoin","Incense Burner","Thread and Needle","Dead Branch","ReplayTheSpireMod:Ninjato"],"acts_visited":["Exordium","TheCity","TheBeyond"],"potions_floor_usage":[10,13,16,29,29,39,39,40],"damage_taken":[{"damage":1,"enemies":"Cultist","floor":1,"turns":3},{"damage":0,"enemies":"2 Louse","floor":4,"turns":2},{"damage":2,"enemies":"Small Slimes","floor":7,"turns":3},{"damage":10,"enemies":"Replay:BlueRogue","floor":8,"turns":4},{"damage":24,"enemies":"Lagavulin","floor":10,"turns":7},{"damage":0,"enemies":"Gremlin Nob","floor":13,"turns":3},{"damage":38,"enemies":"Hexaghost","floor":16,"turns":10},{"damage":35,"enemies":"Chosen","floor":18,"turns":5},{"damage":0,"enemies":"Shell Parasite","floor":21,"turns":5},{"damage":0,"enemies":"Replay:Snechameleon","floor":24,"turns":7},{"damage":0,"enemies":"Cultist and Chosen","floor":25,"turns":5},{"damage":6,"enemies":"Book of Stabbing","floor":27,"turns":6},{"damage":14,"enemies":"Colosseum Slavers","floor":29,"turns":5},{"damage":0,"enemies":"Colosseum Nobs","floor":29,"turns":4},{"damage":19,"enemies":"Replay:Snechameleon","floor":31,"turns":3},{"damage":10,"enemies":"Pondfish","floor":33,"turns":7},{"damage":0,"enemies":"Orb Walker","floor":35,"turns":3},{"damage":16,"enemies":"3 Darklings","floor":38,"turns":3},{"damage":5,"enemies":"Sphere and 2 Shapes","floor":39,"turns":3},{"damage":18,"enemies":"R_Hoarder","floor":40,"turns":6},{"damage":0,"enemies":"Writhing Mass","floor":42,"turns":3},{"damage":7,"enemies":"Jaw Worm Horde","floor":47,"turns":2},{"damage":0,"enemies":"Sphere and 2 Shapes","floor":48,"turns":2},{"damage":0,"enemies":"hubris:GrandSnecko","floor":50,"turns":2},{"damage":15,"enemies":"infinitespire:MassOfShapes","floor":51,"turns":1}],"seed_played":"-6094843083116400533","potions_obtained":[{"floor":4,"key":"ColorlessPotion"},{"floor":10,"key":"EssenceOfDarkness"},{"floor":13,"key":"DistilledChaos"},{"floor":21,"key":"FearPotion"},{"floor":25,"key":"Explosive Potion"},{"floor":31,"key":"Fire Potion"},{"floor":33,"key":"BlessingOfTheForge"},{"floor":39,"key":"FocusPotion"},{"floor":49,"key":"Death Potion"},{"floor":49,"key":"FearPotion"}],"is_trial":false,"path_per_floor":["M","?","?","M","$","R","M","E","T","E","?","R","E","?","R","B",null,"M","?","AVR","M","T","R","E","M","T","E","$","?","R","E","R","B",null,"M","?","?","M","M","E","AVR","M","T","NS","$","R","M","M","R_BF","B","B"],"character_chosen":"DEFECT","items_purchased":["hubris:PowerSurge","Replay:WaspNest","Simple Rune","OrangePellets","Gash","FIFO Queue+1","infinitespire:SolderingIron","infinitespire:Joker Card","DollysMirror","Echo Form","Membership Card","hubris:TenFootPole","Ginger","MealTicket","Onion Ring","infinitespire:Beetle Shell","CeramicFish","Dream Catcher","hubris:BallOfYels","hubris:MobiusCoin","Incense Burner","Thread and Needle","Dead Branch","ReplayTheSpireMod:Ninjato"],"campfire_rested":4,"item_purchase_floors":[0,0,0,0,0,5,28,28,28,28,45,45,45,45,45,45,45,45,45,45,45,45,45,45],"current_hp_per_floor":[63,63,63,63,63,63,61,51,51,27,27,48,48,48,69,31,61,26,40,40,40,40,61,61,61,61,55,55,41,41,22,43,33,62,62,45,45,29,24,6,6,6,6,6,6,6,1,3,3,12,0,0],"gold":178,"neow_bonus":"","is_daily":false,"chose_seed":false,"campfire_upgraded":3,"win_rate":0.0,"timestamp":1610606410,"path_taken":["M","?","?","M","$","R","M","E","T","E","?","R","E","?","R","BOSS","M","?","AVR","?","?","R","E","M","T","E","$","?","R","E","R","BOSS","M","?","?","M","M","E","AVR","M","T","NS","$","R","M","M","R_BF","BOSS","BOSS"],"items_purchased_type":["Card","Relic","Relic","Relic","Card","Card","Relic","Relic","Relic","Card","Relic","Relic","Relic","Relic","Relic","Relic","Relic","Relic","Relic","Relic","Relic","Relic","Relic","Relic"],"build_version":"2020-12-22","purchased_purges":1,"victory":false,"max_hp_per_floor":[71,71,71,71,71,71,71,71,71,71,71,71,71,71,71,71,71,71,71,71,71,71,71,71,71,71,71,71,71,71,71,71,71,71,71,71,71,71,71,71,71,71,71,71,71,71,71,71,71,71,71,71],"relic_stats":{"Blood Vial":36,"OrangePellets":[19],"Dream Catcher":0,"Happy Flower":[27],"counters":[25,104],"CeramicFish":9,"Dead Branch":[10],"MealTicket":0,"Ginger":[0],"MawBank":48,"obtain_stats":[{"hubris:BallOfYels":45,"CeramicFish":45,"infinitespire:Cubic Diamond":11,"Ginger":45,"Replay:Wanted Poster":17,"Blood Vial":43,"infinitespire:SolderingIron":28,"DollysMirror":28,"hubris:AstralHammer":41,"MealTicket":45,"Replay:Wax Seal":22,"hubris:MobiusCoin":45,"Happy Flower":13,"Replay:Grab Bag":17,"Dead Branch":45,"Ring of Chaos":17,"infinitespire:Beetle Shell":45,"hubris:Zylophone":26,"infinitespire:EvilPickle":33,"Du-Vu Doll":40,"OrangePellets":0,"Simple Rune":0,"hubris:PeanutButter":9,"Onion Ring":45,"hubris:TenFootPole":45,"StrikeDummy":29,"Abe\u0027s Treasure":17,"Carrot":41,"Incense Burner":45,"Replay:Bandana":17,"Dream Catcher":45,"hubris:Backtick":17,"Cracked Core":0,"ReplayTheSpireMod:Ninjato":45,"Thread and Needle":45,"Replay:WaspNest":0,"The Courier":24,"infinitespire:Joker Card":28,"Geode":10,"infinitespire:Lucky Rock":27,"hubris:Towel":3,"MawBank":41,"Calling Bell":41,"infinitespire:DarkRift":11,"Pondfish Scales":29,"DataDisk":31,"Orrery":20,"Coffee Dripper":34,"Membership Card":45,"hubris:OldNail":8},{"hubris:BallOfYels":21,"CeramicFish":21,"infinitespire:Cubic Diamond":5,"Ginger":21,"Replay:Wanted Poster":7,"Blood Vial":21,"infinitespire:SolderingIron":12,"DollysMirror":12,"hubris:AstralHammer":20,"MealTicket":21,"Replay:Wax Seal":9,"hubris:MobiusCoin":21,"Happy Flower":6,"Replay:Grab Bag":7,"Dead Branch":21,"Ring of Chaos":7,"infinitespire:Beetle Shell":21,"hubris:Zylophone":11,"infinitespire:EvilPickle":16,"Du-Vu Doll":20,"OrangePellets":0,"Simple Rune":0,"hubris:PeanutButter":4,"Onion Ring":21,"hubris:TenFootPole":21,"StrikeDummy":14,"Abe\u0027s Treasure":7,"Carrot":20,"Incense Burner":21,"Replay:Bandana":7,"Dream Catcher":21,"hubris:Backtick":7,"Cracked Core":0,"ReplayTheSpireMod:Ninjato":21,"Thread and Needle":21,"Replay:WaspNest":0,"The Courier":10,"infinitespire:Joker Card":12,"Geode":5,"infinitespire:Lucky Rock":12,"hubris:Towel":1,"MawBank":20,"Calling Bell":20,"infinitespire:DarkRift":5,"Pondfish Scales":14,"DataDisk":15,"Orrery":8,"Coffee Dripper":16,"Membership Card":21,"hubris:OldNail":4},{"hubris:BallOfYels":97,"CeramicFish":97,"infinitespire:Cubic Diamond":19,"Ginger":97,"Replay:Wanted Poster":32,"Blood Vial":97,"infinitespire:SolderingIron":60,"DollysMirror":60,"hubris:AstralHammer":94,"MealTicket":97,"Replay:Wax Seal":42,"hubris:MobiusCoin":97,"Happy Flower":22,"Replay:Grab Bag":32,"Dead Branch":97,"Ring of Chaos":32,"infinitespire:Beetle Shell":97,"hubris:Zylophone":54,"infinitespire:EvilPickle":79,"Du-Vu Doll":94,"OrangePellets":0,"Simple Rune":0,"hubris:PeanutButter":12,"Onion Ring":97,"hubris:TenFootPole":97,"StrikeDummy":69,"Abe\u0027s Treasure":32,"Carrot":94,"Incense Burner":97,"Replay:Bandana":32,"Dream Catcher":97,"hubris:Backtick":32,"Cracked Core":0,"ReplayTheSpireMod:Ninjato":97,"Thread and Needle":97,"Replay:WaspNest":0,"The Courier":49,"infinitespire:Joker Card":60,"Geode":19,"infinitespire:Lucky Rock":60,"hubris:Towel":3,"MawBank":94,"Calling Bell":94,"infinitespire:DarkRift":19,"Pondfish Scales":69,"DataDisk":72,"Orrery":37,"Coffee Dripper":79,"Membership Card":97,"hubris:OldNail":12}]},"card_choices":[{"not_picked":["Rebound","ReplayTheSpireMod:Reroute Power","Time Bomb"],"picked":"SKIP","floor":1},{"not_picked":["Stack","FIFO Queue"],"picked":"Conserve Battery","floor":4},{"not_picked":["Self Repair","ReplayTheSpireMod:Repulse"],"picked":"Chill","floor":7},{"not_picked":["Fission","Go for the Eyes","Hologram"],"picked":"SKIP","floor":8},{"not_picked":["ReplayTheSpireMod:Omega Cannon","Steam","Recycle"],"picked":"SKIP","floor":10},{"not_picked":["Blizzard","FTL"],"picked":"Storm","floor":13},{"not_picked":["hubris:Prefetch","Mirror Shield"],"picked":"Electrodynamics","floor":16},{"not_picked":["Hologram","Conserve Battery"],"picked":"Barrage","floor":18},{"not_picked":["Turbo","Streamline"],"picked":"Coolheaded","floor":20},{"not_picked":["Go for the Eyes","Leap"],"picked":"Gash+1","floor":20},{"not_picked":["Capacitor","BasicCrystalCard"],"picked":"Ball Lightning+1","floor":20},{"not_picked":["Leap","Redo"],"picked":"Machine Learning","floor":20},{"not_picked":["BasicCrystalCard","Tempest"],"picked":"Stack","floor":20},{"not_picked":["Fusion","Redo","Tempest"],"picked":"SKIP","floor":21},{"not_picked":["Skim","Beam Cell"],"picked":"Glacier","floor":24},{"not_picked":["Redo","Conserve Battery"],"picked":"Cold Snap+1","floor":25},{"not_picked":["Lockon","Leap"],"picked":"Sweeping Beam","floor":27},{"not_picked":["ReplayTheSpireMod:Reroute Power","Go for the Eyes"],"picked":"hubris:Ukulele","floor":31},{"not_picked":["ReplayRNGCard","Echo Form"],"picked":"Thunder Strike","floor":33},{"not_picked":["ReplaySort","Streamline","Conserve Battery"],"picked":"SKIP","floor":35},{"not_picked":["infinitespire:DeathsTouch","ReplayTheSpireMod:Echoes of Time"],"picked":"infinitespire:Gouge","floor":36},{"not_picked":["ReplaySort+1","Turbo","FIFO Queue"],"picked":"SKIP","floor":38},{"not_picked":["Leap","Stack"],"picked":"Self Repair","floor":39},{"not_picked":["Coolheaded","FTL"],"picked":"Force Field","floor":40},{"not_picked":["Compile Driver","Scrape"],"picked":"Storm","floor":42},{"not_picked":["Consume","Beam Cell","ReplayTheSpireMod:Calculation Training"],"picked":"SKIP","floor":47},{"not_picked":["Skim","Streamline"],"picked":"Leap+1","floor":48}],"player_experience":1105166,"relics_obtained":[{"floor":8,"key":"hubris:OldNail"},{"floor":9,"key":"hubris:PeanutButter"},{"floor":10,"key":"Geode"},{"floor":13,"key":"Happy Flower"},{"floor":22,"key":"Replay:Wax Seal"},{"floor":24,"key":"The Courier"},{"floor":26,"key":"hubris:Zylophone"},{"floor":27,"key":"infinitespire:Lucky Rock"},{"floor":29,"key":"StrikeDummy"},{"floor":29,"key":"Pondfish Scales"},{"floor":31,"key":"DataDisk"},{"floor":40,"key":"Du-Vu Doll"},{"floor":41,"key":"MawBank"},{"floor":41,"key":"Carrot"},{"floor":41,"key":"hubris:AstralHammer"},{"floor":43,"key":"Blood Vial"}],"event_choices":[{"damage_healed":0,"gold_gain":150,"player_choice":"AGREE","damage_taken":0,"max_hp_gain":0,"max_hp_loss":0,"event_name":"Liars Game","floor":14,"gold_loss":0,"cards_obtained":["Doubt"]},{"damage_healed":14,"gold_gain":0,"player_choice":"Heal","damage_taken":0,"max_hp_gain":0,"max_hp_loss":0,"event_name":"The Library","floor":19,"gold_loss":0},{"damage_healed":0,"gold_gain":0,"player_choice":"Fight","damage_taken":0,"max_hp_gain":0,"max_hp_loss":0,"event_name":"Colosseum","floor":29,"gold_loss":0},{"damage_healed":0,"gold_gain":0,"player_choice":"Fought Nobs","damage_taken":0,"max_hp_gain":0,"max_hp_loss":0,"event_name":"Colosseum","floor":29,"gold_loss":0},{"damage_healed":0,"gold_gain":0,"player_choice":"Bought 1 Potion","damage_taken":0,"max_hp_gain":0,"max_hp_loss":0,"event_name":"The Woman in Blue","floor":37,"gold_loss":0}],"is_beta":false,"boss_relics":[{"not_picked":["Nuclear Battery","Black Star"],"picked":"Replay:Grab Bag"},{"not_picked":["Ectoplasm","ReplayTheSpireMod:DimensionalGlitch"],"picked":"Replay:Wanted Poster"},{"not_picked":["infinitespire:Cupcake","hubris:GrandSneckoEye"],"picked":"Abe\u0027s Treasure"},{"not_picked":["hubris:ScarierMask","Snecko Eye"],"picked":"hubris:Backtick"},{"not_picked":["ReplayTheSpireMod:SealedPack","Inserter"],"picked":"Ring of Chaos"},{"not_picked":["Painkiller Herb","Runic Pyramid"],"picked":"Coffee Dripper"}],"items_purged_floors":[20],"is_endless":false,"potions_floor_spawned":[4,10,13,21,25,31,33,35,38,39],"killed_by":"infinitespire:MassOfShapes","ascension_level":20}}