{"host":"tnsigirk6wurdark","time":1610588128,"event":{"mods":["BaseMod","Colored Map","Colored Powertips","Highlight Path","Minty Spire (QoL Compilation)","Quick Restart","Relic Sorter","StSLib","Synergy Search"],"gold_per_floor":[112,124,124,57,75,95,95,95,95],"floor_reached":8,"language":"ENG","playtime":2179,"items_purged":[],"score":86,"play_id":"cdeb5201-9fa7-453d-b225-55f983c99abe","local_time":"20210114013528","is_ascension_mode":true,"campfire_choices":[{"data":"Acrobatics","floor":7,"key":"SMITH"}],"circlet_count":0,"master_deck":["AscendersBane","Strike_G","Strike_G","Strike_G","Strike_G","Strike_G","Defend_G","Defend_G","Defend_G","Defend_G","Defend_G","Survivor","Neutralize","CurseOfTheBell","Quick Slash","Injury","Acrobatics+1"],"relics":["Calling Bell","Golden Idol","Strawberry","Darkstone Periapt","StoneCalendar","Tiny Chest"],"acts_visited":["Exordium"],"potions_floor_usage":[8],"damage_taken":[{"damage":7,"enemies":"Jaw Worm","floor":1,"turns":7},{"damage":13,"enemies":"Small Slimes","floor":2,"turns":7},{"damage":7,"enemies":"Cultist","floor":5,"turns":5},{"damage":1,"enemies":"Exordium Wildlife","floor":6,"turns":5},{"damage":69,"enemies":"Gremlin Nob","floor":8,"turns":5}],"seed_played":"8129745969020614902","potions_obtained":[{"floor":2,"key":"DistilledChaos"}],"is_trial":false,"path_per_floor":["M","M","?","?","M","M","R","E"],"character_chosen":"THE_SILENT","items_purchased":[],"campfire_rested":0,"item_purchase_floors":[],"current_hp_per_floor":[59,46,52,52,45,44,44,0,0],"gold":95,"neow_bonus":"BOSS_RELIC","is_daily":false,"chose_seed":false,"campfire_upgraded":1,"win_rate":0.0,"timestamp":1610588128,"path_taken":["M","M","?","?","?","M","R","E"],"items_purchased_type":[],"build_version":"2020-12-22","purchased_purges":0,"victory":false,"max_hp_per_floor":[73,73,79,79,79,79,79,79,79],"card_choices":[{"not_picked":["Underhanded Strike","Prepared","Noxious Fumes"],"picked":"SKIP","floor":1},{"not_picked":["Slice","Backflip"],"picked":"Quick Slash","floor":2},{"not_picked":["Dagger Spray","Blade Dance"],"picked":"Acrobatics","floor":5},{"not_picked":["Endless Agony","Acrobatics","Deflect"],"picked":"SKIP","floor":6}],"player_experience":730776,"relics_obtained":[{"floor":0,"key":"Strawberry"},{"floor":0,"key":"Darkstone Periapt"},{"floor":0,"key":"StoneCalendar"}],"event_choices":[{"damage_healed":0,"gold_gain":0,"player_choice":"Take Wound","damage_taken":0,"relics_obtained":["Golden Idol"],"max_hp_gain":0,"max_hp_loss":0,"event_name":"Golden Idol","floor":3,"gold_loss":0,"cards_obtained":["Injury"]},{"damage_healed":0,"gold_gain":0,"player_choice":"Paid Gold","damage_taken":0,"relics_obtained":["Tiny Chest"],"max_hp_gain":0,"max_hp_loss":0,"event_name":"WeMeetAgain","floor":4,"gold_loss":67}],"is_beta":false,"boss_relics":[],"items_purged_floors":[],"is_endless":false,"potions_floor_spawned":[2],"killed_by":"Gremlin Nob","ascension_level":16}}