{"host":"00tqcjwpycel7e54","time":1610639046,"event":{"mods":["ATMod(阿瑾Mod)","Act Like it!","BaseMod","Colored Powertips","Decade(王小明)","Hermit","Highlight Path","Hubris","Luminous","Marisa（F雨　魔理沙）","Minty Spire (QoL Compilation)","Reimu（博丽灵梦）","Remilia（蕾米莉亚）","Robot Space Explorer","SOS（斯巴达之子）","Shop Mod","Spicy Shops","StSLib","The Administrix","The Animator","The Bug Knight","The Construct","The Cursed","The Gatherer","The Hierophant","The Mystic","The Runesmith","The Servant 0.9.4","WarShipGirlsR/战舰少女R mod","Youmu（魂魄妖梦）","Yuyuko","vexMod","【遗物卡牌】REMEMod"],"gold_per_floor":[111,128,128,141,141,141,171,190,190,42,69,69,79,254,254,254,254],"floor_reached":16,"language":"ZHS","playtime":950,"items_purged":[],"score":110,"play_id":"f0835d7e-d572-4ccb-9d5c-de9528d11f13","local_time":"20210114234406","is_ascension_mode":false,"campfire_choices":[{"data":"AT_PowerWithin","floor":6.0,"key":"SMITH"},{"floor":15,"key":"REST"}],"circlet_count":0,"master_deck":["Strike_YM","Strike_YM","Strike_YM","Strike_YM","Defend_YM","Defend_YM","Defend_YM","SlashOfPresentWorld","WheelOfPainOfLivingAndDead","AT_PowerWithin+1","HellFireSword","SlashOfMeditation","StrangeHalfBody","CrescentMoonSlash","SlashOfDepartureFromHesitation","TransmigrationSlash","HumanGodSword","SwordOfBindingDesires","IrresoluteSoul","Doubt"],"relics":["HalfPhantom","AT_ATBox","REME_ComplimentaryCards","Nunchaku","vexMod:Dragonfruit","Sling","Prayer Wheel","hubris:Towel"],"acts_visited":["Exordium"],"potions_floor_usage":[],"damage_taken":[{"damage":2.0,"enemies":"2 Louse","floor":1.0,"turns":3.0},{"damage":3.0,"enemies":"Jaw Worm","floor":2.0,"turns":5.0},{"damage":0.0,"enemies":"Cultist","floor":4.0,"turns":5.0},{"damage":13.0,"enemies":"Lagavulin","floor":7.0,"turns":10.0},{"damage":12.0,"enemies":"Blue Slaver","floor":8.0,"turns":3.0},{"damage":19.0,"enemies":"Gremlin Nob","floor":11.0,"turns":4.0},{"damage":3,"enemies":"Looter","floor":13,"turns":3},{"damage":18,"enemies":"Hexaghost","floor":16,"turns":4}],"seed_played":"7310906043462029574","potions_obtained":[{"floor":7.0,"key":"Weak Potion"},{"floor":11,"key":"Regen Potion"}],"is_trial":false,"path_per_floor":["M","M","?","M","?","R","E","M","T","$","E","?","M","?","R","B"],"character_chosen":"YOUMU","items_purchased":["Sling"],"campfire_rested":1,"item_purchase_floors":[10],"current_hp_per_floor":[73,70,70,70,63,63,50,38,43,43,24,24,21,21,45,27,27],"gold":254,"neow_bonus":"RANDOM_COLORLESS","is_daily":false,"chose_seed":false,"campfire_upgraded":1,"win_rate":0.0,"timestamp":1610639046,"path_taken":["M","M","?","?","?","R","E","M","T","$","E","?","M","?","R","BOSS"],"items_purchased_type":["Relic"],"build_version":"2020-12-22","purchased_purges":0,"victory":false,"max_hp_per_floor":[75,75,75,75,75,75,75,75,80,80,80,80,80,80,80,80,80],"card_choices":[{"not_picked":["Blind","Panacea"],"picked":"AT_PowerWithin","floor":0.0},{"not_picked":["HeavenlyHaloSlash","SlashOfMeditation"],"picked":"HellFireSword","floor":1.0},{"not_picked":["SlashOfDelusionalInnerEye","TwoHundredYojanaInOneSlash"],"picked":"SlashOfMeditation","floor":2.0},{"not_picked":[],"picked":"StrangeHalfBody","floor":3.0},{"not_picked":["HumanKnowledgeSword","FlashingScatteredFlowers"],"picked":"CrescentMoonSlash","floor":4.0},{"not_picked":["HumanGodSword","BloodOfAsura"],"picked":"SlashOfDepartureFromHesitation","floor":7.0},{"not_picked":["PretaSword","DoubleWheelOfPain"],"picked":"TransmigrationSlash","floor":8.0},{"not_picked":["CherryBlossomFlashing","StrangeHalfBody"],"picked":"HumanGodSword","floor":11},{"not_picked":["SanzenSekai","SlashOfMeditation"],"picked":"SwordOfBindingDesires","floor":13},{"not_picked":["IrresoluteSoul","ThoughtCuttingSword","DispleasureOfTheSevenHakus"],"picked":"SKIP","floor":13},{"not_picked":["ThoughtCuttingSword","DispleasureOfTheSevenHakus"],"picked":"IrresoluteSoul","floor":13}],"player_experience":715932,"relics_obtained":[{"floor":7.0,"key":"Nunchaku"},{"floor":9.0,"key":"vexMod:Dragonfruit"},{"floor":11,"key":"Prayer Wheel"}],"event_choices":[{"cards_removed":["Defend_YM"],"damage_healed":0.0,"max_hp_gain":0.0,"max_hp_loss":0.0,"gold_gain":0.0,"event_name":"Golden Wing","player_choice":"Card Removal","floor":5.0,"gold_loss":0.0,"damage_taken":7.0},{"damage_healed":0,"gold_gain":175,"player_choice":"AGREE","damage_taken":0,"max_hp_gain":0,"max_hp_loss":0,"event_name":"Liars Game","floor":14,"gold_loss":0,"cards_obtained":["Doubt"]}],"is_beta":false,"boss_relics":[],"items_purged_floors":[],"is_endless":false,"potions_floor_spawned":[7,11],"killed_by":"Hexaghost","ascension_level":0}}