{"host":"bcpymmgxdm3pkqi5","time":1610596212,"event":{"mods":["AchievementEnabler","Aspiration","Astrologer","BaseMod","Colored Map","Conspire","Defuse TimeMaze Blight","Dio Mod","Energized Spire","GifTheSpireLib","Gremlin Mod","Halation","Hero for Fun","Hubris","Infinite Spire","Minty Spire (QoL Compilation)","Quick Restart","Random Character Button","Relic Sorter","Replay The Spire","Shop Mod","StSLib","Stuff the Spire","The Animator","The Bladedancer","The Bug Knight","The Exalted","The Forsaken","The Saiyan","TheHeartMod","Yuri Mod","vexMod"],"gold_per_floor":[116,116,116,133,133,133,163,163,190,190,214,214,240,78,78,153,153,169,169,183,183,183],"floor_reached":21,"playtime":2349,"items_purged":[],"score":400,"play_id":"cc7bc2f8-1279-4c92-afa8-cbd718b8af8a","local_time":"20210113225012","is_ascension_mode":true,"campfire_choices":[{"data":"animator:Demiurge","floor":6,"key":"SMITH"},{"data":"animator:Cocytus","floor":8,"key":"SMITH"},{"data":"animator:Sebas","floor":15,"key":"SMITH"}],"circlet_count":0,"master_deck":["AscendersBane","animator:Strike_Overlord+1","animator:Defend_Overlord+1","animator:Strike","animator:Strike","animator:Strike","animator:Defend","animator:Defend","animator:Defend","animator:Cocytus+1","animator:Demiurge+1","animator:Sebas+1","animator:Saber+1","animator:Spearman+1"],"relics":["animator:LivingPicture","animator:TheMissingPiece","animator:PurgingStone","NeowsBlessing","Ancient Tea Set","Replay:Mystery Machine","Simple Rune","Odd Mushroom","Mercury Hourglass","animator:ShionDessert","Bromod:ArcaneGrace"],"acts_visited":["Exordium","TheCity"],"potions_floor_usage":[11,16],"damage_taken":[{"damage":0,"enemies":"Small Slimes","floor":1,"turns":2},{"damage":0,"enemies":"Cultist","floor":4,"turns":1},{"damage":0,"enemies":"3 Sentries","floor":7,"turns":1},{"damage":11,"enemies":"The Mushroom Lair","floor":11,"turns":4},{"damage":2,"enemies":"Jaw Worm","floor":13,"turns":3},{"damage":20,"enemies":"Slime Boss","floor":16,"turns":9},{"damage":31,"enemies":"Spheric Guardian","floor":18,"turns":6},{"damage":8,"enemies":"3 Byrds","floor":20,"turns":2},{"damage":18,"enemies":"Shelled Parasite and Fungi","floor":21,"turns":1}],"seed_played":"-6476775887940116409","potions_obtained":[{"floor":3,"key":"DuplicationPotion"},{"floor":3,"key":"Doom Potion"},{"floor":13,"key":"Explosive Potion"},{"floor":18,"key":"Doom Potion"}],"is_trial":false,"path_per_floor":["M","$","?","M","?","R","E","R","T","?","?","?","M","$","R","B",null,"M","?","M","M"],"character_chosen":"THE_ANIMATOR","items_purchased":["animator:ShionDessert"],"campfire_rested":0,"item_purchase_floors":[14],"current_hp_per_floor":[54,54,54,54,49,49,49,49,49,59,48,48,46,46,46,26,52,26,26,18,0,0],"gold":183,"neow_bonus":"THREE_ENEMY_KILL","is_daily":false,"chose_seed":false,"campfire_upgraded":3,"win_rate":0.0,"timestamp":1610596212,"path_taken":["M","$","?","?","?","R","E","R","T","?","?","?","?","?","R","BOSS","M","?","?","M"],"items_purchased_type":["Relic"],"build_version":"2020-12-22","purchased_purges":0,"victory":false,"max_hp_per_floor":[60,60,60,60,60,60,60,60,60,60,60,60,60,60,60,60,60,60,60,60,60,60],"card_choices":[{"not_picked":["animator:Mikaela","animator:Caster","animator:Pride"],"picked":"SKIP","floor":1},{"not_picked":["animator:Hakurou","animator:Kazuma","animator:Shuna"],"picked":"SKIP","floor":4},{"not_picked":["animator:ElricAlphonse","animator:Mitsuba","animator:Shigure"],"picked":"SKIP","floor":7},{"not_picked":["animator:Cocytus","animator:Evileye"],"picked":"animator:Sebas","floor":13},{"not_picked":["animator:GoblinSlayer","animator:Hans"],"picked":"animator:Saber","floor":16},{"not_picked":["animator:LizardPriest+1","animator:Hakurou"],"picked":"animator:Spearman+1","floor":18},{"not_picked":["animator:Mitsuba","animator:Lancer+1","animator:ElricAlphonse"],"picked":"SKIP","floor":20}],"player_experience":1361522,"relics_obtained":[{"floor":7,"key":"Replay:Mystery Machine"},{"floor":9,"key":"Simple Rune"},{"floor":11,"key":"Odd Mushroom"},{"floor":12,"key":"Mercury Hourglass"}],"event_choices":[{"damage_healed":0,"gold_gain":0,"player_choice":"Got Potions","damage_taken":0,"max_hp_gain":0,"max_hp_loss":0,"event_name":"Lab","floor":3,"gold_loss":0},{"damage_healed":0,"gold_gain":0,"player_choice":"Success","damage_taken":5,"relics_obtained":["Ancient Tea Set"],"max_hp_gain":0,"max_hp_loss":0,"event_name":"Scrap Ooze","floor":5,"gold_loss":0},{"damage_healed":0,"gold_gain":0,"player_choice":"Fought Mushrooms","damage_taken":0,"max_hp_gain":0,"max_hp_loss":0,"event_name":"Mushrooms","floor":11,"gold_loss":0},{"damage_healed":0,"gold_gain":0,"player_choice":"Forge","damage_taken":0,"max_hp_gain":0,"max_hp_loss":0,"event_name":"Accursed Blacksmith","floor":19,"gold_loss":0,"cards_upgraded":["animator:Saber"]}],"is_beta":false,"boss_relics":[{"not_picked":["Coffee Dripper","infinitespire:Cupcake"],"picked":"Bromod:ArcaneGrace"}],"items_purged_floors":[],"is_endless":false,"potions_floor_spawned":[7,13,18,20],"killed_by":"Shelled Parasite and Fungi","ascension_level":20}}