{"host":"x205naxbihvu3p76","time":1610627294,"event":{"mods":["AchievementEnabler","BaseMod","Minty Spire (QoL Compilation)","StSLib","SuperFastMode"],"gold_per_floor":[114,129,144,159,39,69,84,99,124,124,139,139,114,129,129,229,229,244,259,274,289,39,39,54,54,79,79,94,193,193,223,223,323,323,338,353,368,383,398,398,428,428,478,493,508,533,83,83,83,83],"floor_reached":51,"language":"KOR","playtime":1711,"items_purged":[],"score":857,"play_id":"23040c21-48d3-4d97-aba7-edfcdb24dc26","local_time":"20210114212814","daily_mods":["Insanity","Uncertain Future","Binary"],"is_ascension_mode":false,"campfire_choices":[{"data":"Adrenaline","floor":12,"key":"SMITH"},{"floor":15,"key":"REST"},{"data":"Malaise","floor":23,"key":"SMITH"},{"floor":27,"key":"REST"},{"floor":32,"key":"REST"},{"floor":40,"key":"REST"},{"data":"Tactician","floor":42,"key":"SMITH"},{"floor":49,"key":"REST"}],"circlet_count":0,"master_deck":["Dash","Sucker Punch","Accuracy","Distraction","Deadly Poison","Terror","Poisoned Stab","Distraction","Blade Dance","Dagger Throw","Dodge and Roll","Concentrate","Crippling Poison","Acrobatics","Distraction","Dash","Skewer","Expertise","Deflect","Heel Hook","Deadly Poison","Deflect","Acrobatics","PiercingWail","Dodge and Roll","Distraction","Dodge and Roll","Cloak And Dagger","Outmaneuver","Leg Sweep","Bane","Prepared","Catalyst","Blade Dance","Acrobatics","Prepared","All Out Attack","Backflip","Reflex","Predator","Dagger Spray","Catalyst","Slice","Tactician+1","Eviscerate","PiercingWail","Well Laid Plans","Deadly Poison","Blade Dance","PiercingWail","Acrobatics","Blade Dance","Accuracy","Underhanded Strike","Finisher","Adrenaline+1","Calculated Gamble","Blade Dance","Malaise+1","Blade Dance+1","Slice","Doppelganger","CurseOfTheBell","Cloak And Dagger+1","Well Laid Plans+1","Leg Sweep+1"],"relics":["Ring of the Snake","Regal Pillow","Oddly Smooth Stone","Smiling Mask","Sozu","Ninja Scroll","Ancient Tea Set","Strawberry","Calling Bell","Bag of Preparation","Letter Opener","Gambling Chip","Snake Skull","Lantern","Potion Belt","HandDrill","TungstenRod"],"acts_visited":["TheCity","TheBeyond"],"potions_floor_usage":[6,16,16,50],"damage_taken":[{"damage":2,"enemies":"Cultist","floor":1,"turns":3},{"damage":0,"enemies":"2 Louse","floor":2,"turns":1},{"damage":7,"enemies":"Small Slimes","floor":3,"turns":3},{"damage":0,"enemies":"Blue Slaver","floor":4,"turns":3},{"damage":10,"enemies":"Lagavulin","floor":6,"turns":5},{"damage":0,"enemies":"3 Louse","floor":7,"turns":2},{"damage":3,"enemies":"Gremlin Gang","floor":8,"turns":3},{"damage":0,"enemies":"Red Slaver","floor":11,"turns":4},{"damage":1,"enemies":"Blue Slaver","floor":14,"turns":2},{"damage":10,"enemies":"Slime Boss","floor":16,"turns":7},{"damage":0,"enemies":"Chosen","floor":18,"turns":3},{"damage":6,"enemies":"2 Thieves","floor":19,"turns":4},{"damage":9,"enemies":"Centurion and Healer","floor":20,"turns":5},{"damage":13,"enemies":"Snake Plant","floor":21,"turns":5},{"damage":11,"enemies":"Sentry and Sphere","floor":24,"turns":5},{"damage":0,"enemies":"Snecko","floor":28,"turns":2},{"damage":19,"enemies":"Slavers","floor":31,"turns":3},{"damage":47,"enemies":"Champ","floor":33,"turns":10},{"damage":18,"enemies":"3 Darklings","floor":35,"turns":5},{"damage":0,"enemies":"3 Shapes","floor":36,"turns":5},{"damage":16,"enemies":"Jaw Worm Horde","floor":37,"turns":3},{"damage":3,"enemies":"Spire Growth","floor":38,"turns":4},{"damage":0,"enemies":"Transient","floor":39,"turns":5},{"damage":0,"enemies":"Reptomancer","floor":41,"turns":8},{"damage":10,"enemies":"Sphere and 2 Shapes","floor":44,"turns":3},{"damage":0,"enemies":"Jaw Worm Horde","floor":45,"turns":3},{"damage":59,"enemies":"Donu and Deca","floor":50,"turns":8}],"seed_played":"-4891952413640654339","potions_obtained":[{"floor":1,"key":"Dexterity Potion"},{"floor":2,"key":"SteroidPotion"},{"floor":4,"key":"Poison Potion"},{"floor":7,"key":"SmokeBomb"},{"floor":16,"key":"SpeedPotion"}],"is_trial":false,"path_per_floor":["M","M","M","M","$","E","M","M","T","?","M","R","$","M","R","B",null,"M","M","M","M","$","R","M","?","T","R","M","?","?","E","R","B",null,"M","M","M","M","M","R","E","R","T","M","M","T","$","?","R","B",null],"character_chosen":"THE_SILENT","items_purchased":["Accuracy","Underhanded Strike","Blade Dance","Ninja Scroll","HandDrill","TungstenRod"],"campfire_rested":5,"item_purchase_floors":[5,5,13,22,47,47],"current_hp_per_floor":[68,68,61,61,61,51,51,48,48,36,36,36,36,35,70,60,70,70,64,55,42,42,42,31,31,31,67,67,67,67,55,77,30,77,59,59,43,40,40,77,77,77,77,67,67,67,67,67,77,18],"gold":83,"neow_bonus":"","is_daily":true,"chose_seed":false,"campfire_upgraded":3,"win_rate":0.0,"timestamp":1610627294,"path_taken":["M","M","M","?","?","E","M","M","T","?","M","R","$","M","R","BOSS","M","M","M","M","$","R","M","?","T","R","M","?","?","E","R","BOSS","M","M","?","M","M","R","E","R","T","M","M","?","$","?","R","BOSS"],"items_purchased_type":["Card","Card","Card","Relic","Relic","Relic"],"build_version":"2020-12-22","purchased_purges":0,"victory":true,"max_hp_per_floor":[70,70,70,70,70,70,70,70,70,70,70,70,70,70,70,70,70,70,70,70,70,70,70,70,70,70,70,70,70,70,77,77,77,77,77,77,77,77,77,77,77,77,77,77,77,77,77,77,77,77],"card_choices":[{"not_picked":["Dodge and Roll"],"picked":"Blade Dance","floor":1},{"not_picked":["Sucker Punch","PiercingWail"],"picked":"SKIP","floor":2},{"not_picked":["Sucker Punch"],"picked":"PiercingWail","floor":2},{"not_picked":["Underhanded Strike"],"picked":"Acrobatics","floor":3},{"not_picked":["Flying Knee"],"picked":"Blade Dance","floor":4},{"not_picked":["PiercingWail"],"picked":"Finisher","floor":6},{"not_picked":["Dagger Throw","Crippling Poison"],"picked":"SKIP","floor":7},{"not_picked":["Prepared"],"picked":"Adrenaline","floor":8},{"not_picked":["Cloak And Dagger"],"picked":"Calculated Gamble","floor":11},{"not_picked":["Prepared","Calculated Gamble"],"picked":"SKIP","floor":14},{"not_picked":["Night Terror"],"picked":"Malaise","floor":16},{"not_picked":["Sucker Punch+1","Deadly Poison+1"],"picked":"SKIP","floor":18},{"not_picked":["Outmaneuver","Unload"],"picked":"SKIP","floor":19},{"not_picked":["Sucker Punch","Prepared"],"picked":"SKIP","floor":20},{"not_picked":["Dodge and Roll","Deflect"],"picked":"SKIP","floor":21},{"not_picked":["Flying Knee"],"picked":"Blade Dance+1","floor":24},{"not_picked":["Flying Knee","Infinite Blades"],"picked":"SKIP","floor":28},{"not_picked":["Dagger Throw","Prepared"],"picked":"SKIP","floor":31},{"not_picked":["Storm of Steel"],"picked":"Doppelganger","floor":33},{"not_picked":["Quick Slash+1","Backstab+1"],"picked":"SKIP","floor":35},{"not_picked":["Dodge and Roll","Masterful Stab+1"],"picked":"SKIP","floor":36},{"not_picked":["Calculated Gamble"],"picked":"Cloak And Dagger+1","floor":37},{"not_picked":["Caltrops","Flying Knee"],"picked":"SKIP","floor":38},{"not_picked":["Quick Slash"],"picked":"Well Laid Plans+1","floor":39},{"not_picked":["Poisoned Stab","Tactician"],"picked":"SKIP","floor":41},{"not_picked":["Deflect+1"],"picked":"Leg Sweep+1","floor":44},{"not_picked":["Escape Plan","Crippling Poison"],"picked":"SKIP","floor":45}],"player_experience":974549,"relics_obtained":[{"floor":6,"key":"Regal Pillow"},{"floor":9,"key":"Oddly Smooth Stone"},{"floor":26,"key":"Ancient Tea Set"},{"floor":31,"key":"Strawberry"},{"floor":34,"key":"Bag of Preparation"},{"floor":34,"key":"Letter Opener"},{"floor":34,"key":"Gambling Chip"},{"floor":41,"key":"Snake Skull"},{"floor":43,"key":"Lantern"},{"floor":46,"key":"Potion Belt"}],"event_choices":[{"damage_healed":0,"gold_gain":0,"player_choice":"Success","damage_taken":12,"relics_obtained":["Smiling Mask"],"max_hp_gain":0,"max_hp_loss":0,"event_name":"Scrap Ooze","floor":10,"gold_loss":0},{"damage_healed":0,"gold_gain":0,"player_choice":"Ignored","damage_taken":0,"max_hp_gain":0,"max_hp_loss":0,"event_name":"Ghosts","floor":25,"gold_loss":0},{"damage_healed":0,"gold_gain":99,"player_choice":"Stole From Cult","damage_taken":0,"max_hp_gain":0,"max_hp_loss":0,"event_name":"Nest","floor":29,"gold_loss":0},{"damage_healed":0,"gold_gain":0,"cards_transformed":["Backstab"],"player_choice":"Transformed","damage_taken":0,"max_hp_gain":0,"max_hp_loss":0,"event_name":"Transmorgrifier","floor":30,"gold_loss":0,"cards_obtained":["Slice"]},{"cards_removed":["Flying Knee"],"damage_healed":0,"gold_gain":0,"player_choice":"Removed Attack","damage_taken":0,"max_hp_gain":0,"max_hp_loss":0,"event_name":"Falling","floor":48,"gold_loss":0}],"is_beta":false,"boss_relics":[{"not_picked":["SacredBark","Ectoplasm"],"picked":"Sozu"},{"not_picked":["Empty Cage","SlaversCollar"],"picked":"Calling Bell"}],"items_purged_floors":[],"is_endless":false,"potions_floor_spawned":[1,2,4,7,11,16,20,21,31,33,35,36,39,45],"ascension_level":0}}