{"host":"wwo1kwxjf4eyz37q","time":1610637260,"event":{"mods":["AchievementEnabler","BaseMod","Colored Map","Minty Spire (QoL Compilation)","Quick Restart","SuperFastMode"],"gold_per_floor":[117,130,147,167,187,187,213,50,73,93,93,109,109,137,137,214,214,224,244,261,59,79,79,79,79],"floor_reached":24,"language":"KOR","playtime":911,"items_purged":["Strike_R"],"score":392,"play_id":"ac4258b6-9343-47d2-8711-1c2e64e4519a","local_time":"20210115001420","is_ascension_mode":true,"campfire_choices":[{"data":"Armaments","floor":6.0,"key":"SMITH"},{"data":"Heavy Blade","floor":15.0,"key":"SMITH"},{"floor":23,"key":"REST"}],"circlet_count":0,"master_deck":["AscendersBane","Strike_R","Strike_R","Strike_R","Defend_R","Defend_R","Defend_R","Defend_R","Bash","Body Slam","Pommel Strike","Shrug It Off","Shrug It Off","Armaments+1","Battle Trance","Heavy Blade+1","Barricade","Disarm","True Grit","Whirlwind","True Grit","Heavy Blade","Sword Boomerang"],"relics":["Burning Blood","TungstenRod","Dream Catcher","Brimstone","Orichalcum","Lantern","Sozu"],"acts_visited":["Exordium","TheCity"],"potions_floor_usage":[],"damage_taken":[{"damage":8.0,"enemies":"Jaw Worm","floor":1.0,"turns":4.0},{"damage":9.0,"enemies":"2 Louse","floor":2.0,"turns":3.0},{"damage":5.0,"enemies":"Cultist","floor":3.0,"turns":4.0},{"damage":29.0,"enemies":"Exordium Thugs","floor":4.0,"turns":5.0},{"damage":7.0,"enemies":"Looter","floor":5.0,"turns":4.0},{"damage":30.0,"enemies":"Gremlin Nob","floor":7.0,"turns":5.0},{"damage":4.0,"enemies":"Gremlin Gang","floor":10.0,"turns":4.0},{"damage":0.0,"enemies":"Exordium Wildlife","floor":12.0,"turns":3.0},{"damage":6.0,"enemies":"3 Sentries","floor":14.0,"turns":7.0},{"damage":23.0,"enemies":"Hexaghost","floor":16.0,"turns":7.0},{"damage":0.0,"enemies":"Chosen","floor":18.0,"turns":3.0},{"damage":23.0,"enemies":"3 Byrds","floor":19.0,"turns":4.0},{"damage":22,"enemies":"Cultist and Chosen","floor":20,"turns":5},{"damage":21,"enemies":"Sentry and Sphere","floor":22,"turns":4},{"damage":27,"enemies":"Slavers","floor":24,"turns":2}],"seed_played":"-8799222605470808464","potions_obtained":[{"floor":3.0,"key":"Weak Potion"},{"floor":4.0,"key":"LiquidBronze"},{"floor":5.0,"key":"LiquidBronze"}],"is_trial":false,"path_per_floor":["M","M","M","M","M","R","E","$","T","M","?","M","?","E","R","B",null,"M","M","M","$","M","R","E"],"character_chosen":"IRONCLAD","items_purchased":["Brimstone","Whirlwind","True Grit"],"campfire_rested":1,"item_purchase_floors":[8,21,21],"current_hp_per_floor":[66,63,64,41,40,40,16,16,16,18,18,24,24,24,24,7,53,59,42,26,26,11,31,4,4],"gold":79,"neow_bonus":"ONE_RARE_RELIC","is_daily":false,"chose_seed":false,"campfire_upgraded":2,"win_rate":0.0,"timestamp":1610637260,"path_taken":["M","M","M","M","M","R","E","$","T","M","?","M","?","E","R","BOSS","M","M","M","$","M","R","E"],"items_purchased_type":["Relic","Card","Card"],"build_version":"2020-12-22","purchased_purges":1,"victory":false,"max_hp_per_floor":[68,68,68,68,68,68,68,68,68,68,68,68,68,68,68,68,68,68,68,68,68,68,68,68,68],"card_choices":[{"not_picked":["Warcry","Fire Breathing"],"picked":"Body Slam","floor":1.0},{"not_picked":["Cleave","Flex"],"picked":"Pommel Strike","floor":2.0},{"not_picked":["Twin Strike","Perfected Strike"],"picked":"Shrug It Off","floor":3.0},{"not_picked":["Seeing Red","Headbutt"],"picked":"Shrug It Off","floor":4.0},{"not_picked":["Thunderclap","Headbutt"],"picked":"Armaments","floor":5.0},{"not_picked":["Uppercut","Headbutt","Feel No Pain"],"picked":"SKIP","floor":7.0},{"not_picked":["Uppercut","Headbutt","Feel No Pain"],"picked":"SKIP","floor":7.0},{"not_picked":["Wild Strike","Hemokinesis"],"picked":"Battle Trance","floor":10.0},{"not_picked":["Intimidate","Clash","Body Slam"],"picked":"SKIP","floor":12.0},{"not_picked":["Juggernaut","Armaments"],"picked":"Heavy Blade","floor":14.0},{"not_picked":["Berserk","Immolate"],"picked":"Barricade","floor":16.0},{"not_picked":["Metallicize","Havoc","Anger"],"picked":"SKIP","floor":18.0},{"not_picked":["Perfected Strike","Armaments"],"picked":"Disarm","floor":19.0},{"not_picked":["Havoc","Clash"],"picked":"True Grit","floor":20},{"not_picked":["Shrug It Off","Bloodletting+1"],"picked":"Heavy Blade","floor":22},{"not_picked":["Blood for Blood","Pommel Strike"],"picked":"Sword Boomerang","floor":23}],"player_experience":228801,"relics_obtained":[{"floor":7.0,"key":"Dream Catcher"},{"floor":9.0,"key":"Orichalcum"},{"floor":14.0,"key":"Lantern"}],"event_choices":[{"cards_removed":["Strike_R"],"damage_healed":0.0,"max_hp_gain":0.0,"max_hp_loss":0.0,"gold_gain":0.0,"event_name":"Living Wall","player_choice":"Forget","floor":11.0,"gold_loss":0.0,"damage_taken":0.0},{"damage_healed":0.0,"max_hp_gain":0.0,"max_hp_loss":0.0,"gold_gain":0.0,"event_name":"FaceTrader","player_choice":"Leave","floor":13.0,"gold_loss":0.0,"damage_taken":0.0}],"is_beta":false,"boss_relics":[{"not_picked":["Black Blood","Busted Crown"],"picked":"Sozu"}],"items_purged_floors":[21],"is_endless":false,"potions_floor_spawned":[3,4,5,12,20],"killed_by":"Slavers","ascension_level":17}}