{"host":"9j9ju8r45kuhshxi","time":1610628870,"event":{"mods":["BaseMod","Colored Map","Colored Powertips","Highlight Path","Marisa（F雨　魔理沙）","Minty Spire (QoL Compilation)","Replay The Spire","Ryuuou龙王","StSLib","[功能]功能增强和修复MOD"],"gold_per_floor":[111,130,110,110,120,150,183,215,215,243,233,261,289,308,308,408,408,425,415,425,420,322,350,369,404,404,404,404,431,391,419,419,515,515,532,527,527,1581,1606,1606,2620,2620,2699,3710,4737,5753,6778,6723,6723,7723,7723,7723,7723,9753,13753],"floor_reached":56,"language":"ZHS","playtime":3168,"items_purged":["Defend_P","Strike_P","Defend_P","Strike_P","Defend_P","Defend_P","CrushJoints","CrushJoints","Vigilance","Study","Strike_P","Strike_P","Spreading Infection","ThirdEye","InnerPeace","Alpha","Prostrate","Prostrate","Replay:ManipulateFuture","Protect+1","Protect+1","Evaluate+1","Perseverance+1","Sanctity+1","MasterReality+1","Replay:ManipulateFuture+1","Replay:AtTheReady+1","Evaluate+1","Brilliance+1","Replay:Hum+1"],"score":2287,"play_id":"aa032822-1000-4ea8-a14a-894cf11b6b3e","local_time":"20210114205430","is_ascension_mode":true,"campfire_choices":[{"floor":15,"key":"RECALL"},{"data":"Pray","floor":32,"key":"SMITH"},{"data":"Mayhem","floor":32,"key":"SMITH"},{"floor":40,"key":"REST"},{"floor":42,"key":"REST"},{"data":"ReplayUltimateDefense","floor":49,"key":"SMITH"},{"data":"Fasting2","floor":49,"key":"SMITH"},{"floor":52,"key":"REST"}],"circlet_count":0,"master_deck":["Eruption+1","Brilliance+1","Pray+1","Tantrum+1","Mayhem+1","WheelKick+1","SignatureMove+1","SandsOfTime+1","Omniscience+1","CrushJoints+1","Crescendo+1","Pray+1","Weave+1","WheelKick+1","Prostrate+1","Adaptation+1","Devotion+1","ForeignInfluence+1","Ryuuou:NotRegret+1","WreathOfFlame+1","CarveReality+1","Scrawl+1","Fasting2+1","ReplayUltimateDefense+1","ReplayTheSpireMod:Uncanny Aura+1","ThirdEye+1","Ryuuou:NotRegret+1"],"relics":["PureWater","Lee\u0027s Waffle","Dream Catcher","WingedGreaves","Gambling Chip","Happy Flower","Torii","Bottled Lightning","Ancient Tea Set","Strange Spoon","White Beast Statue","Lizard Tail","Bag of Marbles","Honey Jar","BargainBundle","Quantum Egg","Incense Burner","Chemical X","Replay:Bottled Steam","Replay:Arrowhead","Art of War","Counterbalance","HornCleat","Gremlin Horn","Potion Belt","MealTicket","Orrery","Bottled Tornado","Toxic Egg 2","Pandora\u0027s Box","PrismaticShard","Iron Hammer","Replay:Bottled Snecko","CatCart","Anchor","Garlic","Thread and Needle","ReplayTheSpireMod:ShopPack","Darkstone Periapt","Blue Doll","BranchBurnRelic","Replay:Purple Gloves","StrikeDummy","DollysMirror","Damaru"],"acts_visited":["Exordium","TheCity","TheBeyond","TheEnding"],"potions_floor_usage":[6,6,6,8,8,8,12,13,13,16,16,23,23,24,24,24,29,31,33,33,33,38,38,47,50,55,55,55,55,55,55],"damage_taken":[{"damage":0,"enemies":"Cultist","floor":1,"turns":2},{"damage":0,"enemies":"Small Slimes","floor":2,"turns":2},{"damage":0,"enemies":"2 Louse","floor":5,"turns":2},{"damage":0,"enemies":"3 Sentries","floor":6,"turns":1},{"damage":0,"enemies":"Gremlin Nob","floor":7,"turns":2},{"damage":0,"enemies":"3 Sentries","floor":8,"turns":1},{"damage":0,"enemies":"Gremlin Nob","floor":10,"turns":1},{"damage":0,"enemies":"Replay:BlueRogue","floor":12,"turns":1},{"damage":0,"enemies":"Lagavulin","floor":13,"turns":1},{"damage":0,"enemies":"Looter","floor":14,"turns":1},{"damage":0,"enemies":"Slime Boss","floor":16,"turns":3},{"damage":0,"enemies":"Chosen","floor":18,"turns":1},{"damage":0,"enemies":"Spheric Guardian","floor":20,"turns":1},{"damage":40,"enemies":"Slavers","floor":23,"turns":2},{"damage":0,"enemies":"3 Cultists","floor":24,"turns":1},{"damage":0,"enemies":"Gremlin Leader","floor":25,"turns":1},{"damage":0,"enemies":"Book of Stabbing","floor":29,"turns":2},{"damage":0,"enemies":"Slavers","floor":31,"turns":1},{"damage":0,"enemies":"Collector","floor":33,"turns":2},{"damage":0,"enemies":"3 Darklings","floor":35,"turns":1},{"damage":0,"enemies":"Orin","floor":38,"turns":2},{"damage":0,"enemies":"3 Shapes","floor":41,"turns":1},{"damage":0,"enemies":"Jaw Worm Horde","floor":44,"turns":1},{"damage":0,"enemies":"Reptomancer","floor":45,"turns":1},{"damage":0,"enemies":"Transient","floor":46,"turns":1},{"damage":0,"enemies":"Giant Head","floor":47,"turns":1},{"damage":0,"enemies":"Time Eater","floor":50,"turns":1},{"damage":0,"enemies":"Shield and Spear","floor":54,"turns":1},{"damage":0,"enemies":"The Heart","floor":55,"turns":3}],"seed_played":"-2412927875746674648","potions_obtained":[{"floor":2,"key":"Regen Potion"},{"floor":5,"key":"AttackPotion"},{"floor":6,"key":"Strength Potion"},{"floor":6,"key":"GamblersBrew"},{"floor":7,"key":"SkillPotion"},{"floor":8,"key":"Block Potion"},{"floor":10,"key":"DistilledChaos"},{"floor":10,"key":"Weak Potion"},{"floor":12,"key":"BlessingOfTheForge"},{"floor":13,"key":"Swift Potion"},{"floor":13,"key":"Fruit Juice"},{"floor":13,"key":"Dexterity Potion"},{"floor":18,"key":"Strength Potion"},{"floor":18,"key":"Explosive Potion"},{"floor":20,"key":"StancePotion"},{"floor":20,"key":"Weak Potion"},{"floor":20,"key":"FearPotion"},{"floor":23,"key":"EssenceOfSteel"},{"floor":23,"key":"Regen Potion"},{"floor":23,"key":"BottledMiracle"},{"floor":23,"key":"Energy Potion"},{"floor":24,"key":"Ambrosia"},{"floor":24,"key":"DuplicationPotion"},{"floor":24,"key":"SkillPotion"},{"floor":25,"key":"AttackPotion"},{"floor":25,"key":"FearPotion"},{"floor":25,"key":"Elixir"},{"floor":25,"key":"SteroidPotion"},{"floor":29,"key":"Toxic Potion"},{"floor":29,"key":"Toxic Potion"},{"floor":29,"key":"DuplicationPotion"},{"floor":29,"key":"SteroidPotion"},{"floor":31,"key":"Fruit Juice"},{"floor":31,"key":"ColorlessPotion"},{"floor":31,"key":"Explosive Potion"},{"floor":31,"key":"Strength Potion"},{"floor":33,"key":"Energy Potion"},{"floor":33,"key":"PowerPotion"},{"floor":33,"key":"Block Potion"},{"floor":35,"key":"Fire Potion"},{"floor":35,"key":"Reflective Coating"},{"floor":35,"key":"BlessingOfTheForge"},{"floor":38,"key":"Block Potion"},{"floor":41,"key":"SneckoOil"},{"floor":41,"key":"Ancient Potion"},{"floor":41,"key":"ColorlessPotion"},{"floor":46,"key":"Swift Potion"},{"floor":46,"key":"DistilledChaos"},{"floor":46,"key":"DistilledChaos"},{"floor":47,"key":"DistilledChaos"},{"floor":54,"key":"FairyPotion"},{"floor":54,"key":"EntropicBrew"}],"is_trial":false,"path_per_floor":["M","M","$","?","M","E","E","E","T","E","$","E","E","M","R","B",null,"M","$","M","$","?","E","M","E","T","?","?","E","$","E","R","B",null,"M","$","?","?","T","R","M","R","T","M","E","M","E","$","R","B",null,"R","$","E","B",null],"character_chosen":"WATCHER","items_purchased":["Lee\u0027s Waffle","Dream Catcher","WingedGreaves","Brilliance","Swift Potion","SteroidPotion","Tantrum","Study","Mayhem","Strange Spoon","White Beast Statue","Lizard Tail","DistilledChaos","BlessingOfTheForge","Sanctity","Perseverance","BargainBundle","Quantum Egg","Incense Burner","SteroidPotion","BlessingOfTheForge","Chemical X","Replay:Bottled Steam","Replay:Arrowhead","MasterReality","MealTicket","Weave+1","Orrery","Bottled Tornado","PrismaticShard","Iron Hammer","ForeignInfluence+1","Replay:Bottled Snecko","ReplayTheSpireMod:ShopPack","Darkstone Periapt","Blue Doll","Scrawl+1","Fasting2","Replay:Purple Gloves","StrikeDummy","ThirdEye+1","PowerPotion","DollysMirror"],"campfire_rested":3,"item_purchase_floors":[3,3,3,3,3,3,3,3,3,11,11,11,11,11,11,11,19,19,19,19,19,21,21,21,21,30,30,30,30,36,36,36,36,48,48,48,48,48,53,53,53,53,53],"current_hp_per_floor":[72,72,79,79,79,79,79,79,79,79,79,79,84,84,84,84,84,84,84,84,84,84,44,44,44,44,28,28,28,28,33,33,33,94,94,94,94,94,94,94,94,94,94,94,94,94,94,94,94,94,94,94,94,94,94],"gold":13753,"neow_bonus":"ONE_RANDOM_RARE_CARD","is_daily":false,"chose_seed":false,"campfire_upgraded":4,"win_rate":0.0,"timestamp":1610628870,"path_taken":["M","M","$","?","M","E","E","E","T","E","$","E","E","M","R","BOSS","M","?","?","$","?","E","?","E","T","?","?","E","$","E","R","BOSS","M","$","?","?","?","R","M","R","T","M","E","M","E","$","R","BOSS","R","$","E","BOSS"],"items_purchased_type":["Relic","Relic","Relic","Card","Potion","Potion","Card","Card","Card","Relic","Relic","Relic","Potion","Potion","Card","Card","Relic","Relic","Relic","Potion","Potion","Relic","Relic","Relic","Card","Relic","Card","Relic","Relic","Relic","Relic","Card","Relic","Relic","Relic","Relic","Card","Card","Relic","Relic","Card","Potion","Relic"],"build_version":"2020-12-22","purchased_purges":30,"victory":true,"max_hp_per_floor":[72,72,79,79,79,79,79,79,79,79,79,79,84,84,84,84,84,84,84,84,84,84,84,84,84,84,89,89,89,89,94,94,94,94,94,94,94,94,94,94,94,94,94,94,94,94,94,94,94,94,94,94,94,94,94],"card_choices":[{"not_picked":["CrushJoints","EmptyBody"],"picked":"Evaluate","floor":1},{"not_picked":["Crescendo","Prostrate"],"picked":"Pray","floor":2},{"not_picked":["Consecrate","Devotion"],"picked":"WheelKick","floor":5},{"not_picked":["FlurryOfBlows","FlyingSleeves"],"picked":"Protect","floor":6},{"not_picked":["Replay:Hum","CutThroughFate"],"picked":"Prostrate","floor":7},{"not_picked":["PathToVictory","Halt"],"picked":"SignatureMove","floor":8},{"not_picked":["Evaluate","EmptyMind"],"picked":"SandsOfTime","floor":10},{"not_picked":["FearNoEvil","Prostrate"],"picked":"Alpha","floor":12},{"not_picked":["Collect","Weave"],"picked":"CrushJoints","floor":13},{"not_picked":["SashWhip","FlyingSleeves"],"picked":"CrushJoints","floor":14},{"not_picked":["ConjureBlade","Scrawl"],"picked":"Omniscience","floor":16},{"not_picked":["ClearTheMind","SashWhip","Replay:BluntJabs"],"picked":"CrushJoints+1","floor":18},{"not_picked":["Replay:AtTheReady+1","Replay:Anticipation","Halt"],"picked":"Crescendo+1","floor":20},{"not_picked":["Protect","EmptyMind","CutThroughFate"],"picked":"Pray+1","floor":23},{"not_picked":["Wireheading","Evaluate","EmptyBody"],"picked":"InnerPeace","floor":24},{"not_picked":["Replay:BluntJabs","MentalFortress","Replay:Anticipation+1"],"picked":"Prostrate","floor":25},{"not_picked":["Alpha","Replay:AtTheReady","Weave"],"picked":"ThirdEye","floor":29},{"not_picked":["Replay:Battleflow","ReachHeaven","Replay:BluntJabs"],"picked":"WheelKick","floor":30},{"not_picked":["EmptyFist","Replay:ManipulateFuture","Replay:BluntJabs"],"picked":"Protect","floor":30},{"not_picked":["FlyingSleeves","Judgement","BowlingBash"],"picked":"Prostrate+1","floor":30},{"not_picked":["EmptyMind","CrushJoints","Consecrate"],"picked":"Replay:ManipulateFuture","floor":30},{"not_picked":["FollowUp","Replay:AllIn","Halt"],"picked":"Adaptation","floor":30},{"not_picked":["CutThroughFate","Crescendo+1","Nirvana"],"picked":"Replay:ManipulateFuture+1","floor":31},{"not_picked":["SpiritShield+1","Omniscience+1","DevaForm"],"picked":"Devotion","floor":33},{"not_picked":["ClearTheMind+1","FlyingSleeves","Nirvana+1"],"picked":"Replay:Hum+1","floor":35},{"not_picked":["Eclipse+1","GravityBeat+1","Go for the Eyes+1"],"picked":"Replay:AtTheReady+1","floor":41},{"not_picked":["Go for the Eyes+1","ReplayTheSpireMod:Reroute Power+1","Hidden Blade+1"],"picked":"Evaluate+1","floor":44},{"not_picked":["Undo+1","EmptyBody+1","Devotion","Go for the Eyes"],"picked":"SKIP","floor":45},{"not_picked":["FlyingSleeves+1","Singularity+1","Acrobatics+1"],"picked":"WreathOfFlame+1","floor":46},{"not_picked":["EventHorizon","BlazeAway+1","Prepared+1"],"picked":"CarveReality+1","floor":47},{"not_picked":["Thinking Ahead","HandOfGreed","Poisoned Strike"],"picked":"ReplayUltimateDefense","floor":48},{"not_picked":["Madness","Transmutation","Jack Of All Trades"],"picked":"ReplayTheSpireMod:Uncanny Aura","floor":48},{"not_picked":["EnergyFlow+1","Good Instincts+1","PanicButton+1","Leap+1"],"picked":"SKIP","floor":54}],"player_experience":118457,"relics_obtained":[{"floor":6,"key":"Gambling Chip"},{"floor":7,"key":"Happy Flower"},{"floor":8,"key":"Torii"},{"floor":9,"key":"Bottled Lightning"},{"floor":10,"key":"Ancient Tea Set"},{"floor":13,"key":"Bag of Marbles"},{"floor":23,"key":"Counterbalance"},{"floor":25,"key":"HornCleat"},{"floor":29,"key":"Potion Belt"},{"floor":31,"key":"Toxic Egg 2"},{"floor":38,"key":"CatCart"},{"floor":39,"key":"Anchor"},{"floor":43,"key":"Garlic"},{"floor":45,"key":"Dead Branch"},{"floor":47,"key":"Thread and Needle"},{"floor":54,"key":"Damaru"}],"event_choices":[{"damage_healed":0,"gold_gain":0,"player_choice":"Upgraded","damage_taken":0,"max_hp_gain":0,"max_hp_loss":0,"event_name":"Upgrade Shrine","floor":4,"gold_loss":0,"cards_upgraded":["Eruption"]},{"damage_healed":0,"gold_gain":0,"player_choice":"Paid Gold","damage_taken":0,"relics_obtained":["Art of War"],"max_hp_gain":0,"max_hp_loss":0,"event_name":"WeMeetAgain","floor":22,"gold_loss":98},{"damage_healed":0,"gold_gain":0,"player_choice":"Shed Blood","damage_taken":21,"max_hp_gain":5,"max_hp_loss":0,"event_name":"Forgotten Altar","floor":27,"gold_loss":0},{"damage_healed":0,"gold_gain":0,"player_choice":"Fight","damage_taken":0,"max_hp_gain":0,"max_hp_loss":0,"event_name":"OrinTheCat","floor":38,"gold_loss":0}],"is_beta":false,"boss_relics":[{"not_picked":["SacredBark","Empty Cage"],"picked":"Honey Jar"},{"not_picked":["Kintsugi","Black Star"],"picked":"Pandora\u0027s Box"}],"items_purged_floors":[3,3,3,3,11,11,19,19,19,21,30,30,30,30,30,30,30,30,36,48,48,48,48,48,48,48,48,48,48,48],"is_endless":false,"potions_floor_spawned":[2,5,5,6,6,7,8,10,10,12,12,12,13,13,13,14,14,16,16,16,18,18,20,20,20,23,23,23,23,24,24,24,25,25,25,25,29,29,29,29,31,31,31,31,33,33,33,35,35,35,38,41,41,41,44,44,44,45,45,45,45,46,46,46,47,47,47,47,54,54,54,54],"ascension_level":4}}