{"host":"vm8b3ptwl81uq21f","time":1610593363,"event":{"mods":["Aspiration","BaseMod","BetterRewards","Colored Map","Colored Powertips","Downfall","GifTheSpireLib","Googly Eyes","GungeonMod","Halation","Hubris","Infinite Spire","Minty Spire (QoL Compilation)","Quick Restart","Rare Cards Sparkle","Replay The Spire","Shop Mod","Spicy Shops","StSLib","Stuff the Spire","The IronCluck","[IsaacMod]????"],"gold_per_floor":[116,31,51,103,121,121,138,138,138,138,155,165,197,11,11,108,108,119,119,137,148,32,32,58,58,133,133,168,168,22,76,76,171,171,185,202,202,0,0,32,32,60,60,60,60,60,89,89,89,89],"floor_reached":51,"language":"ENG","playtime":2047,"items_purged":["DemoMod:RustySidearm","DemoMod:CrossBow","hubris:Lust","Decay","DemoMod:Strike_Huntress","DemoMod:Strike_Huntress","Shame","DemoMod:Defend_Huntress","DemoMod:Defend_Huntress"],"score":1841,"play_id":"2aab2000-7471-4dfa-8c06-c8f75f2340d1","local_time":"20210113220243","is_ascension_mode":true,"campfire_choices":[{"data":"DemoMod:ManualReload","floor":6,"key":"SMITH"},{"data":"DemoMod:Unmoved","floor":8,"key":"SMITH"},{"floor":15,"key":"REST"},{"floor":23,"key":"REST"},{"floor":25,"key":"REST"},{"floor":32,"key":"REST"},{"floor":41,"key":"REST"},{"floor":44,"key":"REST"},{"floor":49,"key":"REST"}],"circlet_count":0,"master_deck":["DemoMod:Defend_Huntress+1","DemoMod:Defend_Huntress+1","DemoMod:Roll","DemoMod:HardPowerCard","DemoMod:HardPowerCard","DemoMod:Unmoved+1","infinitespire:Menacing","DemoMod:ProbeStrike+1","DemoMod:LifeOrb","DemoMod:LifeOrb","DemoMod:DoubleVision+1","hubris:DuctTapeCard","DemoMod:Purify+1","DemoMod:SniperShot+1","DemoMod:SniperShot","DemoMod:BattleInHaste","DemoMod:LifeOrb","DemoMod:HardPowerCard+1","DemoMod:ConditionalReflex+1"],"relics":["DemoMod:Dog","HushsDoor","MaYiHuaBei","DemoMod:GnawedKey","infinitespire:Satchel","StuffTheSpire:BottledEssence","Happy Flower","ClockworkSouvenir","SteamSale","DemoMod:SerJunkan","hubris:MedicalManual","Boot","DemoMod:GlassGuonStoneRelic","UnicornStump","DemoMod:Junk","MerchantsRug","Gremlin Food","HandDrill","Fusion Hammer","DemoMod:WaxWing","PreservedInsect","SatanicBible","hubris:DuctTape","infinitespire:Broken Mirror","aspiration:SeaSaltIceCream","DemoMod:GlassGuonStoneRelic","aspiration:FutureDiary","halation:PapillonHeart","Blue Doll","DemoMod:MeatBun","DemoMod:OrangeGuonStone","Pear"],"acts_visited":["Exordium","TheCity","TheBeyond"],"potions_floor_usage":[13,13,50,50],"damage_taken":[{"damage":0,"enemies":"Jaw Worm","floor":1,"turns":5},{"damage":1,"enemies":"Small Slimes","floor":3,"turns":4},{"damage":5,"enemies":"infinitespire:Voidling","floor":4,"turns":3},{"damage":0,"enemies":"Exordium Wildlife","floor":5,"turns":7},{"damage":1,"enemies":"Large Slime","floor":7,"turns":10},{"damage":0,"enemies":"Looter","floor":11,"turns":5},{"damage":3,"enemies":"Red Slaver","floor":12,"turns":6},{"damage":3,"enemies":"Lagavulin","floor":13,"turns":6},{"damage":6,"enemies":"The Guardian","floor":16,"turns":14},{"damage":0,"enemies":"Shell Parasite","floor":18,"turns":1},{"damage":0,"enemies":"Chosen","floor":20,"turns":3},{"damage":0,"enemies":"Snecko","floor":21,"turns":4},{"damage":0,"enemies":"Slavers","floor":24,"turns":2},{"damage":0,"enemies":"Replay:Snechameleon","floor":28,"turns":2},{"damage":0,"enemies":"Centurion and Healer","floor":31,"turns":2},{"damage":0,"enemies":"Automaton","floor":33,"turns":4},{"damage":0,"enemies":"3 Darklings","floor":35,"turns":2},{"damage":0,"enemies":"Orb Walker","floor":36,"turns":2},{"damage":0,"enemies":"R_Hoarder","floor":40,"turns":2},{"damage":0,"enemies":"Giant Head","floor":42,"turns":3},{"damage":0,"enemies":"R_Hoarder","floor":47,"turns":2},{"damage":0,"enemies":"Donu and Deca","floor":50,"turns":4}],"seed_played":"2903880315446274586","potions_obtained":[{"floor":3,"key":"ColorlessPotion"},{"floor":5,"key":"infinitespire:BlackPotion"},{"floor":7,"key":"Energy Potion"},{"floor":24,"key":"Death Potion"},{"floor":31,"key":"Strength Potion"},{"floor":40,"key":"Dexterity Potion"}],"is_trial":false,"path_per_floor":["M","$","M","M","M","R","M","R","T","?","M","M","E","$","R","B",null,"M","AVR","M","M","$","R","E","R","T","?","E","?","$","M","R","B",null,"M","M","?","$","?","E","R","E","T","R","?","?","E","T","R","B",null],"character_chosen":"HUNTRESS","items_purchased":["DemoMod:GnawedKey","infinitespire:Satchel","StuffTheSpire:BottledEssence","Happy Flower","ClockworkSouvenir","SteamSale","DemoMod:SerJunkan","aspiration:Nostalgia","Boot","DemoMod:HardPowerCard","DemoMod:LifeOrb","MerchantsRug","Gremlin Food","HandDrill","hubris:DuctTape","DemoMod:SniperShot","Blue Doll","DemoMod:MeatBun"],"campfire_rested":7,"item_purchase_floors":[0,0,0,0,0,0,0,0,2,2,14,14,14,14,22,30,38,38],"current_hp_per_floor":[21,21,20,20,20,20,19,19,19,19,19,16,13,13,34,28,56,56,56,56,56,56,65,65,65,65,65,65,65,65,65,65,65,58,58,58,55,55,55,55,55,55,55,55,55,55,55,65,65,65],"gold":89,"neow_bonus":"","is_daily":false,"chose_seed":false,"campfire_upgraded":2,"win_rate":0.0,"timestamp":1610593363,"path_taken":["M","$","M","M","M","R","M","R","T","?","?","M","E","$","R","BOSS","M","AVR","M","M","$","R","E","R","T","?","E","?","$","?","R","BOSS","M","M","?","$","?","E","R","E","T","R","?","?","E","?","R","BOSS"],"items_purchased_type":["Relic","Relic","Relic","Relic","Relic","Relic","Relic","Relic","Relic","Card","Card","Relic","Relic","Relic","Relic","Card","Relic","Relic"],"build_version":"2020-12-22","purchased_purges":9,"victory":true,"max_hp_per_floor":[70,70,70,70,70,70,70,70,70,70,70,70,70,70,70,70,65,65,65,65,65,65,65,65,65,65,65,65,65,65,65,65,65,58,58,58,55,55,55,55,55,55,55,55,55,55,55,65,65,65],"card_choices":[{"not_picked":["DemoMod:StrategicReserve","DemoMod:BoxingGlove"],"picked":"DemoMod:HardPowerCard","floor":1},{"not_picked":["DemoMod:SkilledReload","DemoMod:ZorGun"],"picked":"Bomb","floor":3},{"not_picked":["DemoMod:HighKaliber","DemoMod:ChanceBullets","DemoMod:GunstockTap"],"picked":"SKIP","floor":4},{"not_picked":["DemoMod:AWP","DemoMod:TeaPot"],"picked":"DemoMod:HardPowerCard","floor":5},{"not_picked":["DemoMod:MegaHand","DemoMod:JK47"],"picked":"DemoMod:Unmoved","floor":7},{"not_picked":["hubris:Rewind","ReplayTheSpireMod:Echoes of Time"],"picked":"infinitespire:Menacing","floor":10},{"not_picked":["DemoMod:TripleGun","DemoMod:DoubleSwitch","DemoMod:BSG"],"picked":"SKIP","floor":11},{"not_picked":["DemoMod:SAA","DemoMod:Casey"],"picked":"DemoMod:ProbeStrike","floor":12},{"not_picked":["DemoMod:MachoBrace","DemoMod:HuntsMan","DemoMod:HighKaliber"],"picked":"SKIP","floor":13},{"not_picked":["DemoMod:FullFirepower","DemoMod:Slinger"],"picked":"DemoMod:DoubleVision","floor":16},{"not_picked":["DemoMod:AWP+1","DemoMod:GunstockTap"],"picked":"DemoMod:BattleInHaste","floor":18},{"not_picked":["DemoMod:AC15+1","DemoMod:BoxingGlove","DemoMod:MachoBrace"],"picked":"SKIP","floor":20},{"not_picked":["DemoMod:GunShield","DemoMod:Unity+1","DemoMod:StrategicReserve"],"picked":"SKIP","floor":21},{"not_picked":["DemoMod:TeaPot","DemoMod:Rummage","DemoMod:BlackHoleGun"],"picked":"SKIP","floor":24},{"not_picked":["DemoMod:FullFirepower","DemoMod:GunstockTap"],"picked":"DemoMod:Purify","floor":28},{"not_picked":["DemoMod:TeaPot+1","DemoMod:AC15","DemoMod:Casey"],"picked":"SKIP","floor":31},{"not_picked":["DemoMod:TableSutra","DemoMod:AbyssalTentacle+1","DemoMod:PotionOfGunFriendShip+1"],"picked":"SKIP","floor":35},{"not_picked":["DemoMod:TableSutra","DemoMod:GunstockTap+1"],"picked":"DemoMod:BattleInHaste","floor":36},{"not_picked":["DemoMod:HuntsMan+1","DemoMod:Unmoved"],"picked":"DemoMod:LifeOrb","floor":40},{"not_picked":["DemoMod:MegaHand","DemoMod:BoxingGlove+1"],"picked":"DemoMod:HardPowerCard+1","floor":42},{"not_picked":["DemoMod:Unity","DemoMod:ProbeStrike"],"picked":"DemoMod:ConditionalReflex+1","floor":47}],"player_experience":382813,"relics_obtained":[{"floor":9,"key":"UnicornStump"},{"floor":13,"key":"DemoMod:Junk"},{"floor":20,"key":"SatanicBible"},{"floor":24,"key":"DemoMod:Junk"},{"floor":26,"key":"infinitespire:Broken Mirror"},{"floor":28,"key":"DemoMod:Junk"},{"floor":40,"key":"DemoMod:Junk"},{"floor":42,"key":"DemoMod:Junk"},{"floor":43,"key":"DemoMod:OrangeGuonStone"},{"floor":47,"key":"DemoMod:Junk"},{"floor":48,"key":"Pear"}],"event_choices":[{"damage_healed":0,"gold_gain":0,"player_choice":"Stole Relic","damage_taken":0,"relics_obtained":["aspiration:SeaSaltIceCream"],"max_hp_gain":0,"max_hp_loss":0,"event_name":"Addict","floor":27,"gold_loss":0,"cards_obtained":["Shame"]},{"cards_removed":["DemoMod:Strike_Huntress"],"damage_healed":0,"gold_gain":0,"player_choice":"Elegance","damage_taken":0,"max_hp_gain":0,"max_hp_loss":0,"event_name":"Back to Basics","floor":29,"gold_loss":0},{"cards_removed":["DemoMod:BattleInHaste"],"damage_healed":0,"gold_gain":0,"player_choice":"Removed Skill","damage_taken":0,"max_hp_gain":0,"max_hp_loss":0,"event_name":"Falling","floor":45,"gold_loss":0}],"is_beta":false,"boss_relics":[{"not_picked":["halation:Prosthetics","hubris:RunicObelisk"],"picked":"Fusion Hammer"},{"not_picked":[]},{"not_picked":["halation:LoveArrow","halation:HeavySnake"],"picked":"aspiration:FutureDiary"},{"not_picked":[]}],"items_purged_floors":[0,14,17,19,22,30,34,38,38],"is_endless":false,"potions_floor_spawned":[3,5,7,24,31,33,40],"ascension_level":7}}