{"host":"opg65mucj6ra7dr1","time":1610622530,"event":{"mods":["BaseMod","DeckTracker","Keyboard Shortcuts","Minty Spire (QoL Compilation)","Permanent Neow","Quick Restart","everything is the same but u backflip on backflip"],"gold_per_floor":[118,118,118,118,135,161,176,176,203,217,248,323,323,349,349,446,446,462,387,79,90,105,105,135,8,35,35,35,35,68,168,168,273,273,284,284,303,317,331,366,366,394,394,148,160,194,114,143,143,143],"floor_reached":51,"language":"KOR","playtime":1651,"items_purged":["Strike_G","Strike_G","Strike_G"],"score":1003,"play_id":"d47cd643-8064-43c5-bf55-dd73f871b473","local_time":"20210114200850","is_ascension_mode":true,"campfire_choices":[{"data":"Dagger Spray","floor":8.0,"key":"SMITH"},{"floor":13.0,"key":"REST"},{"floor":15.0,"key":"REST"},{"data":"Neutralize","floor":23.0,"key":"SMITH"},{"floor":28.0,"key":"REST"},{"data":"Defend_G","floor":32.0,"key":"PURGE"},{"data":"Defend_G","floor":41,"key":"PURGE"},{"data":"Defend_G","floor":49,"key":"PURGE"}],"circlet_count":0,"master_deck":["Defend_G+1","Defend_G+1","Survivor","Neutralize+1","Terror","Underhanded Strike","Infinite Blades","Dagger Spray+1","Cloak And Dagger","Blade Dance","Tools of the Trade","Die Die Die","Deflect","Infinite Blades","Tactician+1","Leg Sweep","Dodge and Roll+1","Dagger Throw","Backflip","Choke+1","Footwork+1","Storm of Steel","PiercingWail+1","Accuracy","Deflect","Tactician+1","Well Laid Plans","Acrobatics+1"],"relics":["Ring of the Snake","Strawberry","Sundial","HornCleat","Bag of Marbles","Akabeko","Omamori","HoveringKite","War Paint","Regal Pillow","MealTicket","MutagenicStrength","Peace Pipe","Prayer Wheel","Shuriken","Cursed Key","Orichalcum","Pen Nib","Gambling Chip","Oddly Smooth Stone","Letter Opener"],"acts_visited":["Exordium","TheCity","TheBeyond"],"potions_floor_usage":[40,50],"damage_taken":[{"damage":8.0,"enemies":"2 Louse","floor":1.0,"turns":3.0},{"damage":0.0,"enemies":"Jaw Worm","floor":5.0,"turns":4.0},{"damage":35.0,"enemies":"3 Sentries","floor":6.0,"turns":10.0},{"damage":5.0,"enemies":"Small Slimes","floor":7.0,"turns":4.0},{"damage":0.0,"enemies":"3 Louse","floor":10.0,"turns":1.0},{"damage":0.0,"enemies":"Gremlin Nob","floor":11.0,"turns":3.0},{"damage":16.0,"enemies":"Lagavulin","floor":14.0,"turns":5.0},{"damage":5.0,"enemies":"The Guardian","floor":16.0,"turns":12.0},{"damage":15.0,"enemies":"Spheric Guardian","floor":18.0,"turns":4.0},{"damage":13.0,"enemies":"2 Thieves","floor":21.0,"turns":3.0},{"damage":7.0,"enemies":"Snake Plant","floor":22.0,"turns":6.0},{"damage":23.0,"enemies":"Slavers","floor":24.0,"turns":5.0},{"damage":13.0,"enemies":"Gremlin Leader","floor":30.0,"turns":8.0},{"damage":4.0,"enemies":"Colosseum Slavers","floor":31.0,"turns":4.0},{"damage":4.0,"enemies":"Colosseum Nobs","floor":31.0,"turns":4.0},{"damage":32.0,"enemies":"Automaton","floor":33.0,"turns":8.0},{"damage":0.0,"enemies":"Orb Walker","floor":35.0,"turns":2.0},{"damage":10,"enemies":"3 Shapes","floor":37,"turns":3},{"damage":0,"enemies":"3 Darklings","floor":38,"turns":1},{"damage":0,"enemies":"Jaw Worm Horde","floor":39,"turns":4},{"damage":14,"enemies":"Nemesis","floor":40,"turns":3},{"damage":7,"enemies":"Reptomancer","floor":42,"turns":5},{"damage":12,"enemies":"Spire Growth","floor":45,"turns":3},{"damage":4,"enemies":"Giant Head","floor":46,"turns":5},{"damage":4,"enemies":"Reptomancer","floor":48,"turns":4},{"damage":14,"enemies":"Donu and Deca","floor":50,"turns":8}],"seed_played":"2596172382198021745","potions_obtained":[{"floor":5.0,"key":"CunningPotion"},{"floor":7.0,"key":"AttackPotion"},{"floor":10.0,"key":"BlessingOfTheForge"},{"floor":14.0,"key":"EssenceOfSteel"},{"floor":18.0,"key":"Weak Potion"},{"floor":22.0,"key":"Energy Potion"},{"floor":30.0,"key":"Block Potion"},{"floor":31.0,"key":"DistilledChaos"},{"floor":35,"key":"Dexterity Potion"},{"floor":36,"key":"CunningPotion"},{"floor":42,"key":"PowerPotion"}],"is_trial":false,"path_per_floor":["M","?","?","T","M","E","M","R","T","M","E","?","R","E","R","B",null,"M","?","$","M","M","R","E","$","T","?","R","?","E","?","R","B",null,"M","?","M","M","M","E","R","E","T","$","M","E","$","E","R","B",null],"character_chosen":"THE_SILENT","items_purchased":["Deflect","Infinite Blades","War Paint","Dagger Throw","Accuracy","Deflect","Well Laid Plans"],"campfire_rested":3,"item_purchase_floors":[20,20,20,25,44,44,47],"current_hp_per_floor":[69,62,62,62,62,27,22,22,22,22,22,11,34,18,41,36,77,62,62,62,49,42,42,19,19,19,19,57,57,44,36,36,4,77,77,77,67,67,67,53,53,46,46,61,49,45,60,56,56,42],"gold":143,"neow_bonus":"RANDOM_COMMON_RELIC","is_daily":false,"chose_seed":false,"campfire_upgraded":2,"win_rate":0.0,"timestamp":1610622530,"path_taken":["M","?","?","?","M","E","?","R","T","M","E","?","R","E","R","BOSS","M","?","$","M","M","R","E","$","T","?","R","?","E","?","R","BOSS","M","?","M","M","M","E","R","E","T","$","?","E","?","E","R","BOSS"],"items_purchased_type":["Card","Card","Relic","Card","Card","Card","Card"],"build_version":"2020-12-22","purchased_purges":3,"victory":true,"max_hp_per_floor":[77,77,77,77,77,77,77,77,77,77,77,77,77,77,77,77,77,77,77,77,77,77,77,77,77,77,77,77,77,77,77,77,77,77,77,77,77,77,77,77,77,77,77,77,77,77,77,77,77,77],"card_choices":[{"not_picked":["Cloak And Dagger","Dodge and Roll"],"picked":"Terror","floor":1.0},{"not_picked":["Deadly Poison","Poisoned Stab"],"picked":"Underhanded Strike","floor":5.0},{"not_picked":["Endless Agony","Burst"],"picked":"Infinite Blades","floor":6.0},{"not_picked":["Slice","Reflex"],"picked":"Dagger Spray","floor":7.0},{"not_picked":["Choke","Sucker Punch"],"picked":"Cloak And Dagger","floor":10.0},{"not_picked":["Unload","Blur"],"picked":"Blade Dance","floor":11.0},{"not_picked":["Dagger Spray","Eviscerate"],"picked":"Tools of the Trade","floor":14.0},{"not_picked":["Wraith Form v2","Grand Finale"],"picked":"Die Die Die","floor":16.0},{"not_picked":["Masterful Stab","Terror+1","Expertise+1"],"picked":"SKIP","floor":18.0},{"not_picked":["Accuracy","Dodge and Roll"],"picked":"Tactician+1","floor":21.0},{"not_picked":["Choke","Caltrops"],"picked":"Leg Sweep","floor":22.0},{"not_picked":["Outmaneuver","Underhanded Strike"],"picked":"Dodge and Roll+1","floor":24.0},{"not_picked":["Dodge and Roll+1","Crippling Poison","Masterful Stab"],"picked":"SKIP","floor":30.0},{"not_picked":["Well Laid Plans","Crippling Poison"],"picked":"Backflip","floor":35},{"not_picked":["Deadly Poison+1","Quick Slash+1","Endless Agony"],"picked":"SKIP","floor":35},{"not_picked":["Infinite Blades+1","Deadly Poison+1"],"picked":"Choke+1","floor":37},{"not_picked":["Escape Plan","Deadly Poison+1","Flechettes+1"],"picked":"SKIP","floor":37},{"not_picked":["Deadly Poison","Dagger Spray","Bouncing Flask+1"],"picked":"SKIP","floor":38},{"not_picked":["Cloak And Dagger","Dagger Spray+1","Catalyst+1"],"picked":"SKIP","floor":38},{"not_picked":["Sucker Punch+1","Expertise"],"picked":"Footwork+1","floor":39},{"not_picked":["Malaise","Prepared+1","Sucker Punch+1"],"picked":"SKIP","floor":39},{"not_picked":["Eviscerate","Bouncing Flask+1"],"picked":"Storm of Steel","floor":40},{"not_picked":["Caltrops","Prepared"],"picked":"PiercingWail+1","floor":42},{"not_picked":["Concentrate+1","Bane"],"picked":"Tactician+1","floor":45},{"not_picked":["Prepared+1","Flying Knee+1","Quick Slash"],"picked":"SKIP","floor":45},{"not_picked":["Flying Knee","Dagger Spray+1","Blade Dance+1"],"picked":"SKIP","floor":46},{"not_picked":["Well Laid Plans","Malaise"],"picked":"Acrobatics+1","floor":48}],"player_experience":109401,"relics_obtained":[{"floor":4.0,"key":"Sundial"},{"floor":6.0,"key":"HornCleat"},{"floor":9.0,"key":"Bag of Marbles"},{"floor":11.0,"key":"Akabeko"},{"floor":14.0,"key":"Omamori"},{"floor":24.0,"key":"Regal Pillow"},{"floor":26.0,"key":"MealTicket"},{"floor":30.0,"key":"Peace Pipe"},{"floor":31.0,"key":"Prayer Wheel"},{"floor":31.0,"key":"Shuriken"},{"floor":40,"key":"Orichalcum"},{"floor":42,"key":"Pen Nib"},{"floor":43,"key":"Gambling Chip"},{"floor":46,"key":"Oddly Smooth Stone"},{"floor":48,"key":"Letter Opener"}],"event_choices":[{"cards_removed":["Strike_G"],"damage_healed":0.0,"max_hp_gain":0.0,"max_hp_loss":0.0,"gold_gain":0.0,"event_name":"Golden Wing","player_choice":"Card Removal","floor":2.0,"gold_loss":0.0,"damage_taken":7.0},{"damage_healed":0.0,"max_hp_gain":0.0,"max_hp_loss":0.0,"gold_gain":0.0,"event_name":"Golden Idol","player_choice":"Ignored","floor":3.0,"gold_loss":0.0,"damage_taken":0.0},{"damage_healed":0.0,"max_hp_gain":0.0,"max_hp_loss":0.0,"gold_gain":75.0,"event_name":"World of Goop","player_choice":"Gather Gold","floor":12.0,"gold_loss":0.0,"damage_taken":11.0},{"cards_removed":["Strike_G"],"damage_healed":0.0,"max_hp_gain":0.0,"max_hp_loss":0.0,"gold_gain":0.0,"event_name":"Beggar","player_choice":"Gave Gold","floor":19.0,"gold_loss":75.0,"damage_taken":0.0},{"damage_healed":0.0,"max_hp_gain":0.0,"max_hp_loss":0.0,"gold_gain":0.0,"event_name":"Ghosts","player_choice":"Ignored","floor":27.0,"gold_loss":0.0,"damage_taken":0.0},{"damage_healed":0.0,"max_hp_gain":0.0,"max_hp_loss":0.0,"gold_gain":0.0,"event_name":"Drug Dealer","player_choice":"Inject Mutagens","floor":29.0,"gold_loss":0.0,"damage_taken":0.0,"relics_obtained":["MutagenicStrength"]},{"damage_healed":0.0,"max_hp_gain":0.0,"max_hp_loss":0.0,"gold_gain":0.0,"event_name":"Colosseum","player_choice":"Fight","floor":31.0,"gold_loss":0.0,"damage_taken":0.0},{"damage_healed":0.0,"max_hp_gain":0.0,"max_hp_loss":0.0,"gold_gain":0.0,"event_name":"Colosseum","player_choice":"Fought Nobs","floor":31.0,"gold_loss":0.0,"damage_taken":0.0},{"damage_healed":0,"gold_gain":0,"player_choice":"Got Potions","damage_taken":0,"max_hp_gain":0,"max_hp_loss":0,"event_name":"Lab","floor":36,"gold_loss":0}],"is_beta":false,"boss_relics":[{"not_picked":["Runic Pyramid","Busted Crown"],"picked":"HoveringKite"},{"not_picked":["Philosopher\u0027s Stone","Coffee Dripper"],"picked":"Cursed Key"}],"items_purged_floors":[20,25,44],"is_endless":false,"potions_floor_spawned":[5,7,10,14,18,22,30,31,35,38,42,45,48],"ascension_level":4}}