{"host":"ss2ocoam53r2lno0","time":1610639449,"event":{"mods":["Act Like it!","BaseMod","ChefMod","Clockwork Mod","Colored Powertips","Curses Come First","Displayed Cursed Tome","Downfall","Evolution","Googly Eyes","Hallownest","Highlight Path","Minty Spire (QoL Compilation)","Poor People Problems","Rare Cards Sparkle","Robot Space Explorer","Shade Mod","Shop Mod","Spicy Shops","StSLib","The Marked"],"gold_per_floor":[112,112,131,142,67,67,82,82,108,108,108,124,139,157,157,258,258,273,198,198,208,226,226,258,258,258],"floor_reached":25,"language":"ENG","playtime":2301,"items_purged":["Clockwork:Strike"],"score":318,"play_id":"d82c2f57-f3f9-44e6-84f3-c36ce71c5cdc","local_time":"20210114165049","is_ascension_mode":true,"campfire_choices":[{"data":"Clockwork:Pluck","floor":6,"key":"SMITH"},{"data":"Clockwork:Handicap","floor":8,"key":"SMITH"},{"data":"Clockwork:SystemHardening","floor":11,"key":"SMITH"},{"data":"Clockwork:CraftMomentumEngine","floor":15,"key":"SMITH"},{"data":"Clockwork:QuantumStrike","floor":23,"key":"SMITH"}],"circlet_count":0,"master_deck":["Clockwork:Strike","Clockwork:Strike","Clockwork:Shield","Clockwork:Shield","Clockwork:Shield","Clockwork:Shield","Clockwork:Tinker","Clockwork:WarmUp+1","Clockwork:Pluck+1","Clockwork:SystemHardening+1","Clockwork:QuantumStrike+1","Clockwork:SystemHardening+1","Clockwork:ElasticNanites+1"],"relics":["Clockwork:MomentumEngine","EVO:Axolotl","MealTicket","CultistMask","Coffee Dripper","MutagenicStrength","Clockwork:QuicksilverHourglass","Toy Ornithopter"],"acts_visited":["Exordium","TheCity"],"potions_floor_usage":[13,22,25,25,25],"damage_taken":[{"damage":12,"enemies":"2 Louse","floor":1,"turns":8},{"damage":17,"enemies":"Cultist","floor":3,"turns":8},{"damage":1,"enemies":"Small Slimes","floor":4,"turns":5},{"damage":0,"enemies":"Blue Slaver","floor":7,"turns":5},{"damage":12,"enemies":"Large Slime","floor":12,"turns":9},{"damage":1,"enemies":"Red Slaver","floor":13,"turns":5},{"damage":12,"enemies":"Exordium Wildlife","floor":14,"turns":6},{"damage":0,"enemies":"Slime Boss","floor":16,"turns":9},{"damage":0,"enemies":"Shell Parasite","floor":18,"turns":5},{"damage":9,"enemies":"Spheric Guardian","floor":21,"turns":4},{"damage":25,"enemies":"Snake Plant","floor":22,"turns":4},{"damage":35,"enemies":"Slavers","floor":24,"turns":7},{"damage":26,"enemies":"Masked Bandits","floor":25,"turns":3}],"seed_played":"-8633156211617244335","potions_obtained":[{"floor":1,"key":"Guardian:BlockOnCardUsePotion"},{"floor":7,"key":"Dexterity Potion"},{"floor":12,"key":"PowerPotion"},{"floor":13,"key":"DistilledChaos"},{"floor":24,"key":"CultistPotion"}],"is_trial":false,"path_per_floor":["M","?","M","M","$","R","M","R","T","?","R","M","M","M","R","B",null,"M","?","?","M","M","R","E","?"],"character_chosen":"CLOCKWORK","items_purchased":[],"campfire_rested":0,"item_purchase_floors":[],"current_hp_per_floor":[65,65,48,47,47,47,47,47,47,47,47,35,34,22,22,22,77,77,77,77,68,43,43,8,0,0],"gold":258,"neow_bonus":"THREE_RARE_CARDS","is_daily":false,"chose_seed":false,"campfire_upgraded":5,"win_rate":0.0,"timestamp":1610639449,"path_taken":["M","?","M","M","?","R","M","R","T","?","R","M","?","M","R","BOSS","M","?","?","M","M","R","E","?"],"items_purchased_type":[],"build_version":"2020-12-22","purchased_purges":1,"victory":false,"max_hp_per_floor":[77,77,77,77,77,77,77,77,77,77,77,77,77,77,77,77,77,77,77,77,77,77,77,77,77,77],"card_choices":[{"not_picked":["Clockwork:Randomization","Clockwork:PerfectForm"],"picked":"Clockwork:CraftMomentumEngine","floor":0},{"not_picked":["Clockwork:HoardingStrike","Clockwork:CogBarrier","Clockwork:Friction"],"picked":"SKIP","floor":1},{"not_picked":["Clockwork:SnapKeep","Clockwork:Roundhouse"],"picked":"Clockwork:Pluck","floor":3},{"not_picked":["Clockwork:Redundancy","Clockwork:ReserveSystems"],"picked":"Clockwork:SystemHardening","floor":4},{"not_picked":["Clockwork:Friction","Clockwork:SystemScan","Clockwork:SystemHardening"],"picked":"SKIP","floor":7},{"not_picked":["Clockwork:SystemScan","Clockwork:FalseStart"],"picked":"Clockwork:QuantumStrike","floor":12},{"not_picked":["Clockwork:CogToss","Clockwork:ReserveSystems","Clockwork:AdaptiveCannon"],"picked":"SKIP","floor":13},{"not_picked":["Clockwork:CogShield","Clockwork:ChargingShield"],"picked":"Clockwork:CraftMomentumEngine","floor":14},{"not_picked":["Clockwork:AeonShield","Clockwork:Strangle"],"picked":"Clockwork:CraftQuicksilverHourglass","floor":16},{"not_picked":["Clockwork:SnapKeep","Clockwork:ChargingShield"],"picked":"Clockwork:SystemHardening+1","floor":18},{"not_picked":["Clockwork:Pluck","Clockwork:SystemScan"],"picked":"Clockwork:ElasticNanites+1","floor":21},{"not_picked":["Clockwork:Roundhouse","Clockwork:SpringShield","Clockwork:Enhance"],"picked":"SKIP","floor":22},{"not_picked":["Clockwork:Roundhouse","Clockwork:SiegeStrike","Clockwork:PerfectedStrike"],"picked":"SKIP","floor":24}],"player_experience":700007,"relics_obtained":[{"floor":9,"key":"MealTicket"},{"floor":24,"key":"Toy Ornithopter"}],"event_choices":[{"damage_healed":0,"gold_gain":0,"player_choice":"Upgraded","damage_taken":0,"max_hp_gain":0,"max_hp_loss":0,"event_name":"Upgrade Shrine","floor":2,"gold_loss":0,"cards_upgraded":["Clockwork:WarmUp"]},{"damage_healed":0,"gold_gain":0,"player_choice":"Trade","damage_taken":0,"relics_obtained":["CultistMask"],"max_hp_gain":0,"max_hp_loss":0,"event_name":"FaceTrader","floor":10,"gold_loss":0},{"cards_removed":["Clockwork:Strike"],"damage_healed":0,"gold_gain":0,"player_choice":"Gave Gold","damage_taken":0,"max_hp_gain":0,"max_hp_loss":0,"event_name":"Beggar","floor":19,"gold_loss":75},{"damage_healed":0,"gold_gain":0,"player_choice":"Inject Mutagens","damage_taken":0,"relics_obtained":["MutagenicStrength"],"max_hp_gain":0,"max_hp_loss":0,"event_name":"Drug Dealer","floor":20,"gold_loss":0},{"damage_healed":0,"gold_gain":0,"player_choice":"Fought Bandits","damage_taken":0,"max_hp_gain":0,"max_hp_loss":0,"event_name":"Masked Bandits","floor":25,"gold_loss":0}],"is_beta":false,"boss_relics":[{"not_picked":["Busted Crown","Philosopher\u0027s Stone"],"picked":"Coffee Dripper"}],"items_purged_floors":[5],"is_endless":false,"potions_floor_spawned":[1,7,12,13,21,24],"killed_by":"Masked Bandits","ascension_level":4}}