{"host":"43gh4c2f6tt319we","time":1610629238,"event":{"mods":["ATMod(∞¢Ë™Mod)","Act Like it!","BaseMod","Gensokyo","Hallownest","KinomotoSakuraMod(ƒæ÷Æ±æ”£)","Lobotomy","Minty Spire (QoL Compilation)","Pale of the Ancients","Reimu£®≤©¿ˆ¡È√Œ£©","Remilia£®¿Ÿ√◊¿Ú—«£©","StSLib","The Alterego","The Animator","The Bug Knight","Youmu£®ªÍ∆«—˝√Œ£©"],"gold_per_floor":[999,1013,1013,1028,1040,1040,1040,1040],"floor_reached":57,"language":"ZHS","playtime":2199,"items_purged":[],"score":316,"play_id":"cf452e90-b59e-4129-8069-ad9fb829b1ca","local_time":"20210114220038","is_ascension_mode":false,"campfire_choices":[],"circlet_count":0,"master_deck":["HollowMod:NailStrikeStart","HollowMod:NailStrikeStart","HollowMod:NailStrikeStart","HollowMod:NailStrikeStart","HollowMod:QuickDashStart","HollowMod:QuickDashStart","HollowMod:QuickDashStart","HollowMod:QuickDashStart","HollowMod:FocusHealStart","HollowMod:PogoStrike","AT_FamilyPortrait","HollowMod:SharpenedNail","HollowMod:HuntersJournal","HollowMod:DungDefenderAura"],"relics":["AT_ATBox","HollowMod:VoidIdolRelic","Hallownest:DreamNailRelic"],"acts_visited":["Exordium"],"potions_floor_usage":[],"damage_taken":[{"damage":3,"enemies":"Hallownest:monsterHuskGuard","floor":52,"turns":8},{"damage":0,"enemies":"Hallownest:monsterHuskWarrior","floor":54,"turns":2},{"damage":0,"enemies":"Hallownest:2_Tiktiks_and_1_Crawlid","floor":55,"turns":2},{"damage":11,"enemies":"Hallownest:eliteMossKnight","floor":57,"turns":24}],"seed_played":"-5863191464839160848","potions_obtained":[],"is_trial":false,"path_per_floor":["M","?","M","M","?","E"],"character_chosen":"THE_BUGKNIGHT","items_purchased":[],"campfire_rested":0,"item_purchase_floors":[],"current_hp_per_floor":[75,75,75,75,75,75,64,64],"gold":1040,"neow_bonus":"BOSS_RELIC","is_daily":false,"chose_seed":false,"campfire_upgraded":0,"win_rate":0.0,"timestamp":1610629238,"path_taken":["M","?","M","?","?","E"],"items_purchased_type":[],"build_version":"2020-12-22","purchased_purges":0,"victory":false,"max_hp_per_floor":[95,98,98,98,98,98,98,98],"card_choices":[{"not_picked":["HollowMod:TaintedHusks","HollowMod:PerfectDash"],"picked":"HollowMod:SharpenedNail","floor":52},{"not_picked":["HollowMod:InfectionAssault","HollowMod:ChannelNail"],"picked":"HollowMod:HuntersJournal","floor":54},{"not_picked":["HollowMod:SiblingsShadow","HollowMod:HeavyBlow"],"picked":"HollowMod:DungDefenderAura","floor":55}],"player_experience":496332,"relics_obtained":[],"event_choices":[],"is_beta":false,"boss_relics":[],"items_purged_floors":[],"is_endless":false,"potions_floor_spawned":[],"killed_by":"Hallownest:eliteMossKnight","ascension_level":0}}