{"host":"m5bsg12zcyqnofur","time":1610658697,"event":{"mods":["AchievementEnabler","BaseMod","BetterRewards","Colored Powertips","Downfall","Hermit","Highlight Path","Minty Spire (QoL Compilation)","Quick Restart","Replay The Spire","Shop Mod","StSLib","The Bug Knight"],"gold_per_floor":[112,37,50,63,17,42,61,61,61,93,108,108,125,143,143,143,143],"floor_reached":16,"language":"ENG","playtime":1013,"items_purged":["Bash","Strike_R","Strike_R","Defend_R"],"score":125,"play_id":"b5183658-8c36-4ebe-be82-2dd7a4850565","local_time":"20210114151137","is_ascension_mode":true,"campfire_choices":[{"data":"Pot Of Greed","floor":8.0,"key":"SMITH"},{"data":"Pot Of Greed","floor":12.0,"key":"SMITH"},{"data":"Entrench","floor":15,"key":"SMITH"}],"circlet_count":0,"master_deck":["Strike_R","Strike_R","Strike_R","Defend_R","Defend_R","Defend_R","Inflame","Inflame","Pot Of Greed+1","Cleave","ReplayTheSpireMod:IOU","Pot Of Greed+1","Entrench+1","Entrench","ReplayTheSpireMod:Muscle Training","Disarm"],"relics":["Burning Blood","Membership Card","Bag of Preparation","Replay:Wax Seal","Grinning Jar","Calipers","Replay:Baseball","Paper Frog"],"acts_visited":[],"potions_floor_usage":[14,16],"damage_taken":[{"damage":2.0,"enemies":"Jaw Worm","floor":1.0,"turns":3.0},{"damage":7.0,"enemies":"Small Slimes","floor":3.0,"turns":3.0},{"damage":0.0,"enemies":"2 Louse","floor":4.0,"turns":2.0},{"damage":26.0,"enemies":"Lagavulin","floor":6.0,"turns":7.0},{"damage":11.0,"enemies":"Gremlin Gang","floor":7.0,"turns":3.0},{"damage":17.0,"enemies":"HollowMod:MossKnight","floor":10.0,"turns":6.0},{"damage":0.0,"enemies":"Lots of Slimes","floor":11.0,"turns":1.0},{"damage":6.0,"enemies":"Blue Slaver","floor":13.0,"turns":5.0},{"damage":4,"enemies":"Large Slime","floor":14,"turns":6},{"damage":28,"enemies":"Hexaghost","floor":16,"turns":10}],"seed_played":"2309263238024659265","potions_obtained":[{"floor":4.0,"key":"Fire Potion"},{"floor":7.0,"key":"AttackPotion"},{"floor":10.0,"key":"FearPotion"},{"floor":14,"key":"Fire Potion"}],"is_trial":false,"path_per_floor":["M","$","M","M","$","E","M","R","T","E","M","R","M","M","R","B"],"character_chosen":"IRONCLAD","items_purchased":["Inflame","Membership Card","Bag of Preparation","Replay:Wax Seal","Grinning Jar","Strength Potion","Calipers"],"campfire_rested":0,"item_purchase_floors":[0,0,0,0,0,0,5],"current_hp_per_floor":[48,48,47,53,53,33,28,28,28,17,23,23,23,25,25,0,0],"gold":143,"neow_bonus":"","is_daily":false,"chose_seed":false,"campfire_upgraded":3,"win_rate":0.0,"timestamp":1610658697,"path_taken":["M","$","M","M","$","E","M","R","T","E","M","R","M","M","R","BOSS"],"items_purchased_type":["Card","Relic","Relic","Relic","Relic","Potion","Relic"],"build_version":"2020-12-22","purchased_purges":4,"victory":false,"max_hp_per_floor":[80,80,80,80,80,80,80,80,80,80,80,80,80,80,80,80,80],"card_choices":[{"not_picked":["Clash","Clothesline","Replay:Undeath\u0027s Touch"],"picked":"SKIP","floor":1.0},{"not_picked":["Power Through","Sword Boomerang"],"picked":"Cleave","floor":3.0},{"not_picked":["Anger","ReplayTheSpireMod:Corrosion Curse","Hemokinesis"],"picked":"SKIP","floor":4.0},{"not_picked":["Massacre","Intimidate"],"picked":"Entrench","floor":6.0},{"not_picked":["Iron Wave","Intimidate"],"picked":"Entrench","floor":7.0},{"not_picked":["Replay:Undeath\u0027s Touch","Anger","ReplayTheSpireMod:Strike From Hell"],"picked":"SKIP","floor":10.0},{"not_picked":["Wild Strike","Infernal Blade","Entrench"],"picked":"SKIP","floor":11.0},{"not_picked":["Replay:Undeath\u0027s Touch","Warcry"],"picked":"ReplayTheSpireMod:Muscle Training","floor":13.0},{"not_picked":["Hemogenesis","ReplayTheSpireMod:LeadingStrike"],"picked":"Disarm","floor":14}],"player_experience":216233,"relics_obtained":[{"floor":6.0,"key":"Replay:Baseball"},{"floor":10.0,"key":"Paper Frog"}],"event_choices":[],"is_beta":false,"boss_relics":[],"items_purged_floors":[0,0,0,2],"is_endless":false,"potions_floor_spawned":[4,7,10,14],"killed_by":"Hexaghost","ascension_level":2}}