{"host":"lcjlbzrzh9t4oq34","time":1610595801,"event":{"mods":["2.2 Compatiblity","AchievementEnabler","Act Like it!","Aspiration","BaseMod","Better Third Choice","BetterRewards","Block Reminder","Colored Map","Colored Powertips","Conspire","Dio Mod","Downfall","Halation","HexUI Lib","Highlight Path","Hubris","Infinite Spire","Key Reminder","Minty Spire (QoL Compilation)","Pale of the Ancients","Permanent Neow","Quick Restart","Random Character Button","Rare Cards Sparkle","Relic Sorter","Reorder Act Four","Replay The Spire","Shop Mod","StSLib","SuperFastMode","The Jungle","Unknown Chances","egg","everything is the same but u backflip on backflip","slay the spire mod where everything is the same but ironclad has a cowboy hat","vexMod"],"gold_per_floor":[15,15,15,40,40,40,40,40,90,110,145,145,20,31,31,127,127,139,149,159,175,175,175,187,187,266,281,33,33,45,63,63,167,167,181,191,0,0,0,0,0,0,0,16,27,27,77,34,34,34,34],"floor_reached":50,"language":"ENG","playtime":1488,"items_purged":["Injury","Defend_R","Strike_R","Demonic Infusion+1","hubris:Despair"],"score":465,"play_id":"458d5b08-3197-4e77-8019-f914b7ba1990","local_time":"20210113224321","is_ascension_mode":false,"campfire_choices":[{"data":"Immolate","floor":6.0,"key":"SMITH"},{"data":"Bash","floor":8.0,"key":"SMITH"},{"data":"Strike_R+1","floor":12.0,"key":"SMITH"},{"data":"Strike_R+2","floor":15.0,"key":"SMITH"},{"floor":23.0,"key":"REST"},{"floor":25.0,"key":"REST"},{"data":"hubris:Fate","floor":29.0,"key":"SMITH"},{"data":"Dual Wield","floor":32.0,"key":"SMITH"},{"data":"Entrench","floor":40.0,"key":"SMITH"},{"floor":46.0,"key":"REST"}],"circlet_count":0,"master_deck":["Strike_R","Strike_R+1","Strike_R+2","Strike_R+4","Defend_R","Defend_R","Defend_R","Bash+1","Immolate+1","Cleave+1","Anger+1","Dual Wield+1","Twin Strike+1","infinitespire:OneForAll+1","Feed+1","Uppercut+1","Uppercut+1","hubris:Fate+1","infinitespire:Fortify+1","Body Slam+1","expansioncontent:DashGenerateEvil+1","Replay:Undeath\u0027s Touch+1","Spot Weakness+1","Body Slam+1","Entrench+1","Shrug It Off","Armaments+1","Body Slam+1","Heavy Blade+1","Massacre+1"],"relics":["Burning Blood","hubris:Towel","Molten Egg 2","infinitespire:Lucky Rock","Simple Rune","vexMod:RedPlottingStone","hubris:HollowSoul","Bird Faced Urn","conspire:DeflatedDodgeball","vexMod:ImprovementManual","halation:EternalFortune","Champion Belt","Shuriken","hubris:GlazedTorus","ReplayTheSpireMod:CursedCoin"],"acts_visited":["Exordium","TheCity","TheBeyond"],"potions_floor_usage":[50,50,50],"damage_taken":[{"damage":12.0,"enemies":"Jaw Worm","floor":1.0,"turns":4.0},{"damage":4.0,"enemies":"conspire:RoseBush","floor":10.0,"turns":1.0},{"damage":19.0,"enemies":"Replay:BlueRogue","floor":11.0,"turns":4.0},{"damage":0.0,"enemies":"2 Louse","floor":14.0,"turns":2.0},{"damage":51.0,"enemies":"The Guardian","floor":16.0,"turns":7.0},{"damage":31.0,"enemies":"2 Thieves","floor":18.0,"turns":4.0},{"damage":10.0,"enemies":"conspire:FuzzyDice","floor":19.0,"turns":4.0},{"damage":39.0,"enemies":"Snake Plant","floor":20.0,"turns":4.0},{"damage":1.0,"enemies":"Snecko","floor":21.0,"turns":3.0},{"damage":12.0,"enemies":"3 Cultists","floor":24.0,"turns":5.0},{"damage":0.0,"enemies":"Centurion and Healer","floor":27.0,"turns":1.0},{"damage":1.0,"enemies":"Snecko","floor":30.0,"turns":3.0},{"damage":16.0,"enemies":"Snake Plant","floor":31.0,"turns":3.0},{"damage":5.0,"enemies":"StardustCrusaders","floor":33.0,"turns":6.0},{"damage":8.0,"enemies":"3 Darklings","floor":35.0,"turns":5.0},{"damage":28.0,"enemies":"3 Shapes","floor":36.0,"turns":5.0},{"damage":18.0,"enemies":"Transient","floor":44.0,"turns":5.0},{"damage":16.0,"enemies":"3 Darklings","floor":45.0,"turns":4.0},{"damage":30.0,"enemies":"Mind Bloom Boss Battle","floor":47.0,"turns":5.0},{"damage":26,"enemies":"Time Eater","floor":50,"turns":1}],"seed_played":"7384426370507616212","potions_obtained":[{"floor":10.0,"key":"Strength Potion"},{"floor":16.0,"key":"PowerPotion"},{"floor":19.0,"key":"infinitespire:BlackPotion"},{"floor":20.0,"key":"GamblersBrew"},{"floor":21.0,"key":"Weak Potion"},{"floor":30.0,"key":"LiquidMemories"},{"floor":35.0,"key":"Reflective Coating"},{"floor":44.0,"key":"Weak Potion"},{"floor":47.0,"key":"ColorlessPotion"},{"floor":49.0,"key":"conspire:TimeTravelPotion"},{"floor":49.0,"key":"Fire Potion"}],"is_trial":false,"path_per_floor":["M","?","?","T","?","R","$","R","T","M","E","R","$","M","R","B",null,"M","M","M","M","AVR","R","M","R","T","M","$","R","M","M","R","B",null,"M","M","$","?","?","R","AVR","?","T","M","M","R","?","$","R_BF","B"],"character_chosen":"IRONCLAD","items_purchased":["Dual Wield","Twin Strike+1","expansioncontent:DashGenerateEvil+1","Shrug It Off","Armaments+1","ReplayTheSpireMod:CursedCoin","Massacre+1"],"campfire_rested":3,"item_purchase_floors":[13,13,28,37,37,48,48],"current_hp_per_floor":[74,74,74,74,74,74,74,74,74,76,63,63,63,69,69,24,80,55,55,22,27,27,52,46,71,71,77,77,77,82,72,72,77,84,86,64,64,67,76,76,76,76,76,64,54,79,57,57,57,0,0],"gold":34,"neow_bonus":"THREE_RARE_CARDS","is_daily":false,"chose_seed":false,"campfire_upgraded":7,"win_rate":0.0,"timestamp":1610595801,"path_taken":["M","?","?","?","?","R","?","R","T","?","E","R","?","M","R","BOSS","M","M","?","?","AVR","R","M","R","T","M","?","R","M","M","R","BOSS","M","?","$","?","?","R","AVR","?","T","M","M","R","?","?","R_BF","BOSS"],"items_purchased_type":["Card","Card","Card","Card","Card","Relic","Card"],"build_version":"2020-12-22","purchased_purges":5,"victory":false,"max_hp_per_floor":[80,80,80,80,80,80,80,80,80,80,80,80,80,80,80,80,80,80,84,84,84,84,84,84,84,84,84,84,84,84,84,84,84,84,88,88,88,91,91,91,91,86,86,86,86,86,86,86,86,86,86],"card_choices":[{"not_picked":["Barricade","hubris:StunningStrike"],"picked":"Immolate","floor":0.0},{"not_picked":["Run Through","Blood for Blood","Reckless Charge"],"picked":"SKIP","floor":1.0},{"not_picked":["ReplayTheSpireMod:Strike From Hell+1","Wild Strike+1"],"picked":"Cleave+1","floor":10.0},{"not_picked":["Brutality","hubris:ReadiedAction"],"picked":"Anger+1","floor":11.0},{"not_picked":["Dual Wield","ReplayTheSpireMod:LeadingStrike+1"],"picked":"infinitespire:OneForAll+1","floor":14.0},{"not_picked":["Berserk","Offering"],"picked":"Feed+1","floor":16.0},{"not_picked":["Armaments","Run Through+1","Headbutt+1"],"picked":"SKIP","floor":18.0},{"not_picked":["True Grit+1","Fire Breathing","hubris:CleavingFinish+1"],"picked":"SKIP","floor":19.0},{"not_picked":["Reckless Charge+1","Double Tap"],"picked":"Uppercut+1","floor":20.0},{"not_picked":["Cleave+1","Inflame"],"picked":"Uppercut+1","floor":21.0},{"not_picked":["ReplayTheSpireMod:LeadingStrike+1","Flame Barrier","Warcry"],"picked":"SKIP","floor":24.0},{"not_picked":["hubris:SharpeningStone","Shockwave+1"],"picked":"Body Slam+1","floor":27.0},{"not_picked":["Headbutt+1","Power Through"],"picked":"Replay:Undeath\u0027s Touch+1","floor":30.0},{"not_picked":["Reckless Charge+1","Massacre+1"],"picked":"Spot Weakness+1","floor":31.0},{"not_picked":["hubris:StunningStrike+1","Offering"],"picked":"Demonic Infusion","floor":33.0},{"not_picked":["Evolve","Warcry+1"],"picked":"Body Slam+1","floor":35.0},{"not_picked":["Fire Breathing+1","Body Slam+1"],"picked":"Entrench","floor":36.0},{"not_picked":["Searing Blow+1","Headbutt+1"],"picked":"Body Slam+1","floor":44.0},{"not_picked":["Hemogenesis+1","Disarm+1","hubris:ReadiedAction"],"picked":"SKIP","floor":45.0},{"not_picked":["Anger+1","Headbutt+1"],"picked":"Heavy Blade+1","floor":47.0}],"player_experience":1065972,"relics_obtained":[{"floor":4.0,"key":"infinitespire:Lucky Rock"},{"floor":9.0,"key":"Simple Rune"},{"floor":11.0,"key":"vexMod:RedPlottingStone"},{"floor":26.0,"key":"conspire:DeflatedDodgeball"},{"floor":43.0,"key":"Shuriken"},{"floor":47.0,"key":"hubris:GlazedTorus"}],"event_choices":[{"damage_healed":0.0,"max_hp_gain":0.0,"max_hp_loss":0.0,"gold_gain":0.0,"event_name":"The Cleric","player_choice":"Leave","floor":5.0,"gold_loss":0.0,"damage_taken":0.0},{"damage_healed":0.0,"max_hp_gain":0.0,"max_hp_loss":5.0,"gold_gain":0.0,"event_name":"Winding Halls","player_choice":"Max HP","floor":42.0,"gold_loss":0.0,"damage_taken":0.0},{"damage_healed":0.0,"max_hp_gain":0.0,"max_hp_loss":0.0,"gold_gain":0.0,"event_name":"MindBloom","player_choice":"Fight","floor":47.0,"gold_loss":0.0,"damage_taken":0.0}],"is_beta":false,"boss_relics":[{"not_picked":["aspiration:RitualDagger","Runic Dome"],"picked":"hubris:HollowSoul"},{"not_picked":["ReplayTheSpireMod:SealedPack","hubris:GrandSneckoEye"],"picked":"vexMod:ImprovementManual"}],"items_purged_floors":[22,28,37,41,48],"is_endless":false,"potions_floor_spawned":[10,16,19,20,21,30,31,35,44,47],"killed_by":"Time Eater","ascension_level":0}}