{"host":"9kesdg97wkrx2bva","time":1610604275,"event":{"mods":["AchievementEnabler","BaseMod","Colored Map","Downfall","GifTheSpireLib","Infinite Spire","Minty Spire (QoL Compilation)","Replay The Spire","StSLib"],"gold_per_floor":[213,49,66,141,41,41,58,88,88,108,108,119,135,200,200,278,278,290,317,192,192,192,192,222,222,222,239,249,249,249,268,268,268,268],"floor_reached":33,"language":"ENG","playtime":715,"items_purged":["Strike_B","Strike_B","Strike_B","Strike_B"],"score":477,"play_id":"8a866917-b97f-416f-a703-1d60266d8258","local_time":"20210114010435","is_ascension_mode":true,"campfire_choices":[{"data":"Darkness","floor":6,"key":"SMITH"},{"floor":11,"key":"REST"},{"data":"Zap","floor":15,"key":"SMITH"},{"floor":23,"key":"REST"},{"floor":25,"key":"REST"},{"data":"Rainbow","floor":32,"key":"SMITH"}],"circlet_count":0,"master_deck":["AscendersBane","Defend_B","Defend_B","Defend_B","Defend_B","Zap+1","Dualcast","Darkness+1","Defragment","Panic Button","Force Field","Defragment","Doom and Gloom","Electrodynamics","Barrage","Capacitor","Rainbow+1","infinitespire:SevenWalls","Rainbow"],"relics":["Cracked Core","infinitespire:WardingShard","Cables","Orichalcum","Busted Crown","Red Mask","Lantern","Onion Ring","MutagenicStrength","Boot"],"acts_visited":["Exordium","TheCity"],"potions_floor_usage":[16,19,19,33],"damage_taken":[{"damage":0,"enemies":"Small Slimes","floor":1,"turns":3},{"damage":2,"enemies":"2 Louse","floor":3,"turns":3},{"damage":7,"enemies":"Jaw Worm","floor":7,"turns":4},{"damage":24,"enemies":"Gremlin Nob","floor":8,"turns":4},{"damage":0,"enemies":"2 Fungi Beasts","floor":10,"turns":3},{"damage":0,"enemies":"Looter","floor":12,"turns":3},{"damage":0,"enemies":"3 Louse","floor":13,"turns":1},{"damage":10,"enemies":"3 Sentries","floor":14,"turns":2},{"damage":3,"enemies":"The Guardian","floor":16,"turns":8},{"damage":11,"enemies":"3 Byrds","floor":18,"turns":3},{"damage":13,"enemies":"Masked Bandits","floor":19,"turns":4},{"damage":14,"enemies":"Book of Stabbing","floor":24,"turns":6},{"damage":4,"enemies":"Spheric Guardian","floor":27,"turns":4},{"damage":13,"enemies":"Centurion and Healer","floor":28,"turns":6},{"damage":0,"enemies":"3 Cultists","floor":31,"turns":3},{"damage":49,"enemies":"Collector","floor":33,"turns":7}],"seed_played":"5845751971020350910","potions_obtained":[{"floor":1,"key":"EssenceOfDarkness"},{"floor":7,"key":"LifebloodPotion"},{"floor":16,"key":"Dexterity Potion"},{"floor":31,"key":"FocusPotion"}],"is_trial":false,"path_per_floor":["M","$","M","?","$","R","M","E","T","M","R","M","M","?","R","B",null,"M","?","$","?","AVR","R","E","R","T","M","M","?","T","M","R","B"],"character_chosen":"DEFECT","items_purchased":["Defragment"],"campfire_rested":3,"item_purchase_floors":[2],"current_hp_per_floor":[64,64,62,51,51,51,44,20,20,20,41,41,41,31,31,28,60,49,36,36,18,18,39,25,46,46,42,29,29,29,29,29,0,0],"gold":268,"neow_bonus":"HUNDRED_GOLD","is_daily":false,"chose_seed":false,"campfire_upgraded":3,"win_rate":0.0,"timestamp":1610604275,"path_taken":["M","$","M","?","$","R","M","E","T","M","R","M","M","?","R","BOSS","M","?","$","?","AVR","R","E","R","T","M","M","?","?","M","R","BOSS"],"items_purchased_type":["Card"],"build_version":"2020-12-22","purchased_purges":4,"victory":false,"max_hp_per_floor":[71,71,71,71,71,71,71,71,71,71,71,71,71,71,71,71,71,71,71,71,71,71,71,71,71,71,71,71,71,71,71,71,71,71],"card_choices":[{"not_picked":["Coolheaded","Sunder"],"picked":"Darkness","floor":1},{"not_picked":["Time Bomb","Go for the Eyes"],"picked":"Panic Button","floor":3},{"not_picked":["Coolheaded","Reprogram"],"picked":"Force Field","floor":7},{"not_picked":["Leap","Go for the Eyes"],"picked":"Defragment","floor":8},{"not_picked":["Glacier","Streamline"],"picked":"Doom and Gloom","floor":10},{"not_picked":["Chill","Compile Driver"],"picked":"Electrodynamics","floor":12},{"not_picked":["Panic Button","Hologram"],"picked":"Barrage","floor":13},{"not_picked":["Static Discharge","BasicCrystalCard"],"picked":"Capacitor","floor":14},{"not_picked":["Core Surge","Buffer"],"picked":"Rainbow","floor":16},{"not_picked":["Redo"],"picked":"SKIP","floor":18},{"not_picked":["ReplayTheSpireMod:Black Plague","infinitespire:TheBestDefense"],"picked":"infinitespire:SevenWalls","floor":21},{"not_picked":[],"picked":"Rainbow","floor":24},{"not_picked":["Tempest"],"picked":"SKIP","floor":27},{"not_picked":["Tempest"],"picked":"SKIP","floor":27},{"not_picked":["ReplayTheSpireMod:GoodbyeWorld"],"picked":"SKIP","floor":28},{"not_picked":["BasicCrystalCard"],"picked":"SKIP","floor":31}],"player_experience":928792,"relics_obtained":[{"floor":8,"key":"infinitespire:WardingShard"},{"floor":9,"key":"Cables"},{"floor":14,"key":"Orichalcum"},{"floor":19,"key":"Red Mask"},{"floor":24,"key":"Lantern"},{"floor":26,"key":"Onion Ring"},{"floor":30,"key":"Boot"}],"event_choices":[{"damage_healed":0,"gold_gain":75,"player_choice":"Gather Gold","damage_taken":11,"max_hp_gain":0,"max_hp_loss":0,"event_name":"World of Goop","floor":4,"gold_loss":0},{"damage_healed":0,"gold_gain":0,"player_choice":"Searched \u00271\u0027 times","damage_taken":0,"max_hp_gain":0,"max_hp_loss":0,"event_name":"Dead Adventurer","floor":14,"gold_loss":0},{"damage_healed":0,"gold_gain":0,"player_choice":"Fought Bandits","damage_taken":0,"max_hp_gain":0,"max_hp_loss":0,"event_name":"Masked Bandits","floor":19,"gold_loss":0},{"damage_healed":0,"gold_gain":0,"player_choice":"Inject Mutagens","damage_taken":0,"relics_obtained":["MutagenicStrength"],"max_hp_gain":0,"max_hp_loss":0,"event_name":"Drug Dealer","floor":29,"gold_loss":0}],"is_beta":false,"boss_relics":[{"not_picked":["Nuclear Battery","ReplayTheSpireMod:DimensionalGlitch"],"picked":"Busted Crown"}],"items_purged_floors":[2,5,20,22],"is_endless":false,"potions_floor_spawned":[1,7,12,16,18,31],"killed_by":"Collector","ascension_level":16}}