{"host":"j4g6ia6asvpyu2b0","time":1610635408,"event":{"mods":["BaseMod","Colored Map","Minty Spire (QoL Compilation)","Permanent Neow","Quick Restart","Relic Stats","StSLib","Unceasing Turn Reminder"],"gold_per_floor":[114,39,57,68,143,171,171,198,248,260,260,260,292,319,331,438,450,482,494,506,506],"floor_reached":20,"language":"ENG","playtime":606,"items_purged":["Pain"],"score":336,"play_id":"73900fc7-3e40-4c76-afe3-e98ba33a1681","local_time":"20210114074328","is_ascension_mode":true,"campfire_choices":[{"floor":7,"key":"REST"},{"data":"Defragment","floor":11,"key":"SMITH"},{"data":"Genetic Algorithm","floor":15,"key":"SMITH"}],"circlet_count":0,"master_deck":["AscendersBane","Strike_B","Strike_B","Strike_B","Defend_B","Defend_B","Defend_B","Defend_B","Zap","Dualcast","Genetic Algorithm+1","Rip and Tear","Hologram","Echo Form","Reinforced Body","Defragment+1","Coolheaded","Hologram","Biased Cognition","Darkness"],"relics":["Cracked Core","FossilizedHelix","Eternal Feather","Lantern","Bag of Marbles","MawBank","Runic Dome"],"acts_visited":["Exordium","TheCity"],"potions_floor_usage":[20],"damage_taken":[{"damage":5,"enemies":"Cultist","floor":1,"turns":4},{"damage":0,"enemies":"Small Slimes","floor":3,"turns":3},{"damage":0,"enemies":"Jaw Worm","floor":4,"turns":3},{"damage":30,"enemies":"Gremlin Nob","floor":6,"turns":5},{"damage":0,"enemies":"Lagavulin","floor":8,"turns":7},{"damage":0,"enemies":"Large Slime","floor":10,"turns":6},{"damage":39,"enemies":"Gremlin Nob","floor":13,"turns":6},{"damage":0,"enemies":"2 Fungi Beasts","floor":14,"turns":2},{"damage":11,"enemies":"Slime Boss","floor":16,"turns":14},{"damage":9,"enemies":"2 Thieves","floor":18,"turns":4},{"damage":17,"enemies":"3 Byrds","floor":20,"turns":3}],"seed_played":"4278585554575374932","potions_obtained":[{"floor":3,"key":"SpeedPotion"},{"floor":8,"key":"Explosive Potion"},{"floor":13,"key":"SteroidPotion"}],"is_trial":false,"path_per_floor":["M","$","M","M","?","E","R","E","T","M","R","?","E","M","R","B",null,"M","$","M"],"character_chosen":"DEFECT","items_purchased":[],"campfire_rested":1,"item_purchase_floors":[],"current_hp_per_floor":[63,63,63,63,52,22,53,53,53,53,62,62,23,23,32,21,62,53,53,36,36],"gold":506,"neow_bonus":"ONE_RARE_RELIC","is_daily":false,"chose_seed":false,"campfire_upgraded":2,"win_rate":0.0,"timestamp":1610635408,"path_taken":["M","$","M","M","?","E","R","E","T","M","R","?","E","?","R","BOSS","M","$","M"],"items_purchased_type":[],"build_version":"2020-12-22","purchased_purges":1,"victory":false,"max_hp_per_floor":[75,75,75,75,75,75,75,75,75,75,75,75,75,75,75,75,75,75,75,75,75],"relic_stats":{"counters":[11,57],"Eternal Feather":27,"MawBank":84,"obtain_stats":[{"Runic Dome":17,"Lantern":8,"Eternal Feather":6,"Bag of Marbles":9,"Cracked Core":0,"MawBank":13,"FossilizedHelix":0},{"Runic Dome":9,"Lantern":5,"Eternal Feather":4,"Bag of Marbles":5,"Cracked Core":0,"MawBank":7,"FossilizedHelix":0},{"Runic Dome":50,"Lantern":22,"Eternal Feather":15,"Bag of Marbles":22,"Cracked Core":0,"MawBank":34,"FossilizedHelix":0}]},"card_choices":[{"not_picked":["Compile Driver","Streamline"],"picked":"Genetic Algorithm","floor":1},{"not_picked":["Storm","Gash"],"picked":"Rip and Tear","floor":3},{"not_picked":["Stack","Barrage"],"picked":"Hologram","floor":4},{"not_picked":["Go for the Eyes","Barrage"],"picked":"Echo Form","floor":6},{"not_picked":["Leap","Stack"],"picked":"Reinforced Body","floor":8},{"not_picked":["Aggregate","Genetic Algorithm"],"picked":"Defragment","floor":10},{"not_picked":["FTL","Barrage"],"picked":"Coolheaded","floor":13},{"not_picked":["Hello World","Leap"],"picked":"Hologram","floor":14},{"not_picked":["Rainbow","Reboot"],"picked":"Biased Cognition","floor":16},{"not_picked":["Conserve Battery","Streamline"],"picked":"Darkness","floor":18}],"player_experience":843776,"relics_obtained":[{"floor":6,"key":"Eternal Feather"},{"floor":8,"key":"Lantern"},{"floor":9,"key":"Bag of Marbles"},{"floor":13,"key":"MawBank"}],"event_choices":[{"damage_healed":0,"gold_gain":75,"player_choice":"Gather Gold","damage_taken":11,"max_hp_gain":0,"max_hp_loss":0,"event_name":"World of Goop","floor":5,"gold_loss":0},{"cards_removed":["Strike_B"],"damage_healed":0,"gold_gain":0,"player_choice":"Purged","damage_taken":0,"max_hp_gain":0,"max_hp_loss":0,"event_name":"Purifier","floor":12,"gold_loss":0}],"is_beta":false,"boss_relics":[{"not_picked":["Runic Pyramid","Fusion Hammer"],"picked":"Runic Dome"}],"items_purged_floors":[2],"is_endless":false,"potions_floor_spawned":[3,8,13,14],"killed_by":"3 Byrds","ascension_level":11}}