{"host":"eu5wvbbtjeiar27l","time":1610639953,"event":{"mods":["Astrologer","BaseMod","Colored Powertips","Conspire","Energized Spire","Hubris","Infinite Spire","Mad Scientist","Melee Mod","Minty Spire (QoL Compilation)","Potionbrewer","Rare Cards Sparkle","StSLib","The Construct","The Factory","The Jungle","The Runesmith","The Valiant","Treasure Hunter","themimic","vexMod"],"gold_per_floor":[118,134,147,222,235,235,32,46,46,71,19,29,29,29],"floor_reached":13,"language":"ENG","playtime":943,"items_purged":[],"score":112,"play_id":"d58d30f4-246d-445c-825e-c5f23d918ea1","local_time":"20210114155913","is_ascension_mode":false,"campfire_choices":[{"data":"construct:Autoturret","floor":6,"key":"SMITH"}],"circlet_count":0,"master_deck":["construct:Strike_Gold","construct:Strike_Gold","construct:Strike_Gold","construct:Strike_Gold","construct:Strike_Gold","construct:Defend_Gold","construct:Defend_Gold","construct:Defend_Gold","construct:Defend_Gold","construct:Defend_Gold","construct:AttackMode","construct:DefenseMode","construct:ShiftGuard","construct:Autoturret+1","construct:Forcefield","construct:Autoturret","construct:Autoturret","construct:LaserCore","construct:Autoturret","construct:Autoturret","construct:Backup"],"relics":["construct:Cogwheel","Boot","construct:FoamFinger","Tiny Chest"],"acts_visited":["Exordium"],"potions_floor_usage":[13],"damage_taken":[{"damage":0,"enemies":"2 Louse","floor":1,"turns":3},{"damage":3,"enemies":"Cultist","floor":2,"turns":6},{"damage":7,"enemies":"Small Slimes","floor":3,"turns":6},{"damage":2,"enemies":"Red Slaver","floor":5,"turns":13},{"damage":0,"enemies":"Exordium Wildlife","floor":8,"turns":6},{"damage":36,"enemies":"3 Sentries","floor":10,"turns":16},{"damage":7,"enemies":"Large Slime","floor":12,"turns":10},{"damage":33,"enemies":"Gremlin Nob","floor":13,"turns":6}],"seed_played":"4755889525811195556","potions_obtained":[{"floor":1,"key":"Dexterity Potion"},{"floor":8,"key":"potionbrewer:InfectionPotion"}],"is_trial":false,"path_per_floor":["M","M","M","?","M","R","$","M","T","E","$","M","E"],"character_chosen":"THE_CONSTRUCT_MOD","items_purchased":["construct:Autoturret","Boot","construct:Autoturret"],"campfire_rested":0,"item_purchase_floors":[7,7,11],"current_hp_per_floor":[93,90,83,74,72,72,72,72,72,36,36,29,0,0],"gold":29,"neow_bonus":"TEN_PERCENT_HP_BONUS","is_daily":false,"chose_seed":false,"campfire_upgraded":1,"win_rate":0.0,"timestamp":1610639953,"path_taken":["M","M","M","?","M","R","$","M","T","E","?","?","E"],"items_purchased_type":["Card","Relic","Card"],"build_version":"2020-12-22","purchased_purges":0,"victory":false,"max_hp_per_floor":[93,93,93,93,93,93,93,93,93,93,93,93,93,93],"card_choices":[{"not_picked":["construct:SuppressiveFire","construct:ReactiveShield"],"picked":"construct:ShiftGuard","floor":1},{"not_picked":["construct:Isolate","construct:HardReboot"],"picked":"construct:Autoturret","floor":2},{"not_picked":["construct:FocusedBeam","construct:HardReboot"],"picked":"construct:Forcefield","floor":3},{"not_picked":["construct:Forcefield","construct:SyphonStrike"],"picked":"construct:Autoturret","floor":5},{"not_picked":["construct:ModeShift","construct:Boost"],"picked":"construct:LaserCore","floor":8},{"not_picked":["TH:CursedSword","TH:Mimic"],"picked":"SKIP","floor":9},{"not_picked":["TH:CursedSword","TH:Mimic"],"picked":"SKIP","floor":9},{"not_picked":["TH:CursedSword","TH:Mimic"],"picked":"SKIP","floor":9},{"not_picked":["construct:ShiftStrike","construct:FocusedBeam"],"picked":"construct:Autoturret","floor":10},{"not_picked":["TH:PixieDust","TH:Mimic"],"picked":"SKIP","floor":10},{"not_picked":["construct:Enhance","construct:Construct_Overclock"],"picked":"construct:Backup","floor":12}],"player_experience":171611,"relics_obtained":[{"floor":9,"key":"construct:FoamFinger"},{"floor":10,"key":"Tiny Chest"}],"event_choices":[{"damage_healed":0,"gold_gain":75,"player_choice":"Touch","damage_taken":9,"max_hp_gain":0,"max_hp_loss":0,"event_name":"FaceTrader","floor":4,"gold_loss":0}],"is_beta":false,"boss_relics":[],"items_purged_floors":[],"is_endless":false,"potions_floor_spawned":[1,8],"killed_by":"Gremlin Nob","ascension_level":0}}