{"host":"udzsrhbqdxqtlypj","time":1610650699,"event":{"mods":["BaseMod","Minty Spire (QoL Compilation)","Relic Stats"],"gold_per_floor":[118,128,128,128,56,90,90,119,144,144,154,154,169,232,232,329,329,343,442,357,377,390,415,415,445,445,445,474,493,493,493,493,592,592,609,281,297,310,330,355,355,382,382,382,382,407,407,196,196,196,196,196,47,74,74,74],"floor_reached":55,"language":"ENG","playtime":7844,"items_purged":["Decay"],"score":1304,"play_id":"b8cf9e56-bd52-4df5-a588-633ef89e6a45","local_time":"20210114125819","is_ascension_mode":true,"campfire_choices":[{"data":"Cold Snap","floor":7.0,"key":"SMITH"},{"data":"Turbo","floor":10.0,"key":"SMITH"},{"data":"Capacitor","floor":12.0,"key":"SMITH"},{"data":"Conserve Battery","floor":15.0,"key":"SMITH"},{"data":"Defragment","floor":24,"key":"SMITH"},{"data":"Electrodynamics","floor":27,"key":"SMITH"},{"data":"Strike_B","floor":30,"key":"PURGE"},{"data":"Strike_B","floor":32,"key":"PURGE"},{"data":"Defend_B","floor":41,"key":"PURGE"},{"floor":47,"key":"RECALL"},{"data":"Defend_B","floor":49,"key":"PURGE"},{"data":"Defend_B","floor":52,"key":"PURGE"}],"circlet_count":0,"master_deck":["AscendersBane","Dualcast","Meteor Strike+1","Static Discharge+1","Consume+1","Cold Snap+1","Ball Lightning","Cold Snap","Turbo+1","FTL","Capacitor+1","Conserve Battery+1","Electrodynamics+1","Turbo+1","Skim+1","Defragment+1","Echo Form","Steam Power+1","Fission","Cold Snap+1","Glacier+1","Coolheaded+1","Coolheaded+1","Buffer","Doom and Gloom+1","Defragment","Master of Strategy","Electrodynamics+1","Skim+1"],"relics":["Astrolabe","DataDisk","Bottled Flame","Strawberry","Blood Vial","Bag of Marbles","Coffee Dripper","Letter Opener","Matryoshka","Singing Bowl","Happy Flower","WingedGreaves","Peace Pipe","Fusion Hammer","Bottled Tornado","Ginger","Gremlin Horn","InkBottle","Symbiotic Virus","DollysMirror","Pear"],"acts_visited":["Exordium","TheCity","TheBeyond","TheEnding"],"potions_floor_usage":[23,25,28,55,55],"damage_taken":[{"damage":6.0,"enemies":"Cultist","floor":1.0,"turns":3.0},{"damage":9.0,"enemies":"Small Slimes","floor":2.0,"turns":4.0},{"damage":0.0,"enemies":"Lagavulin","floor":6.0,"turns":6.0},{"damage":30.0,"enemies":"3 Sentries","floor":8.0,"turns":4.0},{"damage":0.0,"enemies":"2 Louse","floor":11.0,"turns":3.0},{"damage":0.0,"enemies":"Looter","floor":13.0,"turns":4.0},{"damage":13.0,"enemies":"3 Sentries","floor":14.0,"turns":5.0},{"damage":18.0,"enemies":"The Guardian","floor":16.0,"turns":10.0},{"damage":8,"enemies":"Shell Parasite","floor":18,"turns":4},{"damage":0,"enemies":"Spheric Guardian","floor":21,"turns":5},{"damage":8,"enemies":"Cultist and Chosen","floor":22,"turns":5},{"damage":6,"enemies":"Book of Stabbing","floor":23,"turns":4},{"damage":0,"enemies":"Slavers","floor":25,"turns":4},{"damage":25,"enemies":"Book of Stabbing","floor":28,"turns":4},{"damage":6,"enemies":"Centurion and Healer","floor":29,"turns":4},{"damage":27,"enemies":"Automaton","floor":33,"turns":7},{"damage":12,"enemies":"3 Darklings","floor":35,"turns":3},{"damage":9,"enemies":"Orb Walker","floor":37,"turns":3},{"damage":10,"enemies":"Spire Growth","floor":38,"turns":5},{"damage":3,"enemies":"Maw","floor":39,"turns":6},{"damage":0,"enemies":"Giant Head","floor":40,"turns":9},{"damage":37,"enemies":"Reptomancer","floor":42,"turns":5},{"damage":0,"enemies":"Nemesis","floor":46,"turns":11},{"damage":26,"enemies":"Donu and Deca","floor":50,"turns":8},{"damage":10,"enemies":"Shield and Spear","floor":54,"turns":4},{"damage":77,"enemies":"The Heart","floor":55,"turns":3}],"seed_played":"-5457077089335539307","potions_obtained":[{"floor":1.0,"key":"GamblersBrew"},{"floor":2.0,"key":"Weak Potion"},{"floor":8.0,"key":"DuplicationPotion"},{"floor":21,"key":"CultistPotion"},{"floor":23,"key":"BlessingOfTheForge"},{"floor":25,"key":"PowerPotion"},{"floor":28,"key":"BlessingOfTheForge"},{"floor":38,"key":"PotionOfCapacity"}],"is_trial":false,"path_per_floor":["M","M","?","?","$","E","R","E","T","R","M","R","M","?","R","B",null,"M","?","?","M","M","E","R","E","T","R","E","M","R","?","R","B",null,"M","$","M","M","M","E","R","E","T","?","?","E","R","$","R","B",null,"R","$","E","B"],"character_chosen":"DEFECT","items_purchased":["Cold Snap","Turbo","Bottled Tornado","Defragment","Master of Strategy","DollysMirror"],"campfire_rested":0,"item_purchase_floors":[5,5,36,48,48,53],"current_hp_per_floor":[62,53,41,66,66,66,66,43,43,43,45,45,47,36,36,20,67,61,61,61,63,57,53,53,55,55,55,32,30,30,30,30,5,64,54,54,47,39,38,40,40,7,7,7,75,75,75,75,75,49,69,69,69,71,0,0],"gold":74,"neow_bonus":"BOSS_RELIC","is_daily":false,"chose_seed":false,"campfire_upgraded":6,"win_rate":0.0,"timestamp":1610650699,"path_taken":["M","?","?","?","$","E","R","E","T","R","M","R","M","?","R","BOSS","M","?","?","M","M","E","R","E","T","R","E","M","R","?","R","BOSS","M","$","M","M","M","E","R","E","T","?","?","E","R","$","R","BOSS","R","$","E","BOSS"],"items_purchased_type":["Card","Card","Relic","Card","Card","Relic"],"build_version":"2020-12-22","purchased_purges":1,"victory":false,"max_hp_per_floor":[75,75,75,75,75,75,75,82,82,82,82,82,82,82,82,82,82,82,82,82,82,82,82,82,82,82,82,82,84,84,84,84,84,84,84,84,84,84,84,84,84,86,86,86,75,75,75,75,75,75,75,75,75,85,85,85],"relic_stats":{"Blood Vial":40,"Peace Pipe":5,"Singing Bowl":4,"Happy Flower":[24],"Gremlin Horn":[2,2],"counters":[26,133],"Astrolabe":["Meteor Strike","Static Discharge","Consume"],"Letter Opener":[315],"Ginger":[3],"obtain_stats":[{"Pear":54,"Singing Bowl":25,"Happy Flower":26,"Gremlin Horn":42,"Astrolabe":0,"Letter Opener":20,"Ginger":40,"Bottled Tornado":36,"Blood Vial":9,"Peace Pipe":28,"DataDisk":3,"Bottled Flame":6,"Matryoshka":23,"DollysMirror":53,"Strawberry":8,"WingedGreaves":26,"Fusion Hammer":34,"Bag of Marbles":14,"Coffee Dripper":17,"Cracked Core":0,"Symbiotic Virus":46,"InkBottle":43},{"Pear":25,"Singing Bowl":13,"Happy Flower":13,"Gremlin Horn":22,"Astrolabe":0,"Letter Opener":9,"Ginger":21,"Bottled Tornado":17,"Blood Vial":4,"Peace Pipe":14,"DataDisk":2,"Bottled Flame":3,"Matryoshka":12,"DollysMirror":24,"Strawberry":4,"WingedGreaves":13,"Fusion Hammer":16,"Bag of Marbles":7,"Coffee Dripper":8,"Cracked Core":0,"Symbiotic Virus":23,"InkBottle":22},{"Pear":130,"Singing Bowl":61,"Happy Flower":61,"Gremlin Horn":107,"Astrolabe":0,"Letter Opener":43,"Ginger":102,"Bottled Tornado":79,"Blood Vial":17,"Peace Pipe":65,"DataDisk":7,"Bottled Flame":13,"Matryoshka":57,"DollysMirror":126,"Strawberry":17,"WingedGreaves":61,"Fusion Hammer":76,"Bag of Marbles":29,"Coffee Dripper":39,"Cracked Core":0,"Symbiotic Virus":118,"InkBottle":107}],"InkBottle":[13]},"card_choices":[{"not_picked":["Doom and Gloom","Chaos"],"picked":"Cold Snap","floor":1.0},{"not_picked":["Sweeping Beam","Beam Cell"],"picked":"Ball Lightning","floor":2.0},{"not_picked":["Leap","Barrage","Meteor Strike"],"picked":"SKIP","floor":6.0},{"not_picked":["Melter","Storm"],"picked":"FTL","floor":8.0},{"not_picked":["Sweeping Beam","Barrage"],"picked":"Capacitor","floor":11.0},{"not_picked":["Streamline","Barrage","Steam"],"picked":"SKIP","floor":13.0},{"not_picked":["White Noise","Gash"],"picked":"Conserve Battery","floor":14.0},{"not_picked":["Biased Cognition","Multi-Cast"],"picked":"Electrodynamics","floor":16.0},{"not_picked":["Doom and Gloom","Streamline"],"picked":"Turbo+1","floor":18},{"not_picked":["Gash","Barrage","Leap"],"picked":"SKIP","floor":21},{"not_picked":["Tempest","Force Field"],"picked":"Skim+1","floor":22},{"not_picked":["Ball Lightning+1","Meteor Strike"],"picked":"Defragment","floor":23},{"not_picked":["Genetic Algorithm","Heatsinks"],"picked":"Echo Form","floor":25},{"not_picked":["Ball Lightning","Scrape+1"],"picked":"Steam Power+1","floor":28},{"not_picked":["Beam Cell","Turbo","Leap+1"],"picked":"Singing Bowl","floor":29},{"not_picked":["Creative AI","All For One"],"picked":"Fission","floor":33},{"not_picked":["Compile Driver","Gash"],"picked":"Cold Snap+1","floor":35},{"not_picked":["Auto Shields+1","Sweeping Beam"],"picked":"Glacier+1","floor":37},{"not_picked":["Conserve Battery+1","Turbo"],"picked":"Coolheaded+1","floor":38},{"not_picked":["Rebound","Recycle+1"],"picked":"Coolheaded+1","floor":39},{"not_picked":["Leap+1","Beam Cell+1"],"picked":"Buffer","floor":40},{"not_picked":["Reprogram","Stack+1","Fission"],"picked":"Singing Bowl","floor":42},{"not_picked":["Double Energy+1","Sweeping Beam+1"],"picked":"Doom and Gloom+1","floor":46},{"not_picked":["Compile Driver","Reinforced Body+1"],"picked":"Skim+1","floor":54}],"player_experience":2788179,"relics_obtained":[{"floor":6.0,"key":"Bottled Flame"},{"floor":8.0,"key":"Strawberry"},{"floor":9.0,"key":"Blood Vial"},{"floor":14.0,"key":"Bag of Marbles"},{"floor":23,"key":"Matryoshka"},{"floor":25,"key":"Singing Bowl"},{"floor":26,"key":"Happy Flower"},{"floor":26,"key":"WingedGreaves"},{"floor":28,"key":"Peace Pipe"},{"floor":40,"key":"Ginger"},{"floor":42,"key":"Gremlin Horn"},{"floor":43,"key":"InkBottle"},{"floor":46,"key":"Symbiotic Virus"},{"floor":54,"key":"Pear"}],"event_choices":[{"damage_healed":0.0,"max_hp_gain":0.0,"max_hp_loss":0.0,"gold_gain":0.0,"event_name":"Scrap Ooze","player_choice":"Success","floor":3.0,"gold_loss":0.0,"damage_taken":12.0,"relics_obtained":["DataDisk"]},{"damage_healed":25.0,"max_hp_gain":0.0,"max_hp_loss":0.0,"gold_gain":0.0,"event_name":"Big Fish","player_choice":"Banana","floor":4.0,"gold_loss":0.0,"damage_taken":0.0},{"damage_healed":0.0,"max_hp_gain":0.0,"max_hp_loss":0.0,"gold_gain":0.0,"event_name":"Dead Adventurer","player_choice":"Searched \u00271\u0027 times","floor":14.0,"gold_loss":0.0,"damage_taken":0.0},{"damage_healed":0,"gold_gain":99,"player_choice":"Stole From Cult","damage_taken":0,"max_hp_gain":0,"max_hp_loss":0,"event_name":"Nest","floor":19,"gold_loss":0},{"damage_healed":0,"gold_gain":0,"player_choice":"Obtained Relic","damage_taken":0,"relics_obtained":["Letter Opener"],"max_hp_gain":0,"max_hp_loss":0,"event_name":"Addict","floor":20,"gold_loss":85},{"damage_healed":0,"gold_gain":0,"player_choice":"Smashed Altar","damage_taken":0,"max_hp_gain":0,"max_hp_loss":0,"event_name":"Forgotten Altar","floor":31,"gold_loss":0,"cards_obtained":["Decay"]},{"cards_removed":["Zap"],"damage_healed":0,"gold_gain":0,"player_choice":"Removed Skill","damage_taken":0,"max_hp_gain":0,"max_hp_loss":0,"event_name":"Falling","floor":44,"gold_loss":0},{"damage_healed":75,"gold_gain":0,"player_choice":"Heal","damage_taken":0,"max_hp_gain":0,"max_hp_loss":11,"event_name":"The Moai Head","floor":45,"gold_loss":0}],"is_beta":false,"boss_relics":[{"not_picked":["Black Star","Philosopher\u0027s Stone"],"picked":"Coffee Dripper"},{"not_picked":["Pandora\u0027s Box","Cursed Key"],"picked":"Fusion Hammer"}],"items_purged_floors":[36],"is_endless":false,"potions_floor_spawned":[1,2,8,21,23,25,28,38],"killed_by":"The Heart","ascension_level":10}}