{"host":"i9h64q9gphvrup4n","time":1610598782,"event":{"mods":["2.2 Compatiblity","AchievementEnabler","Aspiration","Astrologer","Bard","BaseMod","Beaked The Cultist","BetterRewards","Colored Powertips","Conspire","Downfall","Gremlin Mod","Hermit","Hubris","Infinite Spire","Jorbs\u0027s Wanderer Trilogy","Minty Spire (QoL Compilation)","Replay The Spire","Shop Mod","StSLib","SuperFastMode","The Blackbeard","The Bladedancer","The Bug Knight","The Construct","The Cursed","The Disciple","The Hierophant","The Jungle","The Necromancer","The Runesmith","The Wild Card","slay the spire mod where everything is the same but ironclad has a cowboy hat","vexMod"],"gold_per_floor":[109,147,164,178,196,231,231,264,264,299,299,299,314,346,346,417,417,434,434,446,14,33,63,80,80,80,80,80,91,107,135,135,214,214,230,243,243,243,243,243,274,274,274,291,303,628,661,674,674,674,674,674,89,115,115,115],"floor_reached":55,"language":"ENG","playtime":2100,"items_purged":["Amnesia","stsjorbsmod:Procrastination"],"score":1589,"play_id":"ee37df12-8989-456d-9ecd-6cc1191abcb5","local_time":"20210113223302","is_ascension_mode":true,"campfire_choices":[{"data":"Hellfire","floor":7,"key":"SMITH"},{"data":"Life_Drain","floor":12,"key":"SMITH"},{"data":"Stop_Heart","floor":15,"key":"SMITH"},{"floor":25,"key":"REST"},{"floor":27,"key":"RECALL"},{"floor":32,"key":"REST"},{"floor":40,"key":"REST"},{"floor":42,"key":"REST"},{"floor":49,"key":"REST"},{"data":"hubris:InfiniteBlow+16","floor":52,"key":"SMITH"}],"circlet_count":0,"master_deck":["AscendersBane","Strike_W","Strike_W","Strike_W","Strike_W","Defend_W","Defend_W","Defend_W","Defend_W","Negative_Energy_Arrows","Bone_Wall","Hellfire+1","Bone_Bullets","Death_March_Dance","Life_Drain+1","Death_March_Dance","Negative_Energy_Mist","Acid_Javelin","Plague_Bolt","Stop_Heart+1","Uncharnel","Grasp_Heart","Siphon_Strength+1","Blood_Is_Power","Summon_Undead+1","Strike_from_Beyond","Summon_Death_Knight+1","Negative_Energy_Sphere+1","Toxic_Smoke_Screen+1","Summon_Lich","Consume_Illness","Necrotic_Claws","Toxic_Smoke_Screen","Skeleton_Dragon","Toxic_Smoke_Screen","Life_Drain+1","hubris:InfiniteBlow+17","Death_March_Dance","Uncharnel","Bone_Armory","Summon_Undead_Army+1","Bone_Bullets+1","Summon_Undead+1","Summon_Undead+1","Summon_Undead_Army+1","Toxic_Smoke_Screen"],"relics":["Vampire_Amulet","conspire:DeflatedDodgeball","BranchBurnRelic","Turnip","HollowMod:PaleOreRelic","ReplayTheSpireMod:Shallot","Cursed Key","hubris:Towel","Replay:Bottled Eggs","Dream Catcher","hubris:BottledRain","Mummified Hand","MutagenicStrength","Mango","vexMod:TanglingVine","aspiration:FaultyCoupler","Black Star","Lantern","infinitespire:Lucky Rock","Torii","Old Coin","Juzu Bracelet","Strawberry","Golden Egg","DollysMirror","Bottled Flame","Ginger"],"acts_visited":["Exordium","TheCity","TheBeyond","TheEnding"],"potions_floor_usage":[6,13,16,22,23,29,44,47,50,55,55],"damage_taken":[{"damage":0,"enemies":"2 Louse","floor":1,"turns":2},{"damage":16,"enemies":"conspire:MimicChest","floor":2,"turns":4},{"damage":3,"enemies":"Small Slimes","floor":3,"turns":3},{"damage":0,"enemies":"Jaw Worm","floor":4,"turns":3},{"damage":18,"enemies":"Lots of Slimes","floor":5,"turns":6},{"damage":20,"enemies":"HollowMod:MossKnight","floor":6,"turns":10},{"damage":28,"enemies":"Gremlin Nob","floor":8,"turns":4},{"damage":0,"enemies":"HollowMod:MossKnight","floor":10,"turns":3},{"damage":3,"enemies":"conspire:2 RoseBushes","floor":13,"turns":6},{"damage":15,"enemies":"Lagavulin","floor":14,"turns":6},{"damage":18,"enemies":"Hexaghost","floor":16,"turns":7},{"damage":10,"enemies":"Chosen","floor":18,"turns":4},{"damage":10,"enemies":"3 Byrds","floor":20,"turns":5},{"damage":5,"enemies":"Snake Plant","floor":22,"turns":3},{"damage":41,"enemies":"Gremlin Leader","floor":23,"turns":6},{"damage":11,"enemies":"Centurion and Healer","floor":24,"turns":6},{"damage":16,"enemies":"Snecko","floor":29,"turns":6},{"damage":21,"enemies":"Sentry and Sphere","floor":30,"turns":4},{"damage":12,"enemies":"HollowMod:Nosk","floor":31,"turns":6},{"damage":31,"enemies":"Champ","floor":33,"turns":9},{"damage":16,"enemies":"Orb Walker","floor":35,"turns":4},{"damage":54,"enemies":"3 Darklings","floor":36,"turns":5},{"damage":0,"enemies":"HollowMod:StalkingDevout","floor":41,"turns":1},{"damage":2,"enemies":"Transient","floor":44,"turns":5},{"damage":9,"enemies":"Spire Growth","floor":45,"turns":5},{"damage":0,"enemies":"Mind Bloom Boss Battle","floor":46,"turns":2},{"damage":28,"enemies":"Nemesis","floor":47,"turns":5},{"damage":11,"enemies":"Sphere and 2 Shapes","floor":48,"turns":4},{"damage":47,"enemies":"Donu and Deca","floor":50,"turns":7},{"damage":10,"enemies":"Shield and Spear","floor":54,"turns":5},{"damage":130,"enemies":"The Heart","floor":55,"turns":5}],"seed_played":"5575642811696305843","potions_obtained":[{"floor":4,"key":"Slimebound:ThreeZeroPotion"},{"floor":10,"key":"PowerPotion"},{"floor":13,"key":"Reflective Coating"},{"floor":14,"key":"PowerPotion"},{"floor":16,"key":"LifebloodPotion"},{"floor":24,"key":"Weak Potion"},{"floor":30,"key":"FearPotion"},{"floor":33,"key":"DistilledChaos"},{"floor":44,"key":"ColorlessPotion"},{"floor":47,"key":"Adrenaline Potion"}],"is_trial":false,"path_per_floor":["M","?","M","M","M","E","R","E","T","E","?","R","M","E","R","B",null,"M","?","M","$","M","E","M","R","T","R","?","M","M","E","R","B",null,"M","M","AVR","?","?","R","E","R","T","M","M","?","E","M","R","B",null,"R","$","E","B"],"character_chosen":"NECROMANCER","items_purchased":["Summon_Undead","Replay:Bottled Eggs","Dream Catcher","Golden Egg","DollysMirror","Summon_Undead_Army","Fire Potion"],"campfire_rested":5,"item_purchase_floors":[21,21,21,53,53,53,53],"current_hp_per_floor":[68,54,55,57,61,57,57,49,49,57,57,57,71,58,58,63,69,67,67,63,63,66,40,33,54,54,54,54,61,52,62,85,73,82,68,25,25,29,29,54,56,81,81,85,82,85,66,67,92,67,86,86,86,92,0,0],"gold":115,"neow_bonus":"ONE_RANDOM_RARE_CARD","is_daily":false,"chose_seed":false,"campfire_upgraded":4,"win_rate":0.0,"timestamp":1610598782,"path_taken":["M","?","M","M","M","E","R","E","T","E","?","R","M","E","R","BOSS","M","?","M","$","M","E","M","R","T","R","?","?","M","E","R","BOSS","M","M","AVR","?","?","R","E","R","T","M","?","?","E","M","R","BOSS","R","$","E","BOSS"],"items_purchased_type":["Card","Relic","Relic","Relic","Relic","Card","Potion"],"build_version":"2020-12-22","purchased_purges":2,"victory":false,"max_hp_per_floor":[71,71,71,71,71,71,71,71,71,71,71,71,71,71,71,71,71,71,71,71,71,71,71,71,71,71,71,71,71,71,85,85,85,85,85,85,85,85,85,85,85,85,85,85,85,85,92,92,92,92,92,92,92,92,92,92],"card_choices":[{"not_picked":["Consume_Illness","Necromantic_Selection"],"picked":"Bone_Bullets","floor":1},{"not_picked":["Chill_Blood","Spectral_Walk"],"picked":"Death_March_Dance","floor":2},{"not_picked":["Corrupt","Pandemic","Consume_Illness"],"picked":"SKIP","floor":3},{"not_picked":["Scare","Slay_Living"],"picked":"Life_Drain","floor":4},{"not_picked":["Consume_Illness","Death_Coil"],"picked":"Death_March_Dance","floor":5},{"not_picked":["Epidemic","Consume_Illness"],"picked":"Negative_Energy_Mist","floor":6},{"not_picked":["Spectral_Armor","Scare"],"picked":"Acid_Javelin","floor":8},{"not_picked":["Necromantic_Selection","Whirlwind_of_Bones"],"picked":"Plague_Bolt","floor":10},{"not_picked":["Negative_Energy_Javelin","Bone_Armory"],"picked":"Stop_Heart","floor":13},{"not_picked":["Death_Knell","Flesh_Made_Foul"],"picked":"Uncharnel","floor":14},{"not_picked":["Negative_Energy_Bomb","Detonate_Bones"],"picked":"Grasp_Heart","floor":16},{"not_picked":["Vampiric_Strike","Bone_Bullets"],"picked":"Siphon_Strength+1","floor":18},{"not_picked":["Consume_Illness","Bone_Shift"],"picked":"Blood_Is_Power","floor":20},{"not_picked":["Bone_Shift","Chill_Blood"],"picked":"Strike_from_Beyond","floor":22},{"not_picked":["Scare","Whirlwind_of_Bones"],"picked":"Summon_Death_Knight","floor":23},{"not_picked":["Bone_Shift","Chill_Blood"],"picked":"Negative_Energy_Sphere+1","floor":24},{"not_picked":["Bone_Bullets","Necromantic_Selection"],"picked":"Toxic_Smoke_Screen+1","floor":25},{"not_picked":["Violent_Necrosis","Negative_Energy_Mist"],"picked":"Summon_Lich","floor":29},{"not_picked":["Chill_Blood","Requiem"],"picked":"Consume_Illness","floor":30},{"not_picked":["Blood_Whip","Finger_Of_Death"],"picked":"Necrotic_Claws","floor":31},{"not_picked":["Consume_Illness","Scare"],"picked":"Toxic_Smoke_Screen","floor":32},{"not_picked":["Blood_Wake","Blood_Magic"],"picked":"Skeleton_Dragon","floor":33},{"not_picked":["Flesh_Made_Foul+1","Finger_Of_Death"],"picked":"Toxic_Smoke_Screen","floor":35},{"not_picked":["Stop_Heart","Necromantic_Selection+1"],"picked":"Life_Drain+1","floor":36},{"not_picked":["Death_Coil","Negative_Energy_Sphere"],"picked":"Death_March_Dance","floor":40},{"not_picked":["Bone_Armor","Blood_Whip","Bones_to_Steel"],"picked":"SKIP","floor":41},{"not_picked":["Death_March_Dance","Negative_Energy_Shield"],"picked":"Uncharnel","floor":42},{"not_picked":["Negative_Energy_Shield","Chill_Blood+1"],"picked":"Bone_Armory","floor":44},{"not_picked":["Whirlwind_of_Bones","Reap_The_Weak","Blood_Whip"],"picked":"SKIP","floor":45},{"not_picked":["Pandemic","Bone_Shift+1"],"picked":"Summon_Undead_Army+1","floor":46},{"not_picked":["Toxic_Smoke_Screen","Bones_to_Steel+1"],"picked":"Bone_Bullets+1","floor":47},{"not_picked":["Pandemic","Scare","Shackles_Of_Pain+1"],"picked":"SKIP","floor":48},{"not_picked":["Blood_Wake","Pandemic+1"],"picked":"Summon_Undead","floor":49},{"not_picked":["Corrupt","Bone_Armor+1"],"picked":"Toxic_Smoke_Screen","floor":54}],"player_experience":728469,"relics_obtained":[{"floor":2,"key":"conspire:DeflatedDodgeball"},{"floor":6,"key":"Dead Branch"},{"floor":8,"key":"Turnip"},{"floor":10,"key":"HollowMod:PaleOreRelic"},{"floor":14,"key":"ReplayTheSpireMod:Shallot"},{"floor":23,"key":"hubris:BottledRain"},{"floor":26,"key":"Mummified Hand"},{"floor":31,"key":"Mango"},{"floor":41,"key":"Lantern"},{"floor":41,"key":"infinitespire:Lucky Rock"},{"floor":43,"key":"Torii"},{"floor":46,"key":"Old Coin"},{"floor":47,"key":"Juzu Bracelet"},{"floor":47,"key":"Strawberry"},{"floor":54,"key":"Bottled Flame"},{"floor":54,"key":"Ginger"}],"event_choices":[{"damage_healed":0,"gold_gain":0,"player_choice":"Inject Mutagens","damage_taken":0,"relics_obtained":["MutagenicStrength"],"max_hp_gain":0,"max_hp_loss":0,"event_name":"Drug Dealer","floor":28,"gold_loss":0},{"damage_healed":0,"gold_gain":0,"player_choice":"Forge","damage_taken":0,"max_hp_gain":0,"max_hp_loss":0,"event_name":"Accursed Blacksmith","floor":39,"gold_loss":0,"cards_upgraded":["Summon_Death_Knight"]},{"damage_healed":0,"gold_gain":0,"player_choice":"Fight","damage_taken":0,"max_hp_gain":0,"max_hp_loss":0,"event_name":"MindBloom","floor":46,"gold_loss":0}],"is_beta":false,"boss_relics":[{"not_picked":["Ectoplasm","Abe\u0027s Treasure"],"picked":"Cursed Key"},{"not_picked":["aspiration:FutureDiary","conspire:SeveredTorchhead"],"picked":"vexMod:TanglingVine"}],"items_purged_floors":[37,53],"is_endless":false,"potions_floor_spawned":[4,10,13,14,16,18,24,30,33,41,44,47,48],"killed_by":"The Heart","ascension_level":15}}