{"host":"09dggplywn8v9u5y","time":1610645413,"event":{"mods":["2.2 Compatiblity","AchievementEnabler","BaseMod","Better Altar","Better Match","Better Note","Better Sensory Stone","Better Skull","Better Third Choice","BetterRewards","Block Reminder","Colored Map","Colored Powertips","DeckTracker","Friendly Minions","Highlight Path","Jorbs\u0027s Wanderer Trilogy","Minty Spire (QoL Compilation)","Quick Restart","Random Character Button","Rare Cards Sparkle","Relic Sorter","Relic Stats","Shop Mod","StSLib","The Bug Knight","The Cursed","The Disciple","The Necromancer","The Runesmith","The Servant 0.9.4","Unceasing Turn Reminder"],"gold_per_floor":[113,133,150,164,182,182,0,0,0,0,23,23,23,36,36,132,132,132,132,132,132,132,132],"floor_reached":22,"language":"ENG","playtime":1643,"items_purged":[],"score":180,"play_id":"ed3784f4-687a-4e7d-9dee-6370dbe57155","local_time":"20210114143013","is_ascension_mode":false,"campfire_choices":[{"data":"Zap","floor":6,"key":"SMITH"},{"data":"Enlightenment","floor":8,"key":"SMITH"},{"floor":12,"key":"REST"},{"data":"Dualcast","floor":15,"key":"SMITH"}],"circlet_count":0,"master_deck":["Strike_B","Strike_B","Strike_B","Strike_B","Defend_B","Defend_B","Defend_B","Defend_B","Zap+1","Dualcast+1","Go for the Eyes","Streamline","Stack","Rebound","Conserve Battery","Enlightenment+1","Steam","Go for the Eyes","FTL"],"relics":["Cracked Core","Pantograph","betterThird:SlimedRelic","Odd Mushroom","Ectoplasm"],"acts_visited":["Exordium","TheCity"],"potions_floor_usage":[11,16,16,20,20],"damage_taken":[{"damage":6,"enemies":"Small Slimes","floor":1,"turns":3},{"damage":1,"enemies":"Jaw Worm","floor":2,"turns":3},{"damage":0,"enemies":"2 Louse","floor":3,"turns":2},{"damage":9,"enemies":"2 Fungi Beasts","floor":4,"turns":4},{"damage":19,"enemies":"Gremlin Gang","floor":5,"turns":4},{"damage":26,"enemies":"The Mushroom Lair","floor":11,"turns":5},{"damage":2,"enemies":"Blue Slaver","floor":14,"turns":3},{"damage":29,"enemies":"Hexaghost","floor":16,"turns":11},{"damage":23,"enemies":"Shell Parasite","floor":18,"turns":11},{"damage":1,"enemies":"3 Byrds","floor":19,"turns":7},{"damage":24,"enemies":"Snecko","floor":20,"turns":9},{"damage":7,"enemies":"Shelled Parasite and Fungi","floor":21,"turns":10},{"damage":34,"enemies":"Cultist and Chosen","floor":22,"turns":5}],"seed_played":"5370397019578571435","potions_obtained":[{"floor":3,"key":"SneckoOil"},{"floor":11,"key":"EssenceOfDarkness"},{"floor":14,"key":"LiquidBronze"},{"floor":16,"key":"Dexterity Potion"},{"floor":18,"key":"CultistPotion"},{"floor":19,"key":"SpeedPotion"}],"is_trial":false,"path_per_floor":["M","M","M","M","M","R","?","R","T","?","?","R","?","M","R","B",null,"M","M","M","M","M"],"character_chosen":"DEFECT","items_purchased":[],"campfire_rested":1,"item_purchase_floors":[],"current_hp_per_floor":[76,75,75,66,47,47,53,53,53,42,16,42,42,40,40,36,88,65,64,40,33,0,0],"gold":132,"neow_bonus":"TEN_PERCENT_HP_BONUS","is_daily":false,"chose_seed":false,"campfire_upgraded":3,"win_rate":0.0,"timestamp":1610645413,"path_taken":["M","M","M","M","M","R","?","R","T","?","?","R","?","M","R","BOSS","M","?","M","M","M"],"items_purchased_type":[],"build_version":"2020-12-22","purchased_purges":0,"victory":false,"max_hp_per_floor":[82,82,82,82,82,82,88,88,88,88,88,88,88,88,88,88,88,88,88,88,88,88,88],"relic_stats":{"counters":[13,77],"Pantograph":25,"Ectoplasm":61,"obtain_stats":[{"Pantograph":9,"betterThird:SlimedRelic":10,"Ectoplasm":17,"Odd Mushroom":11,"Cracked Core":0},{"Pantograph":5,"betterThird:SlimedRelic":5,"Ectoplasm":8,"Odd Mushroom":6,"Cracked Core":0},{"Pantograph":16,"betterThird:SlimedRelic":16,"Ectoplasm":35,"Odd Mushroom":21,"Cracked Core":0}]},"card_choices":[{"not_picked":["Hello World","Skim"],"picked":"Go for the Eyes","floor":1},{"not_picked":["Genetic Algorithm","Steam"],"picked":"Streamline","floor":2},{"not_picked":["Auto Shields","Redo"],"picked":"Stack","floor":3},{"not_picked":["Compile Driver","Melter"],"picked":"Rebound","floor":4},{"not_picked":["Streamline","Darkness"],"picked":"Conserve Battery","floor":5},{"not_picked":["Blizzard","Barrage"],"picked":"Steam","floor":14},{"not_picked":["Ball Lightning","Capacitor","Stack"],"picked":"SKIP","floor":18},{"not_picked":["Loop","Leap","Rebound"],"picked":"SKIP","floor":19},{"not_picked":["BootSequence","Heatsinks"],"picked":"Go for the Eyes","floor":20},{"not_picked":["Chaos","Hologram"],"picked":"FTL","floor":21}],"player_experience":56932,"relics_obtained":[{"floor":9,"key":"Pantograph"},{"floor":11,"key":"Odd Mushroom"}],"event_choices":[{"damage_healed":0,"gold_gain":0,"player_choice":"RENOUNCE","damage_taken":182,"max_hp_gain":0,"max_hp_loss":0,"event_name":"betterThird:BetterSerpent","floor":7,"gold_loss":182,"cards_obtained":["Enlightenment"]},{"damage_healed":0,"gold_gain":0,"player_choice":"Slimed","damage_taken":11,"max_hp_gain":0,"max_hp_loss":0,"event_name":"betterThird:BetterGoop","floor":10,"gold_loss":0},{"damage_healed":0,"gold_gain":0,"player_choice":"Fought Mushrooms","damage_taken":0,"max_hp_gain":0,"max_hp_loss":0,"event_name":"Mushrooms","floor":11,"gold_loss":0},{"cards_removed":["Enlightenment"],"damage_healed":0,"gold_gain":0,"player_choice":"Give","damage_taken":0,"max_hp_gain":0,"max_hp_loss":0,"event_name":"betterNote:BetterNote","floor":13,"gold_loss":0,"cards_obtained":["Double Tap"]}],"is_beta":false,"boss_relics":[{"not_picked":["Snecko Eye","Runesmith:UraniumAnvil"],"picked":"Ectoplasm"}],"items_purged_floors":[],"is_endless":false,"potions_floor_spawned":[3,11,14,16,18,19],"killed_by":"Cultist and Chosen","ascension_level":0}}