{"host":"s2ap0bnrs90y0f0j","time":1610590566,"event":{"mods":["BaseMod","Minty Spire (QoL Compilation)","StSLib","TheArtist","TheBandit"],"gold_per_floor":[112,3,3,3,3,14,47,60,131,144,144,162,177,63,63,161,161,161,161,49,26,26,26,26,26,26,26,26,26,26,26,26,26,26,26,26,26,26,26,26,26,26,26,26,26,26,26,26,26,26],"floor_reached":51,"language":"ENG","playtime":3306,"items_purged":["wariomod:Strike"],"score":669,"play_id":"380187a4-6791-484c-89c4-bf4df91d800b","local_time":"20210113211606","is_ascension_mode":false,"campfire_choices":[{"data":"wariomod:Enshrine","floor":11,"key":"SMITH"},{"data":"wariomod:BigUpgrade","floor":15,"key":"SMITH"},{"data":"wariomod:RacingSpeed","floor":23,"key":"SMITH"},{"data":"wariomod:BoomForm","floor":28,"key":"SMITH"},{"data":"wariomod:OctoJump","floor":30,"key":"SMITH"},{"data":"wariomod:ImFeelingLucky","floor":32,"key":"SMITH"},{"data":"wariomod:VeryLongJump","floor":40,"key":"SMITH"},{"data":"wariomod:Bombshield","floor":45,"key":"SMITH"},{"data":"wariomod:TrekTime","floor":47,"key":"SMITH"},{"floor":49,"key":"REST"}],"circlet_count":0,"master_deck":["wariomod:Strike","wariomod:Strike","wariomod:Strike","wariomod:Defend","wariomod:Defend","wariomod:Defend","wariomod:Defend+1","wariomod:Step","wariomod:Leap","wariomod:Bombshield","wariomod:Purify+1","wariomod:ImFeelingLucky+1","wariomod:HappyHit","wariomod:Enshrine+1","wariomod:DoubleDip","wariomod:SimpleShield","wariomod:SmallSprint","wariomod:BigUpgrade+1","wariomod:RacingSpeed+1","wariomod:Bomblaster","wariomod:Hopshield+1","wariomod:Bombshield+1","wariomod:DropBash+1","wariomod:OctoJump+1","wariomod:VeryLongJump+1","wariomod:Leapslam+1","wariomod:BodyBlock","wariomod:EnergizedBombs+1","wariomod:OctoJump+1","wariomod:WhirlwindBurst+1","wariomod:Bombshield+1","wariomod:TrekTime+1"],"relics":["wariomod:TheHat","NeowsBlessing","Ancient Tea Set","Orichalcum","Meat on the Bone","Ectoplasm","wariomod:SunglassHat","Bronze Scales","Vajra","Du-Vu Doll","Philosopher\u0027s Stone","Sundial"],"acts_visited":["Exordium","TheCity","TheBeyond"],"potions_floor_usage":[10,10,16,24,39,50,50],"damage_taken":[{"damage":0,"enemies":"Cultist","floor":1,"turns":1},{"damage":0,"enemies":"Small Slimes","floor":6,"turns":2},{"damage":0,"enemies":"Lagavulin","floor":7,"turns":1},{"damage":0,"enemies":"2 Louse","floor":8,"turns":3},{"damage":20,"enemies":"Exordium Thugs","floor":10,"turns":6},{"damage":0,"enemies":"Exordium Wildlife","floor":12,"turns":4},{"damage":4,"enemies":"Blue Slaver","floor":13,"turns":3},{"damage":3,"enemies":"The Guardian","floor":16,"turns":10},{"damage":19,"enemies":"Spheric Guardian","floor":18,"turns":4},{"damage":10,"enemies":"Shell Parasite","floor":19,"turns":5},{"damage":9,"enemies":"Gremlin Leader","floor":24,"turns":7},{"damage":0,"enemies":"Centurion and Healer","floor":25,"turns":8},{"damage":13,"enemies":"Cultist and Chosen","floor":29,"turns":7},{"damage":17,"enemies":"Automaton","floor":33,"turns":12},{"damage":4,"enemies":"3 Darklings","floor":35,"turns":5},{"damage":0,"enemies":"Orb Walker","floor":36,"turns":3},{"damage":14,"enemies":"Spire Growth","floor":37,"turns":5},{"damage":30,"enemies":"Jaw Worm Horde","floor":39,"turns":3},{"damage":8,"enemies":"4 Shapes","floor":41,"turns":2},{"damage":30,"enemies":"Spire Growth","floor":42,"turns":5},{"damage":0,"enemies":"Jaw Worm Horde","floor":46,"turns":4},{"damage":40,"enemies":"Time Eater","floor":50,"turns":11}],"seed_played":"-9068447270562089498","potions_obtained":[{"floor":5,"key":"CultistPotion"},{"floor":5,"key":"Fruit Juice"},{"floor":5,"key":"CultistPotion"},{"floor":12,"key":"Explosive Potion"},{"floor":13,"key":"Dexterity Potion"},{"floor":16,"key":"SkillPotion"},{"floor":24,"key":"Energy Potion"},{"floor":33,"key":"BlessingOfTheForge"},{"floor":35,"key":"SkillPotion"},{"floor":39,"key":"Fire Potion"}],"is_trial":false,"path_per_floor":["M","$","T","?","?","M","E","M","T","M","R","M","M","$","R","B",null,"M","M","?","$","T","R","E","M","T","$","R","M","R","$","R","B",null,"M","M","M","?","M","R","M","M","T","?","R","M","R","$","R","B",null],"character_chosen":"THE_BANDIT","items_purchased":["wariomod:Purify","wariomod:ImFeelingLucky","wariomod:RacingSpeed","wariomod:Bombshield"],"campfire_rested":1,"item_purchase_floors":[2,2,14,21],"current_hp_per_floor":[80,80,80,64,64,64,64,64,64,49,49,49,45,45,45,54,85,66,56,56,56,56,56,47,47,47,47,47,46,46,46,46,41,85,81,81,67,67,49,49,53,35,35,35,35,47,47,47,72,44],"gold":26,"neow_bonus":"THREE_ENEMY_KILL","is_daily":false,"chose_seed":false,"campfire_upgraded":9,"win_rate":0.0,"timestamp":1610590566,"path_taken":["M","$","?","?","?","M","E","?","T","M","R","M","M","$","R","BOSS","M","M","?","?","?","R","E","M","T","?","R","?","R","$","R","BOSS","M","M","?","?","M","R","?","M","T","?","R","M","R","$","R","BOSS"],"items_purchased_type":["Card","Card","Card","Card"],"build_version":"2020-12-22","purchased_purges":1,"victory":true,"max_hp_per_floor":[80,80,80,80,80,80,80,80,80,85,85,85,85,85,85,85,85,85,85,85,85,85,85,85,85,85,85,85,85,85,85,85,85,85,85,85,85,85,85,85,85,85,85,85,85,85,85,85,85,85],"card_choices":[{"not_picked":["wariomod:DoubleDash","wariomod:TempestBlasts"],"picked":"wariomod:Bombshield","floor":1},{"not_picked":["wariomod:GreaterGuard","wariomod:EmptyMind"],"picked":"wariomod:HappyHit","floor":6},{"not_picked":["wariomod:DoubleDash","wariomod:RacingSpeed"],"picked":"wariomod:Enshrine","floor":7},{"not_picked":["wariomod:Bombtime","wariomod:RacingSpeed"],"picked":"wariomod:DoubleDip","floor":8},{"not_picked":["wariomod:SmackSlam","wariomod:TheGrandJourney"],"picked":"wariomod:SimpleShield","floor":10},{"not_picked":["wariomod:Goblast","wariomod:SmackSlam"],"picked":"wariomod:SmallSprint","floor":12},{"not_picked":["wariomod:EmptyMind","wariomod:Leapslam"],"picked":"wariomod:BigUpgrade","floor":13},{"not_picked":["wariomod:BlastDash","wariomod:DanceDash"],"picked":"wariomod:Bomblaster","floor":18},{"not_picked":["wariomod:DisarmingMoves","wariomod:AwfulLook"],"picked":"wariomod:Hopshield+1","floor":19},{"not_picked":["wariomod:BoomBoom+1","wariomod:SmackSlam+1"],"picked":"wariomod:BoomForm","floor":24},{"not_picked":["wariomod:ChargeForth","wariomod:Boomsmack"],"picked":"wariomod:DropBash+1","floor":25},{"not_picked":["wariomod:HappyHop","wariomod:DiceyMove"],"picked":"wariomod:OctoJump","floor":29},{"not_picked":["wariomod:DeadlyDash","wariomod:PoisonBombs"],"picked":"wariomod:VeryLongJump","floor":33},{"not_picked":["wariomod:TheGrandJourney","wariomod:SpikeSlash"],"picked":"wariomod:Leapslam+1","floor":35},{"not_picked":["wariomod:Boomsmack+1","wariomod:ChargeForth+1"],"picked":"wariomod:BodyBlock","floor":36},{"not_picked":["wariomod:DonateDraw","wariomod:Goblast"],"picked":"wariomod:EnergizedBombs","floor":37},{"not_picked":["wariomod:Boomsmack+1","wariomod:DisarmingMoves+1"],"picked":"wariomod:OctoJump+1","floor":39},{"not_picked":["wariomod:Bombshield","wariomod:EmptyMind+1"],"picked":"wariomod:WhirlwindBurst+1","floor":41},{"not_picked":["wariomod:Game+1","wariomod:ChargeForth+1"],"picked":"wariomod:Bombshield+1","floor":42},{"not_picked":["wariomod:Leapslam","wariomod:ChargeForth"],"picked":"wariomod:TrekTime","floor":46}],"player_experience":656230,"relics_obtained":[{"floor":3,"key":"Ancient Tea Set"},{"floor":7,"key":"Orichalcum"},{"floor":9,"key":"Meat on the Bone"},{"floor":22,"key":"Bronze Scales"},{"floor":24,"key":"Vajra"},{"floor":26,"key":"Du-Vu Doll"},{"floor":43,"key":"Sundial"}],"event_choices":[{"damage_healed":0,"gold_gain":0,"player_choice":"Entered Light","damage_taken":16,"max_hp_gain":0,"max_hp_loss":0,"event_name":"Shining Light","floor":4,"gold_loss":0,"cards_upgraded":["wariomod:Defend","wariomod:Purify"]},{"damage_healed":0,"gold_gain":0,"player_choice":"Got Potions","damage_taken":0,"max_hp_gain":0,"max_hp_loss":0,"event_name":"Lab","floor":5,"gold_loss":0},{"damage_healed":0,"gold_gain":0,"player_choice":"Paid Gold","damage_taken":0,"relics_obtained":["wariomod:SunglassHat"],"max_hp_gain":0,"max_hp_loss":0,"event_name":"WeMeetAgain","floor":20,"gold_loss":112},{"damage_healed":0,"gold_gain":0,"player_choice":"Upgraded","damage_taken":0,"max_hp_gain":0,"max_hp_loss":0,"event_name":"Upgrade Shrine","floor":38,"gold_loss":0,"cards_upgraded":["wariomod:EnergizedBombs"]},{"cards_removed":["wariomod:BoomForm"],"damage_healed":0,"gold_gain":0,"player_choice":"Removed Power","damage_taken":0,"max_hp_gain":0,"max_hp_loss":0,"event_name":"Falling","floor":44,"gold_loss":0}],"is_beta":false,"boss_relics":[{"not_picked":["Fusion Hammer","Velvet Choker"],"picked":"Ectoplasm"},{"not_picked":["Calling Bell","Black Star"],"picked":"Philosopher\u0027s Stone"}],"items_purged_floors":[14],"is_endless":false,"potions_floor_spawned":[6,8,12,13,16,19,24,25,33,35,39,41,42],"ascension_level":0}}