{"host":"ELF","time":1610667442,"event":{"mods":["BaseMod","Minty Spire (QoL Compilation)"],"gold_per_floor":[118,131,91,105,119,119,135,160,236,7,40,40,40,55,55,150,150,160,160,160,85,85,112,127,127,127],"floor_reached":25,"language":"ENG","playtime":1211,"items_purged":["Pain"],"score":435,"play_id":"166785c6-ca62-455f-aa0d-904b893e230e","local_time":"20210114173722","is_ascension_mode":true,"campfire_choices":[{"data":"TalkToTheHand","floor":6,"key":"SMITH"},{"floor":15,"key":"REST"}],"circlet_count":0,"master_deck":["AscendersBane","Eruption+1","Vigilance","Protect","TalkToTheHand+1","Wallop","Halt","Tantrum","BowlingBash","LikeWater","Judgement","ClearTheMind","Establishment","MentalFortress","WreathOfFlame","Blasphemy","Brilliance","ClearTheMind","LessonLearned","PathToVictory","JustLucky","SashWhip+1","PathToVictory","SashWhip+1"],"relics":["PureWater","Bronze Scales","Centennial Puzzle","Boot","Turnip","WarpedTongs","Pandora\u0027s Box","Nloth\u0027s Gift","Strawberry"],"acts_visited":["Exordium","TheCity"],"potions_floor_usage":[4,8,25],"damage_taken":[{"damage":0,"enemies":"2 Louse","floor":1,"turns":2},{"damage":0,"enemies":"Cultist","floor":2,"turns":4},{"damage":7,"enemies":"Small Slimes","floor":4,"turns":5},{"damage":7,"enemies":"3 Louse","floor":5,"turns":2},{"damage":1,"enemies":"Looter","floor":7,"turns":4},{"damage":0,"enemies":"Gremlin Nob","floor":8,"turns":3},{"damage":29,"enemies":"Lagavulin","floor":11,"turns":6},{"damage":4,"enemies":"Blue Slaver","floor":14,"turns":4},{"damage":19,"enemies":"Slime Boss","floor":16,"turns":6},{"damage":25,"enemies":"Chosen","floor":18,"turns":6},{"damage":25,"enemies":"Slavers","floor":23,"turns":5},{"damage":12,"enemies":"Shell Parasite","floor":24,"turns":5},{"damage":24,"enemies":"Shelled Parasite and Fungi","floor":25,"turns":2}],"seed_played":"2118425789241047266","potions_obtained":[{"floor":2,"key":"ColorlessPotion"},{"floor":3,"key":"Fruit Juice"},{"floor":3,"key":"FearPotion"},{"floor":4,"key":"FearPotion"},{"floor":7,"key":"LiquidMemories"},{"floor":16,"key":"SmokeBomb"},{"floor":24,"key":"StancePotion"}],"is_trial":false,"path_per_floor":["M","M","?","M","M","R","M","E","T","$","E","?","$","M","R","B",null,"M","?","?","$","?","E","M","M"],"character_chosen":"WATCHER","items_purchased":["Boot","LikeWater"],"campfire_rested":1,"item_purchase_floors":[10,10],"current_hp_per_floor":[65,65,65,63,56,56,55,55,65,65,36,36,36,32,58,39,75,50,50,50,50,50,32,20,0,0],"gold":127,"neow_bonus":"RANDOM_COMMON_RELIC","is_daily":false,"chose_seed":false,"campfire_upgraded":1,"win_rate":0.0,"timestamp":1610667442,"path_taken":["M","M","?","M","?","R","M","E","T","$","E","?","$","?","R","BOSS","M","?","?","$","?","E","?","M"],"items_purchased_type":["Relic","Card"],"build_version":"2020-12-18","purchased_purges":1,"victory":false,"max_hp_per_floor":[72,72,72,77,77,77,77,77,87,87,87,87,87,87,87,87,87,87,87,87,87,87,94,94,94,94],"card_choices":[{"not_picked":["ThirdEye","InnerPeace"],"picked":"Protect","floor":1},{"not_picked":["Crescendo","Halt"],"picked":"TalkToTheHand","floor":2},{"not_picked":["Swivel","CutThroughFate"],"picked":"Wallop","floor":4},{"not_picked":["SashWhip","Evaluate"],"picked":"Halt","floor":5},{"not_picked":["PathToVictory","FlyingSleeves"],"picked":"Tantrum","floor":7},{"not_picked":["Collect","WindmillStrike"],"picked":"BowlingBash","floor":8},{"not_picked":["Halt","FlyingSleeves"],"picked":"Judgement","floor":11},{"not_picked":["PathToVictory","SashWhip"],"picked":"ClearTheMind","floor":14},{"not_picked":["DeusExMachina","Alpha"],"picked":"Establishment","floor":16},{"not_picked":["BowlingBash","Consecrate"],"picked":"SashWhip+1","floor":18},{"not_picked":["Conclude","SashWhip","MasterReality"],"picked":"SKIP","floor":23},{"not_picked":["Worship","BowlingBash"],"picked":"SashWhip+1","floor":24}],"player_experience":3219743,"relics_obtained":[{"floor":8,"key":"Centennial Puzzle"},{"floor":9,"key":"Pear"},{"floor":11,"key":"Turnip"},{"floor":23,"key":"Strawberry"}],"event_choices":[{"damage_healed":0,"gold_gain":0,"player_choice":"Bought 3 Potions","damage_taken":0,"max_hp_gain":0,"max_hp_loss":0,"event_name":"The Woman in Blue","floor":3,"gold_loss":0},{"damage_healed":0,"gold_gain":0,"player_choice":"Rummage","damage_taken":0,"relics_obtained":["WarpedTongs"],"max_hp_gain":0,"max_hp_loss":0,"event_name":"Accursed Blacksmith","floor":12,"gold_loss":0,"cards_obtained":["Pain"]},{"damage_healed":0,"gold_gain":0,"player_choice":"Read","damage_taken":0,"max_hp_gain":0,"max_hp_loss":0,"event_name":"The Library","floor":19,"gold_loss":0,"cards_obtained":["PathToVictory"]},{"damage_healed":0,"gold_gain":0,"player_choice":"Ignored","damage_taken":0,"max_hp_gain":0,"max_hp_loss":0,"event_name":"Ghosts","floor":20,"gold_loss":0},{"damage_healed":0,"gold_gain":0,"player_choice":"Traded Relic","damage_taken":0,"relics_obtained":["Nloth\u0027s Gift"],"max_hp_gain":0,"max_hp_loss":0,"event_name":"N\u0027loth","floor":22,"relics_lost":["Pear"],"gold_loss":0}],"is_beta":true,"boss_relics":[{"not_picked":["HolyWater","Philosopher\u0027s Stone"],"picked":"Pandora\u0027s Box"}],"items_purged_floors":[21],"is_endless":false,"potions_floor_spawned":[2,4,7,16,24],"killed_by":"Shelled Parasite and Fungi","ascension_level":12}}