{"host":"gkm149kh1ihaqy0o","time":1610655977,"event":{"mods":["AchievementEnabler","BaseMod","Colored Powertips","Googly Eyes","Key Reminder","Minty Spire (QoL Compilation)","Permanent Neow","Quick Restart","Random Character Button","Rare Cards Sparkle","Relic Sorter","Relic Stats","SuperFastMode","Unceasing Turn Reminder","everything is the same but u backflip on backflip"],"gold_per_floor":[118,118,133,98,98,129,129,129,129,155,155,169,12,38,38,140,140,156,167,0,23,33,33,66,66,142,159,159,177,102,133,133,233,233,250,268,268,268,280,280,306,306,306,306,338,10,10,35,35,35],"floor_reached":51,"language":"ENG","playtime":2479,"items_purged":["Strike_P"],"score":1199,"play_id":"b4b00854-0797-4cda-bc71-543d2419a950","local_time":"20210114142617","is_ascension_mode":true,"campfire_choices":[{"floor":8.0,"key":"REST"},{"data":"Eruption","floor":15.0,"key":"SMITH"},{"data":"ConjureBlade","floor":23.0,"key":"SMITH"},{"data":"Meditate","floor":25.0,"key":"SMITH"},{"floor":28.0,"key":"REST"},{"data":"ClearTheMind","floor":32.0,"key":"SMITH"},{"floor":40,"key":"REST"},{"data":"Scrawl","floor":42,"key":"SMITH"},{"data":"TalkToTheHand","floor":49,"key":"SMITH"}],"circlet_count":0,"master_deck":["Strike_P","Defend_P+1","Defend_P","Eruption+1","Vigilance+1","FollowUp","WheelKick","Indignation","InnerPeace","ClearTheMind+1","EmptyFist","ConjureBlade+1","Swivel+1","EmptyFist+1","Weave+1","Meditate+1","Consecrate","FearNoEvil","EmptyMind","CutThroughFate","Scrawl+1","Evaluate+1","Swivel+1","ForeignInfluence+1","TalkToTheHand+1","SpiritShield","Crescendo+1","Wallop+1"],"relics":["Philosopher\u0027s Stone","MealTicket","InkBottle","Anchor","Tiny Chest","HornCleat","Frozen Eye","Ornamental Fan","Astrolabe","Strawberry","Oddly Smooth Stone","Nunchaku","Runic Pyramid","Gremlin Horn","Meat on the Bone","Eternal Feather","Question Card","Calipers","Dream Catcher"],"acts_visited":["Exordium","TheCity","TheBeyond"],"potions_floor_usage":[],"damage_taken":[{"damage":3.0,"enemies":"2 Louse","floor":1.0,"turns":3.0},{"damage":1.0,"enemies":"Small Slimes","floor":3.0,"turns":5.0},{"damage":28.0,"enemies":"Gremlin Nob","floor":6.0,"turns":4.0},{"damage":13.0,"enemies":"3 Sentries","floor":10.0,"turns":6.0},{"damage":0.0,"enemies":"Cultist","floor":12.0,"turns":2.0},{"damage":0.0,"enemies":"Lagavulin","floor":14.0,"turns":4.0},{"damage":0.0,"enemies":"Slime Boss","floor":16.0,"turns":6.0},{"damage":7.0,"enemies":"3 Byrds","floor":18.0,"turns":4.0},{"damage":0.0,"enemies":"Spheric Guardian","floor":19.0,"turns":3.0},{"damage":0.0,"enemies":"Centurion and Healer","floor":22.0,"turns":3.0},{"damage":23.0,"enemies":"Slavers","floor":24.0,"turns":4.0},{"damage":24.0,"enemies":"Snecko","floor":27.0,"turns":4.0},{"damage":0.0,"enemies":"3 Cultists","floor":29.0,"turns":3.0},{"damage":0.0,"enemies":"Gremlin Leader","floor":31.0,"turns":5.0},{"damage":48.0,"enemies":"Champ","floor":33.0,"turns":7.0},{"damage":1,"enemies":"Orb Walker","floor":35,"turns":2},{"damage":15,"enemies":"3 Darklings","floor":36,"turns":4},{"damage":0,"enemies":"Jaw Worm Horde","floor":39,"turns":3},{"damage":4,"enemies":"Giant Head","floor":41,"turns":5},{"damage":0,"enemies":"4 Shapes","floor":45,"turns":3},{"damage":0,"enemies":"Reptomancer","floor":48,"turns":3},{"damage":0,"enemies":"Awakened One","floor":50,"turns":8}],"seed_played":"1341899086556626816","potions_obtained":[{"floor":10.0,"key":"AttackPotion"},{"floor":12.0,"key":"BlessingOfTheForge"},{"floor":16.0,"key":"BottledMiracle"},{"floor":18.0,"key":"ColorlessPotion"},{"floor":19.0,"key":"SneckoOil"},{"floor":24.0,"key":"DuplicationPotion"},{"floor":45,"key":"Swift Potion"},{"floor":48,"key":"EssenceOfSteel"}],"is_trial":false,"path_per_floor":["M","?","M","?","?","E","T","R","T","E","?","M","$","E","R","B",null,"M","M","?","T","M","R","E","R","T","M","R","M","$","E","R","B",null,"M","M","T","?","M","R","E","R","T","T","M","$","?","E","R","B",null],"character_chosen":"WATCHER","items_purchased":["Frozen Eye","Calipers","Crescendo"],"campfire_rested":3,"item_purchase_floors":[13,46,46],"current_hp_per_floor":[62,48,47,65,58,30,30,51,51,38,62,62,72,72,72,72,72,65,65,65,72,72,72,49,49,49,25,48,48,63,63,63,15,63,62,47,47,47,47,70,66,66,66,66,66,79,79,79,79,79],"gold":35,"neow_bonus":"BOSS_RELIC","is_daily":false,"chose_seed":false,"campfire_upgraded":6,"win_rate":0.0,"timestamp":1610655977,"path_taken":["M","?","M","?","?","E","?","R","T","E","?","M","?","E","R","BOSS","M","M","?","?","M","R","E","R","T","M","R","M","$","E","R","BOSS","M","?","?","?","M","R","E","R","T","?","M","$","?","E","R","BOSS"],"items_purchased_type":["Relic","Relic","Card"],"build_version":"2020-12-22","purchased_purges":1,"victory":true,"max_hp_per_floor":[72,72,72,72,72,72,72,72,72,72,72,72,72,72,72,72,72,72,72,72,79,79,79,79,79,79,79,79,79,79,79,79,79,79,79,79,79,79,79,79,79,79,79,79,79,79,79,79,79,79],"relic_stats":{"Gremlin Horn":[11,11],"counters":[22,91],"Astrolabe":["Swivel","EmptyFist","Weave"],"Eternal Feather":0,"Question Card":2,"Nunchaku":[14],"Dream Catcher":0,"Ornamental Fan":[232],"MealTicket":38,"Tiny Chest":2,"obtain_stats":[{"Calipers":46,"Gremlin Horn":37,"Astrolabe":17,"Oddly Smooth Stone":24,"Eternal Feather":43,"Question Card":44,"Frozen Eye":13,"Anchor":7,"Nunchaku":31,"Dream Catcher":48,"HornCleat":10,"Ornamental Fan":14,"Strawberry":21,"Philosopher\u0027s Stone":0,"MealTicket":5,"Tiny Chest":9,"PureWater":0,"InkBottle":6,"Runic Pyramid":34,"Meat on the Bone":41},{"Calipers":20,"Gremlin Horn":17,"Astrolabe":7,"Oddly Smooth Stone":11,"Eternal Feather":19,"Question Card":19,"Frozen Eye":5,"Anchor":3,"Nunchaku":14,"Dream Catcher":21,"HornCleat":4,"Ornamental Fan":6,"Strawberry":9,"Philosopher\u0027s Stone":0,"MealTicket":2,"Tiny Chest":3,"PureWater":0,"InkBottle":3,"Runic Pyramid":15,"Meat on the Bone":19},{"Calipers":80,"Gremlin Horn":69,"Astrolabe":30,"Oddly Smooth Stone":44,"Eternal Feather":77,"Question Card":77,"Frozen Eye":20,"Anchor":12,"Nunchaku":56,"Dream Catcher":83,"HornCleat":18,"Ornamental Fan":24,"Strawberry":37,"Philosopher\u0027s Stone":0,"MealTicket":8,"Tiny Chest":12,"PureWater":0,"InkBottle":12,"Runic Pyramid":63,"Meat on the Bone":77}],"InkBottle":[40],"Meat on the Bone":0},"card_choices":[{"not_picked":["FlurryOfBlows","Perseverance"],"picked":"FollowUp","floor":1.0},{"not_picked":["Nirvana","Prostrate"],"picked":"WheelKick","floor":3.0},{"not_picked":["Sanctity","Protect"],"picked":"Indignation","floor":6.0},{"not_picked":["FollowUp","ThirdEye"],"picked":"InnerPeace","floor":10.0},{"not_picked":["EmptyBody","Pray"],"picked":"ClearTheMind","floor":12.0},{"not_picked":["DeceiveReality","FollowUp"],"picked":"EmptyFist","floor":14.0},{"not_picked":["DeusExMachina","Ragnarok"],"picked":"ConjureBlade","floor":16.0},{"not_picked":["ThirdEye","JustLucky"],"picked":"Meditate","floor":18.0},{"not_picked":["FlyingSleeves","CrushJoints"],"picked":"Consecrate","floor":19.0},{"not_picked":["EmptyBody","PathToVictory+1"],"picked":"FearNoEvil","floor":22.0},{"not_picked":["ClearTheMind","WindmillStrike","EmptyFist"],"picked":"SKIP","floor":24.0},{"not_picked":["ThirdEye","JustLucky"],"picked":"EmptyMind","floor":27.0},{"not_picked":["Meditate+1","Weave+1"],"picked":"CutThroughFate","floor":29.0},{"not_picked":["Pray+1","Conclude","FearNoEvil"],"picked":"SKIP","floor":31.0},{"not_picked":["Blasphemy","DeusExMachina"],"picked":"Scrawl","floor":33.0},{"not_picked":["Protect+1","EmptyMind"],"picked":"Evaluate+1","floor":35},{"not_picked":["Crescendo","Weave"],"picked":"Swivel+1","floor":36},{"not_picked":["Swivel+1","Wireheading"],"picked":"ForeignInfluence+1","floor":39},{"not_picked":["Nirvana","Vengeance+1"],"picked":"TalkToTheHand","floor":41},{"not_picked":["CrushJoints","ThirdEye+1","WreathOfFlame"],"picked":"SpiritShield","floor":45},{"not_picked":["ReachHeaven","Evaluate+1","Swivel+1"],"picked":"Wallop+1","floor":48}],"player_experience":617756,"relics_obtained":[{"floor":6.0,"key":"InkBottle"},{"floor":7.0,"key":"Anchor"},{"floor":9.0,"key":"Tiny Chest"},{"floor":10.0,"key":"HornCleat"},{"floor":14.0,"key":"Ornamental Fan"},{"floor":21.0,"key":"Strawberry"},{"floor":24.0,"key":"Oddly Smooth Stone"},{"floor":31.0,"key":"Nunchaku"},{"floor":37,"key":"Gremlin Horn"},{"floor":41,"key":"Meat on the Bone"},{"floor":43,"key":"Eternal Feather"},{"floor":44,"key":"Question Card"},{"floor":48,"key":"Dream Catcher"}],"event_choices":[{"damage_healed":0.0,"max_hp_gain":0.0,"max_hp_loss":0.0,"gold_gain":0.0,"event_name":"Shining Light","player_choice":"Entered Light","floor":2.0,"gold_loss":0.0,"damage_taken":14.0,"cards_upgraded":["Vigilance","Defend_P"]},{"damage_healed":18.0,"max_hp_gain":0.0,"max_hp_loss":0.0,"gold_gain":0.0,"event_name":"The Cleric","player_choice":"Healed","floor":4.0,"gold_loss":35.0,"damage_taken":0.0},{"damage_healed":0.0,"max_hp_gain":0.0,"max_hp_loss":0.0,"gold_gain":0.0,"event_name":"Scrap Ooze","player_choice":"Success","floor":5.0,"gold_loss":0.0,"damage_taken":7.0,"relics_obtained":["MealTicket"]},{"damage_healed":24.0,"max_hp_gain":0.0,"max_hp_loss":0.0,"gold_gain":0.0,"event_name":"Big Fish","player_choice":"Banana","floor":11.0,"gold_loss":0.0,"damage_taken":0.0},{"damage_healed":0.0,"max_hp_gain":0.0,"max_hp_loss":0.0,"gold_gain":0.0,"event_name":"Masked Bandits","player_choice":"Paid Fearfully","floor":20.0,"gold_loss":167.0,"damage_taken":0.0},{"cards_removed":["Defend_P"],"damage_healed":0,"gold_gain":0,"player_choice":"Removed Skill","damage_taken":0,"max_hp_gain":0,"max_hp_loss":0,"event_name":"Falling","floor":38,"gold_loss":0},{"damage_healed":0,"gold_gain":0,"player_choice":"Forge","damage_taken":0,"max_hp_gain":0,"max_hp_loss":0,"event_name":"Accursed Blacksmith","floor":47,"gold_loss":0,"cards_upgraded":["Crescendo"]}],"is_beta":false,"boss_relics":[{"not_picked":["Calling Bell","Cursed Key"],"picked":"Astrolabe"},{"not_picked":["Tiny House","SlaversCollar"],"picked":"Runic Pyramid"}],"items_purged_floors":[30],"is_endless":false,"potions_floor_spawned":[10,12,16,18,19,24,45,48],"ascension_level":6}}