{"host":"z6c1sol8rulx2ubz","time":1610645611,"event":{"mods":["AchievementEnabler","Act Like it!","BaseMod","Better Note","Better Third Choice","Gold Saver","Hallownest","Hubris","Infinite Spire","Minty Spire (QoL Compilation)","Quick Restart","Rare Cards Sparkle","StSLib","The Bug Knight","Wandering Minibosses"],"gold_per_floor":[1242,563,563,573,573,584,610,610,678,678,692,692,340,371,371,482,482,515,108,130,130,130,130,157,188,188,188,228,244,272,49,49,153,153,177,177,177,199,217,248,248,270,270,270,295,220,302,100,100,220,220,228,228,228,0,19,22,22],"floor_reached":57,"language":"ENG","playtime":5546,"items_purged":["Hallownest:curseDreamersLament","Doubt","hubris:Wrath"],"score":789,"play_id":"114a0e19-ff6e-4f78-81f0-1d4a9da438f4","local_time":"20210114173331","is_ascension_mode":false,"campfire_choices":[{"data":"HollowMod:LuriensSpire","floor":8.0,"key":"SMITH"},{"floor":10.0,"key":"REST"},{"data":"hubris:EnhanceAbility","floor":15.0,"key":"SMITH"},{"floor":23.0,"key":"RECALL"},{"floor":27.0,"key":"REST"},{"floor":32.0,"key":"REST"},{"data":"infinitespire:NeuralNetwork","floor":41.0,"key":"SMITH"},{"data":"hubris:EnhanceAbility","floor":44.0,"key":"SMITH"},{"floor":49.0,"key":"REST"}],"circlet_count":2,"master_deck":["HollowMod:NailStrikeStart","HollowMod:NailStrikeStart","HollowMod:NailStrikeStart","HollowMod:NailStrikeStart","HollowMod:QuickDashStart","HollowMod:QuickDashStart","HollowMod:QuickDashStart","HollowMod:QuickDashStart","HollowMod:FocusHealStart","HollowMod:PogoStrike","hubris:EnhanceAbility+1","HollowMod:InfectedAttack","HollowMod:MothsMistake","HollowMod:TaintedHusks","hubris:EnhanceAbility+1","HollowMod:LuriensSpire+1","HollowMod:DoubleDash","HollowMod:CloakDash","HollowMod:Hiveblood","HollowMod:DoubleDash+1","Hallownest:attackMasterCycloneSlash","HollowMod:MawleksShell","HollowMod:MonomonsArchive+1","HollowMod:NewInfectedGuardian","HollowMod:MothsMistake","HollowMod:NewInfectedGuardian","HollowMod:InfectedCysts","infinitespire:NeuralNetwork+1","infinitespire:Starlight","HollowMod:CloakDash","HollowMod:ChannelNail","HollowMod:InfectedCysts","HollowMod:GoodIntentions+1","HollowMod:GoodIntentions+1","Clumsy","HollowMod:InfectionAssault","HollowMod:PureVessel","HollowMod:CloakDash","HollowMod:NewLastStag"],"relics":["HollowMod:VesselMask","HollowMod:IsmasTear","OrangePellets","Hallownest:DreamNailRelic","Circlet","hubris:ToyBattleship","infinitespire:Midas Blood","infinitespire:BottledMercury","HornCleat","SlaversCollar","HollowMod:MantisClawRelic","Sling","Letter Opener","Cursed Key","hubris:DeckOfHolding","Torii","Kunai","Hallownest:SoulVesselRelic","infinitespire:FocusingShard","infinitespire:Cupcake"],"acts_visited":["Hallownest:Greenpath","Hallownest:CityofTears","Hallownest:KingdomsEdge","Hallownest:Greenpath"],"potions_floor_usage":[],"damage_taken":[{"damage":2.0,"enemies":"Hallownest:monsterHuskGuard","floor":1.0,"turns":6.0},{"damage":0.0,"enemies":"Hallownest:2_Tiktiks_and_1_Crawlid","floor":4.0,"turns":4.0},{"damage":17.0,"enemies":"2_ Uuma","floor":6.0,"turns":5.0},{"damage":34.0,"enemies":"Hallownest:eliteVengeflyKing","floor":7.0,"turns":7.0},{"damage":1.0,"enemies":"Hallownest:monsterMossCharger","floor":11.0,"turns":3.0},{"damage":0.0,"enemies":"Hallownest:eliteMossKnight","floor":14.0,"turns":7.0},{"damage":27.0,"enemies":"Hallownest:BossBrokenVessel","floor":16.0,"turns":10.0},{"damage":30.0,"enemies":"Hallownest:3_Youths","floor":18.0,"turns":6.0},{"damage":23.0,"enemies":"Hallownest:Guard_and_Sentry","floor":20.0,"turns":8.0},{"damage":27.0,"enemies":"Hallownest:2_Husk_Sentries","floor":24.0,"turns":6.0},{"damage":48.0,"enemies":"Hallownest:3_Mistakes","floor":25.0,"turns":13.0},{"damage":63.0,"enemies":"Hallownest:2_Flukemon","floor":28.0,"turns":7.0},{"damage":12.0,"enemies":"Hallownest:Master_and_Novice","floor":29.0,"turns":7.0},{"damage":10.0,"enemies":"Hallownest:Nosk","floor":30.0,"turns":8.0},{"damage":10.0,"enemies":"Hallownest:BossSoulMaster","floor":33.0,"turns":9.0},{"damage":51.0,"enemies":"Hallownest:3_Siblings","floor":35.0,"turns":7.0},{"damage":24.0,"enemies":"Hallownest:Shield_Heavy","floor":38.0,"turns":7.0},{"damage":12.0,"enemies":"Hallownest:2_Wing_and_1_Kings","floor":39.0,"turns":9.0},{"damage":19.0,"enemies":"Nightmare","floor":40.0,"turns":9.0},{"damage":19.0,"enemies":"Hallownest:Shield_Sturdy","floor":42.0,"turns":6.0},{"damage":58.0,"enemies":"Hallownest:Slobbering_and_Violent","floor":45.0,"turns":7.0},{"damage":53.0,"enemies":"Hallownest:BossHollowKnight","floor":50.0,"turns":9.0},{"damage":17,"enemies":"Hallownest:2_Tiktiks_and_1_Crawlid","floor":52,"turns":4},{"damage":16,"enemies":"Hallownest:monsterHuskWarrior","floor":56,"turns":3},{"damage":50,"enemies":"Hallownest:eliteVengeflyKing","floor":57,"turns":5}],"seed_played":"-443496564726956399","potions_obtained":[{"floor":6.0,"key":"Dexterity Potion"},{"floor":7.0,"key":"Weak Potion"},{"floor":14.0,"key":"Fire Potion"},{"floor":16.0,"key":"CultistPotion"},{"floor":20.0,"key":"Weak Potion"},{"floor":25.0,"key":"DistilledChaos"},{"floor":29.0,"key":"BlessingOfTheForge"},{"floor":33.0,"key":"FearPotion"},{"floor":40.0,"key":"BlessingOfTheForge"},{"floor":45.0,"key":"CultistPotion"},{"floor":52,"key":"Ancient Potion"}],"is_trial":false,"path_per_floor":["M","$","?","M","?","M","E","R","T","R","M","?","$","E","R","B",null,"M","$","M","?","?","R","M","M","T","R","M","M","E","$","R","B",null,"M","?","AVR","M","M","NM","R","M","T","R","M","?","T","$","R","B",null,"M","?","$","?","M","E"],"character_chosen":"THE_BUGKNIGHT","items_purchased":["HollowMod:IsmasTear","HollowMod:MothsMistake","HollowMod:TaintedHusks","hubris:EnhanceAbility","OrangePellets","infinitespire:BottledMercury","HollowMod:MantisClawRelic","Sling","HollowMod:NewInfectedGuardian","HollowMod:MothsMistake","HollowMod:InfectionAssault"],"campfire_rested":4,"item_purchase_floors":[2,2,2,2,2,13,19,19,31,31,48],"current_hp_per_floor":[73,73,73,75,75,64,30,30,30,52,51,51,51,61,61,44,75,65,65,67,67,67,67,55,28,28,50,8,11,22,22,44,55,75,38,56,56,57,73,75,75,69,69,69,36,36,36,36,58,40,75,58,58,58,58,42,0,0],"gold":22,"neow_bonus":"RANDOM_COLORLESS_2","is_daily":false,"chose_seed":false,"campfire_upgraded":4,"win_rate":0.0,"timestamp":1610645611,"path_taken":["M","$","?","M","?","?","E","R","T","R","M","?","$","E","R","BOSS","M","$","M","?","?","R","M","?","T","R","M","M","E","?","R","BOSS","M","?","AVR","M","M","NM","R","M","T","R","M","?","?","$","R","BOSS","M","?","?","?","M","E"],"items_purchased_type":["Relic","Card","Card","Card","Relic","Relic","Relic","Relic","Card","Card","Card"],"build_version":"2020-12-22","purchased_purges":3,"victory":false,"max_hp_per_floor":[75,75,75,75,75,75,75,75,75,75,75,75,75,75,75,75,75,75,75,75,75,75,75,75,75,75,75,75,75,75,75,75,75,75,75,75,75,75,75,75,75,75,75,75,75,75,75,75,75,75,75,75,75,75,75,75,75,75],"card_choices":[{"not_picked":["Panache","Thinking Ahead"],"picked":"hubris:EnhanceAbility","floor":0.0},{"not_picked":["HollowMod:HowlingWraiths","HollowMod:NewLittleFool"],"picked":"HollowMod:InfectedAttack","floor":1.0},{"not_picked":["HollowMod:CornifersMapStart","HollowMod:BaldurShell","HollowMod:SoulEater"],"picked":"SKIP","floor":4.0},{"not_picked":["HollowMod:InfectedAttack","HollowMod:DashSlash","HollowMod:WraithStrike"],"picked":"SKIP","floor":6.0},{"not_picked":["HollowMod:GrimmsGift","HollowMod:SoulEater"],"picked":"HollowMod:LuriensSpire","floor":7.0},{"not_picked":["HollowMod:CoiledNail","HollowMod:NewLittleFool"],"picked":"HollowMod:DoubleDash","floor":11.0},{"not_picked":["HollowMod:HuntersJournal","HollowMod:GrimmsGift"],"picked":"HollowMod:CloakDash","floor":14.0},{"not_picked":["HollowMod:HornetsHelp","HollowMod:SoulMaster"],"picked":"HollowMod:Hiveblood","floor":16.0},{"not_picked":["HollowMod:WraithStrike","HollowMod:HeavyBlow","HollowMod:CycloneSlash"],"picked":"SKIP","floor":18.0},{"not_picked":["HollowMod:NewLittleFool","HollowMod:ShadowDash+1"],"picked":"HollowMod:DoubleDash+1","floor":20.0},{"not_picked":["HollowMod:SoulStrike","HollowMod:FastStrike","HollowMod:VengefulVoid+1"],"picked":"SKIP","floor":24.0},{"not_picked":["HollowMod:ShadowDash+1","HollowMod:DescendingDark+1","HollowMod:DreamGate"],"picked":"SKIP","floor":25.0},{"not_picked":["HollowMod:ShapeofUnn","HollowMod:TaintedHusks"],"picked":"HollowMod:MawleksShell","floor":28.0},{"not_picked":["HollowMod:WraithStrike","HollowMod:VengefulVoid"],"picked":"HollowMod:MonomonsArchive+1","floor":29.0},{"not_picked":["HollowMod:SoulVessel","HollowMod:VengefulSpirit","HollowMod:DreamGate"],"picked":"SKIP","floor":30.0},{"not_picked":["HollowMod:AwokenDreamNail","HollowMod:SlysStrikes"],"picked":"HollowMod:NewInfectedGuardian","floor":33.0},{"not_picked":["HollowMod:VengefulVoid+1","HollowMod:MonomonsArchive"],"picked":"HollowMod:InfectedCysts","floor":35.0},{"not_picked":["HollowMod:DungDefenderAura+1","HollowMod:CrystalDash+1"],"picked":"HollowMod:CloakDash","floor":38.0},{"not_picked":["HollowMod:DesolateDive","HollowMod:DreamGate"],"picked":"HollowMod:ChannelNail","floor":39.0},{"not_picked":["HollowMod:GreatSlash+1","HollowMod:SoulEater"],"picked":"HollowMod:InfectedCysts","floor":40.0},{"not_picked":["HollowMod:InfectedAttack","HollowMod:SoulStrike+1"],"picked":"HollowMod:GoodIntentions+1","floor":42.0},{"not_picked":["HollowMod:BlackTendrils+1","HollowMod:LifebloodCocoon"],"picked":"HollowMod:GoodIntentions+1","floor":45.0},{"not_picked":["HollowMod:ZotesMagnificence","HollowMod:MidwifesHunger"],"picked":"HollowMod:PureVessel","floor":50.0},{"not_picked":["HollowMod:CornifersMapStart","HollowMod:DescendingDark"],"picked":"HollowMod:CloakDash","floor":52},{"not_picked":["HollowMod:GrimmsGift","HollowMod:SiblingsSouls","HollowMod:DesolateDive"],"picked":"SKIP","floor":56}],"player_experience":159356,"relics_obtained":[{"floor":7.0,"key":"hubris:ToyBattleship"},{"floor":9.0,"key":"infinitespire:Midas Blood"},{"floor":14.0,"key":"HornCleat"},{"floor":30.0,"key":"Letter Opener"},{"floor":40.0,"key":"Torii"},{"floor":43.0,"key":"Kunai"},{"floor":47.0,"key":"infinitespire:FocusingShard"}],"event_choices":[],"is_beta":false,"boss_relics":[{"not_picked":["hubris:VirtuousBlindfold","hubris:Backtick"],"picked":"SlaversCollar"},{"not_picked":["hubris:GrandSneckoEye","Calling Bell"],"picked":"Cursed Key"},{"not_picked":["Astrolabe","Philosopher\u0027s Stone"],"picked":"infinitespire:Cupcake"}],"items_purged_floors":[2,13,48],"is_endless":true,"potions_floor_spawned":[6,7,14,16,20,25,29,33,40,45,52],"killed_by":"Hallownest:eliteVengeflyKing","ascension_level":0}}