{"host":"s5olpoz35hr9wai9","time":1610631258,"event":{"mods":["Act Like it!","BaseMod","Colored Powertips","Friendly Minions","Gensokyo","Kiyohime£®«Âºß£©","Koishi","KomeijiMod","Marisa£®ÏF”Í°°ƒß¿Ì…≥£©","Minty Spire (QoL Compilation)","Quick Restart","Reimu£®≤©¿ˆ¡È√Œ£©","Remilia£®¿Ÿ√◊¿Ú—«£©","Replay The Spire","Shop Mod","StSLib","The Administrix","The Animator","The Servant 0.9.4","Youmu£®ªÍ∆«—˝√Œ£©","Yuyuko"],"gold_per_floor":[15,25,25,44,44,44,77,96,119,119,129,148,165,196,196,301,301,316,316,121,137,137,137],"floor_reached":22,"language":"ZHS","playtime":1314,"items_purged":[],"score":225,"play_id":"ea3cad03-763f-4a33-a0d5-895c72836a17","local_time":"20210114213418","is_ascension_mode":true,"campfire_choices":[{"data":"Revamp","floor":6,"key":"SMITH"},{"floor":10,"key":"REST"},{"floor":15,"key":"REST"}],"circlet_count":0,"master_deck":["Strike_S","Strike_S","Strike_S","Strike_S","Defend_S","Defend_S","Defend_S","Defend_S","KidneyShot","Exchange","Initiator","Revamp+1","FanOfKnives","Moondial","Replace","GearUp","Starlight","MurderousAura","ShiftingGears","Rearm","FlawlessForm","Contraction","Desolation","Moonlight","SurpressingFire","SilverBlades"],"relics":["SplendidAttire","Pet Ghost","HoshigumaDish","Art of War"],"acts_visited":["Exordium","Gensokyo:Gensokyo"],"potions_floor_usage":[14,14,21,21],"damage_taken":[{"damage":4,"enemies":"Gensokyo:Python","floor":1,"turns":3},{"damage":9,"enemies":"Gensokyo:2_Kodama","floor":2,"turns":3},{"damage":0,"enemies":"Gensokyo:3_Fairies","floor":4,"turns":3},{"damage":21,"enemies":"Gensokyo:Aya","floor":7,"turns":7},{"damage":0,"enemies":"Gensokyo:Kitsune","floor":8,"turns":4},{"damage":9,"enemies":"Gensokyo:2_Rabbits","floor":11,"turns":5},{"damage":0,"enemies":"Gensokyo:VengefulSpirit","floor":12,"turns":2},{"damage":0,"enemies":"Gensokyo:5_Fairies","floor":13,"turns":2},{"damage":11,"enemies":"Gensokyo:Cirno","floor":14,"turns":7},{"damage":36,"enemies":"Gensokyo:Reimu","floor":16,"turns":10},{"damage":14,"enemies":"Gensokyo:CosmicMonolith","floor":18,"turns":6},{"damage":29,"enemies":"Gensokyo:3_Dogs","floor":21,"turns":7},{"damage":23,"enemies":"Gensokyo:Swordslinger","floor":22,"turns":5}],"seed_played":"7088034036169669067","potions_obtained":[{"floor":1,"key":"Dexterity Potion"},{"floor":7,"key":"SkillPotion"},{"floor":8,"key":"Fire Potion"},{"floor":16,"key":"Block Potion"},{"floor":18,"key":"EssenceOfSteel"},{"floor":21,"key":"Languid Potion"}],"is_trial":false,"path_per_floor":["M","M","?","M","?","R","E","M","T","R","M","M","M","E","R","B",null,"M","?","$","M","M"],"character_chosen":"THE_SERVANT","items_purchased":["Desolation","Moonlight","SurpressingFire"],"campfire_rested":2,"item_purchase_floors":[20,20,20],"current_hp_per_floor":[61,52,52,52,52,52,31,31,31,50,41,41,41,30,49,13,65,51,51,51,22,0,0],"gold":137,"neow_bonus":"THREE_RARE_CARDS","is_daily":false,"chose_seed":false,"campfire_upgraded":1,"win_rate":0.0,"timestamp":1610631258,"path_taken":["M","M","?","M","?","R","E","M","T","R","M","M","M","E","R","BOSS","M","?","$","M","M"],"items_purchased_type":["Card","Card","Card"],"build_version":"2020-12-22","purchased_purges":0,"victory":false,"max_hp_per_floor":[65,65,65,65,65,65,65,65,65,65,65,65,65,65,65,65,65,65,65,65,65,65,65],"card_choices":[{"not_picked":["Solidify","SoulSculpture"],"picked":"Initiator","floor":0},{"not_picked":["Potential","Ricochet"],"picked":"Revamp","floor":1},{"not_picked":["ShatteredReality","Shuttle"],"picked":"FanOfKnives","floor":2},{"not_picked":["Spin","ShatteredReality"],"picked":"Moondial","floor":4},{"not_picked":["FanOfKnives","TimeWarp"],"picked":"Replace","floor":7},{"not_picked":["TimeWarp","Rewind"],"picked":"GearUp","floor":8},{"not_picked":["Potential","TimeWarp"],"picked":"Starlight","floor":11},{"not_picked":["Rewind","Defy"],"picked":"MurderousAura","floor":12},{"not_picked":["Unruled","BottledTime"],"picked":"ShiftingGears","floor":13},{"not_picked":["ShiftingGears","BottledTime"],"picked":"Rearm","floor":14},{"not_picked":["LightFlow","Dilation"],"picked":"FlawlessForm","floor":16},{"not_picked":["Unruled","TimeWarp"],"picked":"Contraction","floor":18},{"not_picked":["Sabotage","Replace"],"picked":"SilverBlades","floor":21}],"player_experience":231336,"relics_obtained":[{"floor":7,"key":"HoshigumaDish"},{"floor":14,"key":"Art of War"}],"event_choices":[],"is_beta":false,"boss_relics":[{"not_picked":["Honey Jar","Busted Crown"],"picked":"SplendidAttire"}],"items_purged_floors":[],"is_endless":false,"potions_floor_spawned":[1,7,8,16,18,21],"killed_by":"Gensokyo:Swordslinger","ascension_level":3}}