{"host":"u3jctbsl7uavviuy","time":1610626161,"event":{"mods":["ATMod(阿瑾Mod)","Arknights The Spire","BaseMod","BetterRewards","GungeonMod","HololiveMod","Luminous","Marisa（F雨　魔理沙）","Minty Spire (QoL Compilation)","Relic Stats","Replay The Spire","Shop Mod","Spicy Shops","StSLib","TestMod","The Animator","The Cursed","The Gatherer","The Servant 0.9.4","WarShipGirlsR/战舰少女R mod","vexMod","篝火指南"],"gold_per_floor":[115,115,115,135,153,153,188,44,44,59,97,118,63,97,97,230,230,266,190,218,243,243,255,255],"floor_reached":23,"language":"ZHS","playtime":1001,"items_purged":[],"score":373,"play_id":"1b440d68-3051-476a-a479-b842d504f8fb","local_time":"20210114210921","is_ascension_mode":true,"campfire_choices":[{"data":"ats:Emotion Absorption","floor":6,"key":"SMITH"},{"floor":15,"key":"REST"}],"circlet_count":0,"master_deck":["ats:Strike C","ats:Strike G","ats:Strike S","ats:Strike V","ats:Armor Crushing Shot","ats:Defend","ats:Defend","ats:Defend","ats:Defend","ats:Emotion Absorption+1","AT_FamilyPortrait","ats:Leaping Hammer","ats:Shell Defense+1","ats:Revitalization+1","ats:Apocalypse+1","ats:Flexible Camouflage+1","ats:Song Of Battle","ats:Directed Diagnosis+1","ats:Healing Strengthening+1","ats:Consecutive Shot Auto","ats:Disruption Kick+1","ats:Healing Drone+1","ats:Assault Order+1","ats:Hook Shot+1"],"relics":["ats:Sanity","testmod-TestBox","AT_ATBox","testmod-Déjàvu","Lee\u0027s Waffle","Toxic Egg 2","MerchantsRug","Golden Idol","ats:Originium","testmod-AssaultLearning","Replay:Rubber Ducky","DemoMod:PinkGuonStone","Prayer Wheel","Replay:Bandana","Painkiller Herb"],"acts_visited":["Exordium","TheCity"],"potions_floor_usage":[7,14,23],"damage_taken":[{"damage":0,"enemies":"Cultist","floor":1,"turns":2},{"damage":10,"enemies":"2 Louse","floor":4,"turns":2},{"damage":0,"enemies":"Jaw Worm","floor":5,"turns":3},{"damage":28,"enemies":"3 Sentries","floor":7,"turns":12},{"damage":20,"enemies":"Lots of Slimes","floor":10,"turns":7},{"damage":20,"enemies":"Lagavulin","floor":11,"turns":4},{"damage":11,"enemies":"Red Slaver","floor":12,"turns":2},{"damage":46,"enemies":"Gremlin Nob","floor":14,"turns":6},{"damage":60,"enemies":"Hexaghost","floor":16,"turns":11},{"damage":18,"enemies":"Spheric Guardian","floor":18,"turns":5},{"damage":18,"enemies":"Shell Parasite","floor":20,"turns":6},{"damage":52,"enemies":"Centurion and Healer","floor":21,"turns":13},{"damage":147,"enemies":"Book of Stabbing","floor":23,"turns":8}],"seed_played":"6903832797380589215","potions_obtained":[{"floor":1,"key":"Explosive Potion"},{"floor":7,"key":"Reflective Coating"},{"floor":11,"key":"Toxic Potion"},{"floor":14,"key":"LiquidMemories"}],"is_trial":false,"path_per_floor":["M","?","?","M","M","R","E","R","T","M","E","M","$","E","R","B",null,"?","T","?","?","?","E"],"character_chosen":"DOCTOR_CLASS","items_purchased":["Lee\u0027s Waffle","Toxic Egg 2","MerchantsRug","ats:Flexible Camouflage+1","ats:Healing Strengthening+1","ats:Healing Drone+1"],"campfire_rested":1,"item_purchase_floors":[0,0,0,8,13,19],"current_hp_per_floor":[79,79,60,50,53,53,60,60,60,79,66,68,68,24,49,40,86,73,73,82,86,86,0,0],"gold":255,"neow_bonus":"","is_daily":false,"chose_seed":false,"campfire_upgraded":1,"win_rate":0.0,"timestamp":1610626161,"path_taken":["M","?","?","M","M","R","E","R","T","M","E","?","$","E","R","BOSS","?","?","?","?","?","E"],"items_purchased_type":["Relic","Relic","Relic","Card","Card","Card"],"build_version":"2020-12-22","purchased_purges":0,"victory":false,"max_hp_per_floor":[79,79,79,79,79,79,79,79,79,79,86,86,86,86,86,86,86,86,86,86,86,86,86,86],"relic_stats":{"Lee\u0027s Waffle":34,"counters":[175,818],"Golden Idol":73,"Prayer Wheel":4,"obtain_stats":[{"Golden Egg":14,"vexMod:MemoryStick":0,"AT_ATBox":0,"AT_TimeSand":10,"vexMod:TanglingVine":34,"Bottled Tornado":46,"Sling":49,"Old Coin":9,"Blood Vial":43,"Replay:Ringing Soul":32,"testmod-Prudence":17,"MealTicket":11,"HandDrill":0,"Kunai":49,"Replay:Wax Seal":13,"ats:Rhine Circuitry":27,"MerchantsRug":0,"testmod-IntensifyImprint":27,"testmod-TestBox":0,"Pear":49,"AT_Manta":13,"testmod-Register":0,"DemoMod:OrangeGuonStone":26,"Blue Candle":9,"ats:Attack":53,"Pen Nib":42,"testmod-Fortitude":4,"AT_SpeedBoots":20,"DemoMod:MeatBun":49,"AT_TheCollector":13,"Bird Faced Urn":41,"DemoMod:SerJunkan":30,"vexMod:ImprovementManual":34,"vexMod:PlasmaPancake":17,"Lantern":13,"testmod-Temperance":17,"Torii":11,"testmod-EqualTreatment":12,"Blue Doll":29,"Painkiller Herb":17,"Bag of Preparation":46,"Smiling Mask":28,"Replay:Rubber Ducky":0,"ats:Industrial Water Cannon":45,"Toolbox":5,"ats:Sanity":0,"Chemical X":40,"Potion Belt":23,"testmod-Muramasa":25,"Lee\u0027s Waffle":0,"NeowsBlessing":0,"Golden Idol":3,"DemoMod:WeirdEgg":28,"The Courier":6,"DemoMod:PinkGuonStone":11,"Omamori":0,"testmod-TurbochargingSystem":8,"ats:Gyao":8,"AT_BellowingDragoncrestRing":4,"ats:Originium":10,"Orrery":44,"ats:Tactical Delivery":34,"Bottled Lightning":44,"Ice Cream":20,"Calipers":0,"Gremlin Horn":11,"Vajra":53,"DemoMod:GlassGuonStoneRelic":1,"testmod-IWantAll":0,"AT_ArchangelStaff":0,"Centennial Puzzle":53,"HornCleat":29,"DollysMirror":20,"DemoMod:Metronome":26,"DemoMod:MonsterBlood":9,"Honey Jar":34,"Prayer Wheel":12,"AT_RedNoBalance":18,"Toxic Egg 2":0,"AT_GuinsooRageblade":38,"Happy Flower":40,"vexMod:ScavengeHelm":8,"testmod-FatalChain":4,"Oddly Smooth Stone":27,"AT_PhaseBoots":33,"AT_SilverBalance":6,"vexMod:PaidLearning":24,"Replay:Kaleidoscope":23,"War Paint":30,"Question Card":7,"WarpedTongs":46,"vexMod:Cooldron":32,"testmod-Acrobat":2,"Bronze Scales":53,"Simple Rune":10,"Onion Ring":32,"ReplayTheSpireMod:TigerMarble":0,"Nloth\u0027s Gift":30,"AT_DeathDance":38,"Grinning Jar":20,"Mirror":30,"Meat on the Bone":0,"ReplayFunnel":49,"AT_SeraphEmbrace":24,"ats:Ability Aura":17,"Incense Burner":34,"Juzu Bracelet":41,"testmod-Nyarlathotep":9,"DemoMod:WhiteGuonStone":24,"Replay:Mystery Machine":11,"testmod-CrystalShield":12,"Replay:Bandana":31,"testmod-InjuryResistance":26,"Chameleon Ring":40,"Gambling Chip":20,"Pantograph":26,"Tiny Chest":31,"testmod-Déjàvu":0,"Red Mask":25,"DemoMod:Junk":44,"Gremlin Food":47,"BargainBundle":38,"ats:Sanity Plus":17,"vexMod:ConsolationPrize":17,"ats:Hidden Killer":43,"AT_BladeRuinedKing":43,"Orichalcum":40,"testmod-IndustrialRevolution":26,"Medical Kit":52,"Calling Bell":17,"vexMod:Dragonfruit":34,"Peace Pipe":7,"testmod-Antiphasic":54,"Pondfish Scales":6,"Anchor":40,"vexMod:BarristanHead":9,"testmod-AssaultLearning":7,"Membership Card":46,"TungstenRod":47},{"Golden Egg":21,"vexMod:MemoryStick":138,"AT_ATBox":0,"AT_TimeSand":77,"vexMod:TanglingVine":155,"Bottled Tornado":67,"Sling":69,"Old Coin":17,"Blood Vial":37,"Replay:Ringing Soul":60,"testmod-Prudence":117,"MealTicket":90,"HandDrill":108,"Kunai":69,"Replay:Wax Seal":115,"ats:Rhine Circuitry":56,"MerchantsRug":41,"testmod-IntensifyImprint":97,"testmod-TestBox":0,"Pear":69,"AT_Manta":115,"testmod-Register":0,"DemoMod:OrangeGuonStone":28,"Blue Candle":76,"ats:Attack":136,"Pen Nib":65,"testmod-Fortitude":111,"AT_SpeedBoots":53,"DemoMod:MeatBun":69,"AT_TheCollector":90,"Bird Faced Urn":131,"DemoMod:SerJunkan":59,"vexMod:ImprovementManual":127,"vexMod:PlasmaPancake":7,"Lantern":115,"testmod-Temperance":91,"Torii":144,"testmod-EqualTreatment":78,"Blue Doll":125,"Painkiller Herb":171,"Bag of Preparation":67,"Smiling Mask":97,"Replay:Rubber Ducky":41,"ats:Industrial Water Cannon":161,"Toolbox":44,"ats:Sanity":0,"Chemical X":64,"Potion Belt":27,"testmod-Muramasa":123,"Lee\u0027s Waffle":162,"NeowsBlessing":0,"Golden Idol":163,"DemoMod:WeirdEgg":97,"The Courier":17,"DemoMod:PinkGuonStone":168,"Omamori":41,"testmod-TurbochargingSystem":17,"ats:Gyao":47,"AT_BellowingDragoncrestRing":44,"ats:Originium":4,"Orrery":37,"ats:Tactical Delivery":33,"Bottled Lightning":37,"Ice Cream":53,"Calipers":138,"Gremlin Horn":48,"Vajra":136,"DemoMod:GlassGuonStoneRelic":1,"testmod-IWantAll":138,"AT_ArchangelStaff":108,"Centennial Puzzle":136,"HornCleat":97,"DollysMirror":53,"DemoMod:Metronome":55,"DemoMod:MonsterBlood":143,"Honey Jar":99,"Prayer Wheel":169,"AT_RedNoBalance":92,"Toxic Egg 2":162,"AT_GuinsooRageblade":63,"Happy Flower":36,"vexMod:ScavengeHelm":90,"testmod-FatalChain":15,"Oddly Smooth Stone":28,"AT_PhaseBoots":61,"AT_SilverBalance":88,"vexMod:PaidLearning":10,"Replay:Kaleidoscope":10,"War Paint":125,"Question Card":112,"WarpedTongs":133,"vexMod:Cooldron":32,"testmod-Acrobat":43,"Bronze Scales":136,"Simple Rune":4,"Onion Ring":60,"ReplayTheSpireMod:TigerMarble":12,"Nloth\u0027s Gift":97,"AT_DeathDance":34,"Grinning Jar":118,"Mirror":31,"Meat on the Bone":138,"ReplayFunnel":69,"AT_SeraphEmbrace":122,"ats:Ability Aura":7,"Incense Burner":61,"Juzu Bracelet":159,"testmod-Nyarlathotep":3,"DemoMod:WhiteGuonStone":55,"Replay:Mystery Machine":115,"testmod-CrystalShield":20,"Replay:Bandana":126,"testmod-InjuryResistance":96,"Chameleon Ring":159,"Gambling Chip":53,"Pantograph":123,"Tiny Chest":154,"testmod-Déjàvu":0,"Red Mask":28,"DemoMod:Junk":66,"Gremlin Food":68,"BargainBundle":34,"ats:Sanity Plus":146,"vexMod:ConsolationPrize":7,"ats:Hidden Killer":160,"AT_BladeRuinedKing":65,"Orichalcum":130,"testmod-IndustrialRevolution":11,"Medical Kit":136,"Calling Bell":7,"vexMod:Dragonfruit":61,"Peace Pipe":75,"testmod-Antiphasic":137,"Pondfish Scales":45,"Anchor":64,"vexMod:BarristanHead":47,"testmod-AssaultLearning":166,"Membership Card":67,"TungstenRod":134},{"Golden Egg":86,"vexMod:MemoryStick":603,"AT_ATBox":0,"AT_TimeSand":347,"vexMod:TanglingVine":696,"Bottled Tornado":315,"Sling":322,"Old Coin":69,"Blood Vial":179,"Replay:Ringing Soul":284,"testmod-Prudence":536,"MealTicket":415,"HandDrill":505,"Kunai":322,"Replay:Wax Seal":531,"ats:Rhine Circuitry":270,"MerchantsRug":201,"testmod-IntensifyImprint":456,"testmod-TestBox":0,"Pear":322,"AT_Manta":531,"testmod-Register":0,"DemoMod:OrangeGuonStone":129,"Blue Candle":344,"ats:Attack":597,"Pen Nib":305,"testmod-Fortitude":512,"AT_SpeedBoots":260,"DemoMod:MeatBun":322,"AT_TheCollector":415,"Bird Faced Urn":573,"DemoMod:SerJunkan":281,"vexMod:ImprovementManual":563,"vexMod:PlasmaPancake":26,"Lantern":531,"testmod-Temperance":427,"Torii":626,"testmod-EqualTreatment":348,"Blue Doll":558,"Painkiller Herb":786,"Bag of Preparation":315,"Smiling Mask":456,"Replay:Rubber Ducky":201,"ats:Industrial Water Cannon":734,"Toolbox":214,"ats:Sanity":0,"Chemical X":301,"Potion Belt":127,"testmod-Muramasa":553,"Lee\u0027s Waffle":737,"NeowsBlessing":0,"Golden Idol":739,"DemoMod:WeirdEgg":456,"The Courier":69,"DemoMod:PinkGuonStone":767,"Omamori":201,"testmod-TurbochargingSystem":69,"ats:Gyao":228,"AT_BellowingDragoncrestRing":214,"ats:Originium":11,"Orrery":179,"ats:Tactical Delivery":162,"Bottled Lightning":179,"Ice Cream":260,"Calipers":603,"Gremlin Horn":237,"Vajra":597,"DemoMod:GlassGuonStoneRelic":1,"testmod-IWantAll":603,"AT_ArchangelStaff":505,"Centennial Puzzle":597,"HornCleat":456,"DollysMirror":260,"DemoMod:Metronome":267,"DemoMod:MonsterBlood":618,"Honey Jar":467,"Prayer Wheel":768,"AT_RedNoBalance":427,"Toxic Egg 2":737,"AT_GuinsooRageblade":297,"Happy Flower":173,"vexMod:ScavengeHelm":415,"testmod-FatalChain":54,"Oddly Smooth Stone":129,"AT_PhaseBoots":288,"AT_SilverBalance":398,"vexMod:PaidLearning":39,"Replay:Kaleidoscope":39,"War Paint":558,"Question Card":518,"WarpedTongs":582,"vexMod:Cooldron":153,"testmod-Acrobat":208,"Bronze Scales":597,"Simple Rune":11,"Onion Ring":284,"ReplayTheSpireMod:TigerMarble":47,"Nloth\u0027s Gift":456,"AT_DeathDance":166,"Grinning Jar":538,"Mirror":148,"Meat on the Bone":603,"ReplayFunnel":322,"AT_SeraphEmbrace":548,"ats:Ability Aura":26,"Incense Burner":292,"Juzu Bracelet":721,"testmod-Nyarlathotep":3,"DemoMod:WhiteGuonStone":267,"Replay:Mystery Machine":531,"testmod-CrystalShield":81,"Replay:Bandana":559,"testmod-InjuryResistance":450,"Chameleon Ring":721,"Gambling Chip":260,"Pantograph":553,"Tiny Chest":687,"testmod-Déjàvu":0,"Red Mask":129,"DemoMod:Junk":310,"Gremlin Food":319,"BargainBundle":166,"ats:Sanity Plus":638,"vexMod:ConsolationPrize":26,"ats:Hidden Killer":729,"AT_BladeRuinedKing":305,"Orichalcum":569,"testmod-IndustrialRevolution":46,"Medical Kit":597,"Calling Bell":26,"vexMod:Dragonfruit":292,"Peace Pipe":341,"testmod-Antiphasic":598,"Pondfish Scales":220,"Anchor":301,"vexMod:BarristanHead":228,"testmod-AssaultLearning":756,"Membership Card":315,"TungstenRod":586}]},"card_choices":[{"not_picked":["ats:Powerful Strike","ats:Shell Defense+1"],"picked":"ats:Leaping Hammer","floor":1},{"not_picked":["ats:Curse Doll+1","ats:Sunburst"],"picked":"ats:Shell Defense+1","floor":4},{"not_picked":["ats:Curse Doll+1","ats:Assault Order+1"],"picked":"ats:Revitalization+1","floor":5},{"not_picked":["ats:Very Hot Blade","ats:Collapsing Strike"],"picked":"ats:Apocalypse+1","floor":7},{"not_picked":["ats:Part Time Job","ats:Soul Absorption+1","ats:Chain Hook"],"picked":"SKIP","floor":10},{"not_picked":["ats:Steam Pump+1","ats:Explosion Area Strengthen","ats:Shadow Raid+1"],"picked":"SKIP","floor":11},{"not_picked":["ats:Consecutive Shot Auto","ats:Guardian Obelisk+1"],"picked":"ats:Song Of Battle","floor":12},{"not_picked":["ats:Ignite","ats:Part Time Job"],"picked":"ats:Directed Diagnosis+1","floor":12},{"not_picked":["ats:Song Of Battle","ats:Leaping Hammer"],"picked":"ats:Consecutive Shot Auto","floor":14},{"not_picked":["ats:Calcification+1","ats:Shadow Assault"],"picked":"ats:Disruption Kick","floor":16},{"not_picked":["ats:Automatic Cover+1","ats:Revitalization+1","ats:Defend Order"],"picked":"SKIP","floor":18},{"not_picked":["ats:Support Order+1","ats:Automatic Cover+1","ats:Leaping Hammer"],"picked":"SKIP","floor":18},{"not_picked":["ats:Powerful Strike","ats:Childhood Dance+1"],"picked":"ats:Assault Order+1","floor":20},{"not_picked":["ats:Guardian Obelisk+1","ats:Hammer On","ats:Overload"],"picked":"SKIP","floor":20},{"not_picked":["ats:Assault Order+1","ats:Defend Order+1"],"picked":"ats:Hook Shot+1","floor":21},{"not_picked":["ats:Support Order+1","ats:Steam Pump+1","ats:Rat Pack+1"],"picked":"SKIP","floor":21}],"player_experience":432650,"relics_obtained":[{"floor":7,"key":"ats:Originium"},{"floor":7,"key":"testmod-AssaultLearning"},{"floor":9,"key":"Replay:Rubber Ducky"},{"floor":11,"key":"ats:Originium"},{"floor":11,"key":"DemoMod:PinkGuonStone"},{"floor":14,"key":"ats:Originium"},{"floor":14,"key":"Replay:Bandana"}],"event_choices":[{"damage_healed":0,"gold_gain":0,"player_choice":"Take Damage","damage_taken":19,"relics_obtained":["Golden Idol"],"max_hp_gain":0,"max_hp_loss":0,"event_name":"Golden Idol","floor":3,"gold_loss":0},{"damage_healed":0,"gold_gain":0,"player_choice":"Upgraded","damage_taken":0,"max_hp_gain":0,"max_hp_loss":0,"event_name":"Upgrade Shrine","floor":22,"gold_loss":0,"cards_upgraded":["ats:Disruption Kick"]}],"is_beta":false,"boss_relics":[{"not_picked":["testmod-DeterminationOfClimber","ReplayTheSpireMod:DimensionalGlitch"],"picked":"Painkiller Herb"}],"items_purged_floors":[],"is_endless":false,"potions_floor_spawned":[1,7,11,14],"killed_by":"Book of Stabbing","ascension_level":4}}