{"host":"7f01flv6y0vhl3vt","time":1610660525,"event":{"mods":["Act Like it!","BaseMod","Downfall","Minty Spire (QoL Compilation)","StSLib"],"gold_per_floor":[99,99,99,24,24,9,9,72,12,12,32,32,17,27,42,147,147,72,89,99,99,114,12,63,79,79,90,90,90,90],"floor_reached":28,"language":"ENG","playtime":9626,"items_purged":["Guardian:Defend_Guardian"],"score":231,"play_id":"2e53d225-c7d5-48f1-806c-f715daa7cec3","local_time":"20210114164205","is_ascension_mode":false,"campfire_choices":[{"floor":1,"key":"RECALL"},{"floor":10,"key":"REST"},{"data":"Guardian:ExploitGems","floor":18,"key":"SMITH"}],"circlet_count":0,"master_deck":["Guardian:Strike_Guardian","Guardian:Strike_Guardian","Guardian:Strike_Guardian","Guardian:Defend_Guardian","Guardian:Defend_Guardian","Guardian:Defend_Guardian","Guardian:CurlUp","Guardian:TwinSlam","Guardian:ChargeUp","Guardian:TimeCapacitor","Guardian:PrimingBeam","Guardian:Incinerate","Guardian:Suspension","Guardian:Planning","Guardian:TemporalShield","Guardian:ShieldCharger","Guardian:DecasProtection","Guardian:Orbwalk","Guardian:ExploitGems+1","Guardian:EvasiveProtocol","Guardian:Gem_Crimson","Guardian:Orbwalk","Guardian:Clone+1","expansioncontent:YouAreMine","Guardian:Gem_Blue","Guardian:CrystalBeam+1"],"relics":["Guardian:ModeShifter","downfall:HeartsMalice","Turnip","Black Star","downfall:HeartBlessingBlue","Vajra","TungstenRod"],"acts_visited":["Exordium","TheCity"],"potions_floor_usage":[16,16,16,23,28],"damage_taken":[{"damage":0,"enemies":"Small Slimes","floor":2,"turns":1},{"damage":0,"enemies":"Jaw Worm","floor":3,"turns":1},{"damage":0,"enemies":"downfall:FleeingMerchant","floor":4,"turns":1},{"damage":0,"enemies":"downfall:FleeingMerchant","floor":6,"turns":4},{"damage":33,"enemies":"Lagavulin Event","floor":8,"turns":7},{"damage":10,"enemies":"downfall:FleeingMerchant","floor":9,"turns":4},{"damage":0,"enemies":"2 Louse","floor":11,"turns":2},{"damage":13,"enemies":"downfall:FleeingMerchant","floor":13,"turns":4},{"damage":13,"enemies":"Lots of Slimes","floor":14,"turns":6},{"damage":0,"enemies":"Blue Slaver","floor":15,"turns":4},{"damage":28,"enemies":"downfall:Watcher","floor":16,"turns":10},{"damage":10,"enemies":"3 Byrds","floor":19,"turns":5},{"damage":9,"enemies":"Shell Parasite","floor":20,"turns":6},{"damage":23,"enemies":"Cultist and Chosen","floor":22,"turns":7},{"damage":12,"enemies":"downfall:FleeingMerchant","floor":23,"turns":4},{"damage":22,"enemies":"Shelled Parasite and Fungi","floor":25,"turns":6},{"damage":18,"enemies":"Snake Plant","floor":27,"turns":7},{"damage":1,"enemies":"Centurion and Healer","floor":28,"turns":2}],"seed_played":"1609568984997994900","potions_obtained":[{"floor":8,"key":"Energy Potion"},{"floor":14,"key":"sneckomod:MuddlingPotion"},{"floor":15,"key":"PowerPotion"},{"floor":20,"key":"Fire Potion"},{"floor":27,"key":"Dexterity Potion"}],"is_trial":false,"path_per_floor":["R","M","M","$","?","$","T","?","$","R","M","?","$","M","M","B",null,"R","M","M","?","M","$","T","M","T","M","M"],"character_chosen":"GUARDIAN","items_purchased":["Guardian:Planning","expansioncontent:YouAreMine"],"campfire_rested":1,"item_purchase_floors":[9,23],"current_hp_per_floor":[80,80,80,80,85,85,85,52,42,67,67,67,54,41,41,13,85,95,85,76,76,53,41,41,19,19,1,0,0,0],"gold":90,"neow_bonus":"THREE_ENEMY_KILL","is_daily":false,"chose_seed":false,"campfire_upgraded":1,"win_rate":0.0,"timestamp":1610660525,"path_taken":["R","M","M","$","?","$","T","?","?","R","M","?","$","?","M","BOSS","R","M","M","?","M","$","T","?","?","M","?"],"items_purchased_type":["Card","Card"],"build_version":"2020-12-22","purchased_purges":1,"victory":false,"max_hp_per_floor":[80,80,80,80,85,85,85,85,85,85,85,85,85,85,85,85,85,95,95,95,95,95,95,95,95,95,95,95,95,95],"card_choices":[{"not_picked":["Guardian:PrimingBeam","Guardian:ShieldCharger"],"picked":"Guardian:ChargeUp","floor":2},{"not_picked":["Guardian:Gem_Fragmented","Guardian:ChargeCore"],"picked":"Guardian:TimeCapacitor","floor":3},{"not_picked":["Guardian:PiercingHide","Guardian:Planning"],"picked":"Guardian:PrimingBeam","floor":4},{"not_picked":["Guardian:TemporalStrike","Guardian:Gem_Red"],"picked":"Guardian:Incinerate","floor":6},{"not_picked":["Guardian:Gem_Green","Guardian:ChargeCore"],"picked":"Guardian:Suspension","floor":8},{"not_picked":["Guardian:SpikerProtocol","Guardian:TemporalStrike"],"picked":"Guardian:Gem_Blue","floor":9},{"not_picked":["Guardian:Suspension","Guardian:PrimingBeam"],"picked":"Guardian:Gem_Orange","floor":11},{"not_picked":["Guardian:TemporalStrike","Guardian:VentSteam"],"picked":"Guardian:ShieldCharger","floor":13},{"not_picked":["Guardian:BronzeArmor","Guardian:PrismaticBeam"],"picked":"Guardian:DecasProtection","floor":14},{"not_picked":["Guardian:GuardianWhirl","Guardian:Gem_Green"],"picked":"Guardian:Orbwalk","floor":15},{"not_picked":["Guardian:FastForward","Guardian:RevengeProtocol"],"picked":"Guardian:ExploitGems","floor":16},{"not_picked":["Guardian:Incinerate","Guardian:Gem_Lightblue"],"picked":"Guardian:EvasiveProtocol","floor":19},{"not_picked":["Guardian:MultiBeam","Guardian:Gem_Cyan"],"picked":"Guardian:Gem_Crimson","floor":20},{"not_picked":["Guardian:TemporalStrike","Guardian:BronzeOrb"],"picked":"Guardian:Orbwalk","floor":22},{"not_picked":["Guardian:TemporalShield","Guardian:CrystalBeam"],"picked":"Guardian:Clone+1","floor":23},{"not_picked":["Guardian:Gem_Lightblue","Guardian:WalkerClaw"],"picked":"Guardian:Gem_Blue","floor":25},{"not_picked":["Guardian:Planning","Guardian:Reroute"],"picked":"Guardian:CrystalBeam+1","floor":27}],"player_experience":1248943,"relics_obtained":[{"floor":8,"key":"Turnip"},{"floor":24,"key":"Vajra"},{"floor":26,"key":"TungstenRod"}],"event_choices":[{"damage_healed":0,"gold_gain":0,"player_choice":"Donut","damage_taken":0,"max_hp_gain":5,"max_hp_loss":0,"event_name":"Big Fish","floor":5,"gold_loss":0},{"cards_removed":["Guardian:Strike_Guardian"],"damage_healed":0,"gold_gain":0,"player_choice":"Offered Basic","damage_taken":0,"max_hp_gain":0,"max_hp_loss":0,"event_name":"Bonfire Elementals","floor":21,"gold_loss":0}],"is_beta":false,"boss_relics":[{"not_picked":["Velvet Choker","Fusion Hammer"],"picked":"Black Star"}],"items_purged_floors":[4],"is_endless":false,"potions_floor_spawned":[8,14,15,20,27],"killed_by":"Centurion and Healer","ascension_level":0}}