{"host":"1fgbilnqahig8ycc","time":1610660291,"event":{"mods":["AchievementEnabler","BaseMod","Bestiary","Better Match","Better Vampires","BetterRewards","Colored Map","Colored Powertips","Dark Map","Downfall","Energized Spire","Friendly Minions","Hermit","Hubris","Jorbs\u0027s Wanderer Trilogy","Minty Spire (QoL Compilation)","Quick Restart","Rare Cards Sparkle","Relic Stats","Replay The Spire","StSLib","The Administrix","The Bug Knight","The Cursed","The Gatherer","The Hierophant","The Marked","The Servant 0.9.4"],"gold_per_floor":[109,109,125,125,142,142,180,180,205,205,205],"floor_reached":10,"language":"ENG","playtime":374,"items_purged":[],"score":66,"play_id":"19e4a0c3-91fc-4593-b89d-fc572c09cf43","local_time":"20210114133811","is_ascension_mode":false,"campfire_choices":[{"data":"hierophant:ChurchCoffers","floor":6,"key":"SMITH"},{"data":"hierophant:RepressedViolence","floor":8,"key":"SMITH"}],"circlet_count":0,"master_deck":["hierophant:Strike_Hierophant","hierophant:Strike_Hierophant","hierophant:Strike_Hierophant","hierophant:Strike_Hierophant+1","hierophant:Punish","hierophant:Defend_Hierophant","hierophant:Defend_Hierophant","hierophant:Defend_Hierophant","hierophant:Defend_Hierophant","hierophant:ChurchCoffers+1","Survey Options+1","hierophant:DisplayOfPower","hierophant:Encroach","hierophant:Doubloon","hierophant:RepressedViolence+1"],"relics":["hierophant:PropheticMaskRelic","Regal Pillow","Happy Flower"],"acts_visited":["Exordium"],"potions_floor_usage":[7,10],"damage_taken":[{"damage":0,"enemies":"Small Slimes","floor":1,"turns":3},{"damage":1,"enemies":"Cultist","floor":3,"turns":3},{"damage":0,"enemies":"2 Louse","floor":5,"turns":1},{"damage":22,"enemies":"3 Sentries","floor":7,"turns":11},{"damage":14,"enemies":"Gremlin Nob","floor":10,"turns":4}],"seed_played":"-4260356746601575488","potions_obtained":[{"floor":3,"key":"Guardian:BlockOnCardUsePotion"},{"floor":7,"key":"Swift Potion"}],"is_trial":false,"path_per_floor":["M","?","M","?","M","R","E","R","T","E"],"character_chosen":"HIEROPHANT","items_purchased":[],"campfire_rested":0,"item_purchase_floors":[],"current_hp_per_floor":[75,75,74,59,59,59,37,37,37,23,23],"gold":205,"neow_bonus":"RANDOM_COLORLESS","is_daily":false,"chose_seed":false,"campfire_upgraded":2,"win_rate":0.0,"timestamp":1610660291,"path_taken":["M","?","?","?","M","R","E","R","T","E"],"items_purchased_type":[],"build_version":"2020-12-22","purchased_purges":0,"victory":false,"max_hp_per_floor":[75,75,75,75,75,75,75,75,75,75,75],"relic_stats":{"Regal Pillow":0,"Happy Flower":[1],"counters":[5,22],"obtain_stats":[{"Regal Pillow":7,"Happy Flower":9,"hierophant:PropheticMaskRelic":0},{"Regal Pillow":4,"Happy Flower":4,"hierophant:PropheticMaskRelic":0},{"Regal Pillow":18,"Happy Flower":18,"hierophant:PropheticMaskRelic":0}]},"card_choices":[{"not_picked":["Replay:Sssssssssstrike","expansioncontent:Torchfire"],"picked":"Survey Options","floor":0},{"not_picked":["hierophant:Remorse","hierophant:HammerAndAnvil"],"picked":"hierophant:DisplayOfPower","floor":1},{"not_picked":["hierophant:Purify","hierophant:FlamingChariot"],"picked":"hierophant:Encroach","floor":3},{"not_picked":["hierophant:Sermon","hierophant:FlamingChariot"],"picked":"hierophant:Doubloon","floor":5},{"not_picked":["hierophant:Blessing","hierophant:Refuge"],"picked":"hierophant:RepressedViolence","floor":7}],"player_experience":378595,"relics_obtained":[{"floor":7,"key":"Regal Pillow"},{"floor":9,"key":"Happy Flower"}],"event_choices":[{"damage_healed":0,"gold_gain":0,"player_choice":"Ignored","damage_taken":0,"max_hp_gain":0,"max_hp_loss":0,"event_name":"NoteForYourself","floor":2,"gold_loss":0},{"damage_healed":0,"gold_gain":0,"player_choice":"Entered Light","damage_taken":15,"max_hp_gain":0,"max_hp_loss":0,"event_name":"Shining Light","floor":4,"gold_loss":0,"cards_upgraded":["Survey Options","hierophant:Strike_Hierophant"]}],"is_beta":false,"boss_relics":[],"items_purged_floors":[],"is_endless":false,"potions_floor_spawned":[3,7],"killed_by":"Gremlin Nob","ascension_level":0}}