{"host":"43gh4c2f6tt319we","time":1610632742,"event":{"mods":["ATMod(∞¢Ë™Mod)","Act Like it!","BaseMod","Gensokyo","Hallownest","KinomotoSakuraMod(ƒæ÷Æ±æ”£)","Lobotomy","Minty Spire (QoL Compilation)","Pale of the Ancients","Reimu£®≤©¿ˆ¡È√Œ£©","Remilia£®¿Ÿ√◊¿Ú—«£©","StSLib","The Alterego","The Animator","The Bug Knight","Youmu£®ªÍ∆«—˝√Œ£©"],"gold_per_floor":[999,1013,1026,884,899,917,917,934,944,944,973,973,1005,1005,1005,1005,1104,1104,1116,1132,1592,1631,1388,1421,1437,1437,1437,1437,1437,1437,1437,1137,1137,1236,1236,1256,1267,1267,1285,1285,1285,1385,1385,1410,1424,1450,1450,1461,1476,1476,1476,1476,1490,1490,1176,1176,1176,1176],"floor_reached":107,"language":"ZHS","playtime":3478,"items_purged":["HollowMod:QuickDashStart","HollowMod:SiblingsShadow","HollowMod:NailStrikeStart"],"score":1119,"play_id":"e30218a8-d7d2-415c-be63-dfc0475b6642","local_time":"20210114225902","is_ascension_mode":false,"campfire_choices":[{"data":"AT_DrawKnifeCut","floor":57,"key":"SMITH"},{"data":"HollowMod:Weaversong","floor":66,"key":"SMITH"},{"data":"AT_EmpoweredMortalDraw","floor":76,"key":"SMITH"},{"data":"HollowMod:theNailsmith","floor":78,"key":"SMITH"},{"data":"HollowMod:QuickDashStart","floor":81,"key":"SMITH"},{"floor":83,"key":"RECALL"},{"data":"HollowMod:DashSlash","floor":91,"key":"SMITH"},{"data":"HollowMod:DoubleDash","floor":93,"key":"SMITH"},{"floor":100,"key":"REST"},{"data":"Chrysalis","floor":106,"key":"SMITH"}],"circlet_count":0,"master_deck":["HollowMod:NailStrikeStart+1","HollowMod:NailStrikeStart+1","HollowMod:QuickDashStart+1","HollowMod:QuickDashStart","HollowMod:QuickDashStart","HollowMod:PogoStrike+1","AT_EmpoweredMortalDraw+1","AT_DrawKnifeCut+1","HollowMod:DoubleDash+1","HollowMod:FallenFury+1","HollowMod:Weaversong+1","HollowMod:theNailsmith+1","HollowMod:HuntersJournal+1","HollowMod:MantisMark+1","HollowMod:NewLastStag","HollowMod:DashSlash+1","HollowMod:DoubleDash+1","HollowMod:PureNailStrike+1","HollowMod:MylasSalvation","HollowMod:HowlingWraiths","Chrysalis+1"],"relics":["AT_ATBox","AT_MortalBlade","AT_RedTearstoneRing","Lantern","Hallownest:DreamNailRelic","Whetstone","Philosopher\u0027s Stone","Membership Card","HollowMod:KingsSoulRelic","AT_SpeedBoots","Oddly Smooth Stone","paleoftheancients:Timepiece","paleoftheancients:KeyRelic","paleoftheancients:SoulOfTheCollector","CrazyTorch:ReiMu"],"acts_visited":["Exordium","Hallownest:Greenpath","TheBeyond","TheBeyond"],"potions_floor_usage":[84,101,103,103],"damage_taken":[{"damage":0,"enemies":"Hallownest:2_MossCreeps","floor":52,"turns":2},{"damage":0,"enemies":"Hallownest:monsterHuskGuard","floor":53,"turns":2},{"damage":0,"enemies":"Hallownest:2_Baldur","floor":55,"turns":2},{"damage":0,"enemies":"Hallownest:1_Ooma_and_2_Uuma","floor":56,"turns":1},{"damage":2,"enemies":"Hallownest:MossCreep_and_Mosskin","floor":58,"turns":3},{"damage":2,"enemies":"Hallownest:Guard_and_Warrior","floor":59,"turns":2},{"damage":2,"enemies":"Hallownest:eliteVengeflyKing","floor":61,"turns":3},{"damage":0,"enemies":"Hallownest:eliteCrystalGuardian","floor":63,"turns":2},{"damage":13,"enemies":"Hallownest:BossBrokenVessel","floor":67,"turns":4},{"damage":0,"enemies":"Hallownest:2_Mistakes","floor":69,"turns":1},{"damage":0,"enemies":"Hallownest:Guard_and_Sentry","floor":70,"turns":2},{"damage":0,"enemies":"Hallownest:Glutton_and_Coward","floor":72,"turns":1},{"damage":5,"enemies":"Hallownest:eliteWatcherKnight","floor":74,"turns":7},{"damage":0,"enemies":"Hallownest:2_Flukemon","floor":75,"turns":2},{"damage":52,"enemies":"Hallownest:BossGrimm","floor":84,"turns":4},{"damage":0,"enemies":"Orb Walker","floor":86,"turns":1},{"damage":15,"enemies":"3 Shapes","floor":87,"turns":3},{"damage":0,"enemies":"3 Darklings","floor":89,"turns":1},{"damage":6,"enemies":"Sphere and 2 Shapes","floor":95,"turns":1},{"damage":27,"enemies":"Reptomancer","floor":96,"turns":3},{"damage":0,"enemies":"4 Shapes","floor":98,"turns":1},{"damage":12,"enemies":"Maw","floor":99,"turns":6},{"damage":5,"enemies":"HollowMod:Radiance","floor":101,"turns":9},{"damage":102,"enemies":"HollowMod:Radiance","floor":102,"turns":9},{"damage":66,"enemies":"HollowMod:Radiance","floor":103,"turns":7},{"damage":70,"enemies":"HollowMod:Radiance","floor":107,"turns":4}],"seed_played":"9008531554813270383","potions_obtained":[{"floor":52,"key":"Strength Potion"},{"floor":55,"key":"DistilledChaos"},{"floor":59,"key":"SpeedPotion"},{"floor":61,"key":"Dexterity Potion"},{"floor":87,"key":"Dexterity Potion"},{"floor":103,"key":"ZuzhouPotion:ReiMu"}],"is_trial":false,"path_per_floor":["M","M","$","M","M","R","M","M","T","E","?","E","?","?","R","B",null,"M","M","?","M","$","E","M","R","T","R","?","?","R","?","R","B",null,"M","M","?","M","?","R","?","R","T","M","E","?","M","M","R","B","M","M","?","$","R","M"],"character_chosen":"THE_BUGKNIGHT","items_purchased":["HollowMod:FallenFury","Membership Card","HollowMod:HuntersJournal","CrazyTorch:ReiMu","HollowMod:HowlingWraiths","Chrysalis"],"campfire_rested":1,"item_purchase_floors":[54,73,73,105,105,105],"current_hp_per_floor":[75,75,75,75,75,75,75,73,71,71,69,69,69,69,69,69,56,95,95,95,95,95,95,90,90,90,90,90,90,90,90,90,90,38,95,95,80,80,80,80,80,80,80,80,74,47,47,47,35,63,95,95,62,62,62,62,0,0],"gold":1176,"neow_bonus":"BOSS_RELIC","is_daily":false,"chose_seed":false,"campfire_upgraded":8,"win_rate":0.0,"timestamp":1610632742,"path_taken":["M","M","$","M","?","R","M","M","T","E","?","E","?","?","R","BOSS","M","M","?","M","$","E","?","R","T","R","?","?","R","?","R","BOSS","M","M","?","M","?","R","?","R","T","?","E","?","M","M","R","BOSS","M","M","?","$","R","M"],"items_purchased_type":["Card","Relic","Card","Relic","Card","Card"],"build_version":"2020-12-22","purchased_purges":3,"victory":false,"max_hp_per_floor":[95,95,95,95,95,95,95,95,95,95,95,95,95,95,95,95,95,95,95,95,95,95,95,95,95,95,95,95,95,95,95,95,95,95,95,95,95,95,95,95,95,95,95,95,95,95,95,95,95,95,95,95,95,95,95,95,95,95],"card_choices":[{"not_picked":["HollowMod:Grubsong","HollowMod:ChannelNail"],"picked":"HollowMod:DoubleDash","floor":52},{"not_picked":["HollowMod:HowlingWraiths","HollowMod:InfectedAttack"],"picked":"HollowMod:SiblingsShadow","floor":53},{"not_picked":["HollowMod:FallenFury","HollowMod:VengefulSpirit","HollowMod:SoulStrike"],"picked":"SKIP","floor":55},{"not_picked":["HollowMod:CornifersMapStart","HollowMod:HeavyBlow","HollowMod:SiblingsSouls"],"picked":"SKIP","floor":56},{"not_picked":["HollowMod:ShadowDash","HollowMod:MonarchWings","HollowMod:SoulEater"],"picked":"SKIP","floor":58},{"not_picked":["HollowMod:VengefulSpirit","HollowMod:GoodIntentions","HollowMod:PaleKingsBlessing"],"picked":"SKIP","floor":59},{"not_picked":["HollowMod:SoulSplash","HollowMod:TaintedHusks"],"picked":"HollowMod:Weaversong","floor":61},{"not_picked":["HollowMod:ShadowDash","HollowMod:DescendingDark"],"picked":"HollowMod:NewLittleFool","floor":63},{"not_picked":["HollowMod:NewInfectedGuardian","HollowMod:RadiancesLament"],"picked":"HollowMod:theNailsmith","floor":67},{"not_picked":["HollowMod:MonomonsArchive","HollowMod:InfectionAssault","HollowMod:PureNailStrike+1"],"picked":"SKIP","floor":69},{"not_picked":["HollowMod:SoulShaman","HollowMod:BlackTendrils","HollowMod:SoulSplash"],"picked":"SKIP","floor":70},{"not_picked":["HollowMod:InfectedAttack","HollowMod:NewLittleFool","HollowMod:LifebloodCocoon+1"],"picked":"SKIP","floor":72},{"not_picked":["HollowMod:SoulShaman","HollowMod:SharpenedNail"],"picked":"HollowMod:MantisMark+1","floor":74},{"not_picked":["HollowMod:SharpenedNail","HollowMod:SoulStrike","HollowMod:ShadowDash"],"picked":"SKIP","floor":75},{"not_picked":["HollowMod:SoulSplash+1","HollowMod:InfectionAssault","HollowMod:InfectedCysts+1"],"picked":"SKIP","floor":86},{"not_picked":["HollowMod:WraithStrike","HollowMod:VengefulSpirit"],"picked":"HollowMod:DashSlash","floor":87},{"not_picked":["HollowMod:DreamGate+1","HollowMod:HeavyBlow+1","HollowMod:CornifersMapStart+1"],"picked":"SKIP","floor":89},{"not_picked":["HollowMod:WraithStrike+1","HollowMod:LifebloodCocoon","HollowMod:SoulStrike"],"picked":"SKIP","floor":95},{"not_picked":["HollowMod:FastStrike","HollowMod:TaintedHusks+1","HollowMod:SoulStrike+1"],"picked":"SKIP","floor":96},{"not_picked":["HollowMod:VengefulVoid","HollowMod:AwokenDreamNail"],"picked":"HollowMod:DoubleDash+1","floor":98},{"not_picked":["HollowMod:BlackTendrils+1","HollowMod:SharpenedNail+1"],"picked":"HollowMod:PureNailStrike+1","floor":99},{"not_picked":["HollowMod:SharpenedNail+1","HollowMod:ChannelNail+1","HollowMod:MantisMark"],"picked":"SKIP","floor":103}],"player_experience":498531,"relics_obtained":[{"floor":60,"key":"AT_RedTearstoneRing"},{"floor":61,"key":"Lantern"},{"floor":63,"key":"Whetstone"},{"floor":94,"key":"AT_SpeedBoots"},{"floor":96,"key":"Oddly Smooth Stone"},{"floor":103,"key":"paleoftheancients:SoulOfTheCollector"}],"event_choices":[{"cards_removed":["HollowMod:NewLittleFool"],"damage_healed":0,"gold_gain":0,"player_choice":"Removed Attack","damage_taken":0,"max_hp_gain":0,"max_hp_loss":0,"event_name":"Falling","floor":88,"gold_loss":0},{"damage_healed":0,"gold_gain":100,"player_choice":"Pray","damage_taken":0,"max_hp_gain":0,"max_hp_loss":0,"event_name":"Golden Shrine","floor":92,"gold_loss":0},{"cards_removed":["HollowMod:NailStrikeStart"],"damage_healed":0,"gold_gain":0,"player_choice":"Purged","damage_taken":0,"max_hp_gain":0,"max_hp_loss":0,"event_name":"Purifier","floor":97,"gold_loss":0}],"is_beta":false,"boss_relics":[{"not_picked":["Velvet Choker","Empty Cage"],"picked":"Philosopher\u0027s Stone"},{"not_picked":["Cursed Key","Snecko Eye"],"picked":"HollowMod:KingsSoulRelic"}],"items_purged_floors":[54,73,105],"is_endless":false,"potions_floor_spawned":[52,55,59,61,63,74,75,87,98,99,103],"killed_by":"HollowMod:Radiance","ascension_level":0}}