{"host":"28p8ce41sjwa6lzf","time":1610647768,"event":{"mods":["BaseMod","Bestiary","Colored Map","Colored Powertips","Dark Map","Highlight Path","Minty Spire (QoL Compilation)","Permanent Neow","Quick Restart","Random Character Button","Rare Cards Sparkle","Relic Stats","StSLib","Unceasing Turn Reminder"],"gold_per_floor":[119,129,129,144,56,56,76,109,109,34,34,61,77,77,77,77,77],"floor_reached":16,"language":"ENG","playtime":758,"items_purged":[],"score":220,"play_id":"2db50bf2-5fe4-4c5b-bc47-0471c4cf234d","local_time":"20210114120928","is_ascension_mode":true,"campfire_choices":[{"data":"Prepared","floor":6.0,"key":"SMITH"},{"data":"Reflex","floor":11.0,"key":"SMITH"},{"floor":15.0,"key":"REST"}],"circlet_count":0,"master_deck":["AscendersBane","Strike_G","Strike_G","Strike_G","Strike_G","Defend_G+1","Defend_G","Defend_G+1","Defend_G","Defend_G","Survivor","Neutralize","Flash of Steel","Quick Slash","Prepared+1","Reflex+1"],"relics":["Ring of the Snake","White Beast Statue","Akabeko","The Courier","Orichalcum","War Paint"],"acts_visited":["Exordium"],"potions_floor_usage":[16,16],"damage_taken":[{"damage":12.0,"enemies":"Cultist","floor":1.0,"turns":4.0},{"damage":0.0,"enemies":"2 Louse","floor":2.0,"turns":3.0},{"damage":9.0,"enemies":"Jaw Worm","floor":4.0,"turns":4.0},{"damage":0.0,"enemies":"3 Louse","floor":7.0,"turns":4.0},{"damage":2.0,"enemies":"Gremlin Nob","floor":8.0,"turns":3.0},{"damage":24.0,"enemies":"3 Sentries","floor":12.0,"turns":12.0},{"damage":2.0,"enemies":"Blue Slaver","floor":13.0,"turns":5.0},{"damage":33,"enemies":"Hexaghost","floor":16,"turns":9}],"seed_played":"-3607297873703859742","potions_obtained":[{"floor":2.0,"key":"AttackPotion"},{"floor":4.0,"key":"Strength Potion"},{"floor":8.0,"key":"Energy Potion"},{"floor":12.0,"key":"Swift Potion"},{"floor":13.0,"key":"SkillPotion"}],"is_trial":false,"path_per_floor":["M","M","T","M","$","R","M","E","T","?","R","E","M","T","R","B"],"character_chosen":"THE_SILENT","items_purchased":["Reflex"],"campfire_rested":1,"item_purchase_floors":[5],"current_hp_per_floor":[47,47,47,38,38,38,38,36,36,36,36,12,10,10,29,0,0],"gold":77,"neow_bonus":"RANDOM_COLORLESS","is_daily":false,"chose_seed":false,"campfire_upgraded":2,"win_rate":0.0,"timestamp":1610647768,"path_taken":["M","M","?","M","$","R","M","E","T","?","R","E","M","?","R","BOSS"],"items_purchased_type":["Card"],"build_version":"2020-12-22","purchased_purges":0,"victory":false,"max_hp_per_floor":[66,66,66,66,66,66,66,66,66,66,66,66,66,66,66,66,66],"relic_stats":{"counters":[8,44],"Orichalcum":[6],"War Paint":["Defend_G","Defend_G"],"obtain_stats":[{"The Courier":9,"Orichalcum":12,"War Paint":14,"White Beast Statue":3,"Akabeko":8,"Ring of the Snake":0},{"The Courier":5,"Orichalcum":6,"War Paint":7,"White Beast Statue":2,"Akabeko":5,"Ring of the Snake":0},{"The Courier":18,"Orichalcum":30,"War Paint":35,"White Beast Statue":7,"Akabeko":18,"Ring of the Snake":0}],"Ring of the Snake":[16]},"card_choices":[{"not_picked":["Impatience","Dark Shackles"],"picked":"Flash of Steel","floor":0.0},{"not_picked":["Outmaneuver","Blade Dance"],"picked":"Quick Slash","floor":1.0},{"not_picked":["Infinite Blades","Dagger Spray"],"picked":"Prepared","floor":2.0},{"not_picked":["Bouncing Flask","Sucker Punch","Endless Agony"],"picked":"SKIP","floor":4.0},{"not_picked":["Dodge and Roll","Calculated Gamble","Bane"],"picked":"SKIP","floor":7.0},{"not_picked":["Footwork","PiercingWail","Blade Dance"],"picked":"SKIP","floor":8.0},{"not_picked":["Terror","Well Laid Plans","Dagger Spray"],"picked":"SKIP","floor":12.0},{"not_picked":["Expertise","Dash","Choke"],"picked":"SKIP","floor":13.0}],"player_experience":1150080,"relics_obtained":[{"floor":3.0,"key":"White Beast Statue"},{"floor":8.0,"key":"Akabeko"},{"floor":9.0,"key":"The Courier"},{"floor":12.0,"key":"Orichalcum"},{"floor":14.0,"key":"War Paint"}],"event_choices":[{"cards_removed":["Strike_G"],"damage_healed":0.0,"max_hp_gain":0.0,"max_hp_loss":0.0,"gold_gain":0.0,"event_name":"The Cleric","player_choice":"Card Removal","floor":10.0,"gold_loss":75.0,"damage_taken":0.0}],"is_beta":false,"boss_relics":[],"items_purged_floors":[],"is_endless":false,"potions_floor_spawned":[2,4,7,8,12,13],"killed_by":"Hexaghost","ascension_level":20}}