{"host":"1a3cjta80tad0aqj","time":1610608355,"event":{"mods":["2.2 Compatiblity","AchievementEnabler","BaseMod","Colored Map","DeckTracker","KOR Keyword Fix","Keyboard Shortcuts","Minty Spire (QoL Compilation)","Permanent Neow","Quick Restart","Random Character Button","StSLib","SuperFastMode","everything is the same but u backflip on backflip"],"gold_per_floor":[119,79,90,15,33,33,61,61,61,61,94,94,104,120,120,222,272,284,284,284,43,55,55,82,82,82,99,133,11,46,59,59,157,157,173,273,288,37,37,54,54,74,74,84,110,35,35,53,53,53],"floor_reached":51,"language":"KOR","playtime":2282,"items_purged":["Defend_P","Strike_P","Strike_P","Defend_P"],"score":1104,"play_id":"923e2ad1-fa74-4afb-8119-73e912c9fd4f","local_time":"20210114161235","is_ascension_mode":true,"campfire_choices":[{"data":"Eruption","floor":6.0,"key":"SMITH"},{"floor":8.0,"key":"REST"},{"data":"EmptyBody","floor":10.0,"key":"SMITH"},{"data":"Tantrum","floor":12.0,"key":"SMITH"},{"data":"ClearTheMind","floor":15.0,"key":"SMITH"},{"data":"Adaptation","floor":23.0,"key":"SMITH"},{"data":"Vault","floor":25.0,"key":"SMITH"},{"data":"Blasphemy","floor":32.0,"key":"SMITH"},{"data":"Scrawl","floor":41.0,"key":"SMITH"},{"data":"Wallop","floor":47,"key":"SMITH"},{"data":"SashWhip","floor":49,"key":"SMITH"}],"circlet_count":0,"master_deck":["Strike_P","Strike_P","Defend_P","Eruption+1","Vigilance","EmptyBody+1","Tantrum+1","ClearTheMind+1","EmptyFist+1","Vault+1","SashWhip+1","Adaptation+1","CutThroughFate+1","Blasphemy+1","Scrawl+1","BowlingBash","MentalFortress","FlurryOfBlows+1","Wallop+1"],"relics":["PureWater","Gambling Chip","Eternal Feather","Vajra","Tiny House","Enchiridion","Membership Card","Ancient Tea Set","WingedGreaves","InkBottle","Bottled Lightning","Turnip","Sozu","Ginger","CloakClasp","Centennial Puzzle"],"acts_visited":["Exordium","TheCity","TheBeyond"],"potions_floor_usage":[50],"damage_taken":[{"damage":12.0,"enemies":"Small Slimes","floor":1.0,"turns":6.0},{"damage":0.0,"enemies":"Cultist","floor":3.0,"turns":2.0},{"damage":0.0,"enemies":"2 Louse","floor":5.0,"turns":1.0},{"damage":23.0,"enemies":"3 Sentries","floor":7.0,"turns":9.0},{"damage":14.0,"enemies":"Gremlin Nob","floor":11.0,"turns":4.0},{"damage":0.0,"enemies":"2 Fungi Beasts","floor":13.0,"turns":1.0},{"damage":3.0,"enemies":"Large Slime","floor":14.0,"turns":2.0},{"damage":0.0,"enemies":"Slime Boss","floor":16.0,"turns":3.0},{"damage":17.0,"enemies":"3 Byrds","floor":18.0,"turns":5.0},{"damage":0.0,"enemies":"Spheric Guardian","floor":22.0,"turns":1.0},{"damage":7.0,"enemies":"Book of Stabbing","floor":24.0,"turns":3.0},{"damage":6.0,"enemies":"3 Cultists","floor":27.0,"turns":4.0},{"damage":0.0,"enemies":"Slavers","floor":28.0,"turns":3.0},{"damage":4.0,"enemies":"Book of Stabbing","floor":30.0,"turns":3.0},{"damage":0.0,"enemies":"Centurion and Healer","floor":31.0,"turns":4.0},{"damage":33.0,"enemies":"Collector","floor":33.0,"turns":5.0},{"damage":4.0,"enemies":"Orb Walker","floor":35.0,"turns":3.0},{"damage":2.0,"enemies":"3 Shapes","floor":37.0,"turns":2.0},{"damage":20.0,"enemies":"Writhing Mass","floor":40.0,"turns":7.0},{"damage":0.0,"enemies":"Jaw Worm Horde","floor":42.0,"turns":3.0},{"damage":0.0,"enemies":"Spire Growth","floor":44.0,"turns":3.0},{"damage":0.0,"enemies":"Giant Head","floor":45.0,"turns":5.0},{"damage":0,"enemies":"Writhing Mass","floor":48,"turns":3},{"damage":68,"enemies":"Time Eater","floor":50,"turns":8}],"seed_played":"-2465381009746213356","potions_obtained":[{"floor":2.0,"key":"StancePotion"},{"floor":2.0,"key":"Strength Potion"},{"floor":2.0,"key":"PowerPotion"},{"floor":7.0,"key":"SmokeBomb"},{"floor":17.0,"key":"StancePotion"},{"floor":18.0,"key":"Explosive Potion"},{"floor":31.0,"key":"Explosive Potion"}],"is_trial":false,"path_per_floor":["M","?","M","$","M","R","E","R","T","R","E","R","M","M","R","B",null,"M","?","?","$","M","R","E","R","T","M","E","$","E","M","R","B",null,"M","?","M","$","?","M","R","M","T","M","E","$","R","M","R","B",null],"character_chosen":"WATCHER","items_purchased":["Membership Card","Adaptation","Bottled Lightning","Ginger","MentalFortress"],"campfire_rested":1,"item_purchase_floors":[21,21,29,38,38],"current_hp_per_floor":[60,60,60,60,60,60,37,58,58,61,47,53,53,50,56,56,77,60,44,69,69,69,75,68,77,77,71,71,71,67,67,76,43,77,73,73,71,71,71,51,60,60,60,60,60,60,69,69,77,9],"gold":53,"neow_bonus":"REMOVE_CARD","is_daily":false,"chose_seed":false,"campfire_upgraded":10,"win_rate":0.0,"timestamp":1610608355,"path_taken":["M","?","?","?","M","R","E","R","T","R","E","R","M","M","R","BOSS","M","?","?","$","M","R","E","R","T","M","E","$","E","M","R","BOSS","M","?","?","$","?","M","R","M","T","M","E","$","R","M","R","BOSS"],"items_purchased_type":["Relic","Card","Relic","Relic","Card"],"build_version":"2020-12-22","purchased_purges":4,"victory":true,"max_hp_per_floor":[72,72,72,72,72,72,72,72,72,72,72,72,72,72,72,72,77,77,77,77,77,77,77,77,77,77,77,77,77,77,77,77,77,77,77,77,77,77,77,77,77,77,77,77,77,77,77,77,77,77],"card_choices":[{"not_picked":["Prostrate","Nirvana","Protect"],"picked":"SKIP","floor":1.0},{"not_picked":["Consecrate","Prostrate"],"picked":"EmptyBody","floor":3.0},{"not_picked":["Evaluate","BattleHymn","Perseverance"],"picked":"SKIP","floor":5.0},{"not_picked":["Crescendo","Brilliance","Consecrate"],"picked":"SKIP","floor":7.0},{"not_picked":["BowlingBash","EmptyFist"],"picked":"Tantrum","floor":11.0},{"not_picked":["Crescendo","ThirdEye"],"picked":"ClearTheMind","floor":13.0},{"not_picked":["PathToVictory","Conclude"],"picked":"EmptyFist","floor":14.0},{"not_picked":["DevaForm","Wish"],"picked":"Vault","floor":16.0},{"not_picked":["EmptyBody","EmptyFist"],"picked":"SashWhip","floor":18.0},{"not_picked":["Sanctity+1","ThirdEye","SignatureMove"],"picked":"SKIP","floor":22.0},{"not_picked":["EmptyBody","SashWhip"],"picked":"CutThroughFate+1","floor":24.0},{"not_picked":["SashWhip","Consecrate+1","CarveReality"],"picked":"SKIP","floor":27.0},{"not_picked":["FollowUp","ThirdEye","Prostrate+1"],"picked":"SKIP","floor":28.0},{"not_picked":["LikeWater","Vengeance"],"picked":"Blasphemy","floor":30.0},{"not_picked":["Protect","JustLucky","InnerPeace"],"picked":"SKIP","floor":31.0},{"not_picked":["Wish","Devotion"],"picked":"Scrawl","floor":33.0},{"not_picked":["Sanctity","ClearTheMind+1"],"picked":"BowlingBash","floor":35.0},{"not_picked":["Perseverance","WaveOfTheHand+1","BowlingBash+1"],"picked":"SKIP","floor":37.0},{"not_picked":["EmptyFist","FollowUp","WheelKick"],"picked":"SKIP","floor":40.0},{"not_picked":["Meditate","PathToVictory"],"picked":"FlurryOfBlows+1","floor":42.0},{"not_picked":["Nirvana","EmptyFist+1","EmptyMind"],"picked":"SKIP","floor":44.0},{"not_picked":["Crescendo+1","Conclude+1"],"picked":"Wallop","floor":45.0},{"not_picked":["Swivel","Wish","FlyingSleeves"],"picked":"SKIP","floor":48}],"player_experience":311503,"relics_obtained":[{"floor":7.0,"key":"Gambling Chip"},{"floor":9.0,"key":"Eternal Feather"},{"floor":11.0,"key":"Vajra"},{"floor":19.0,"key":"Enchiridion"},{"floor":24.0,"key":"Ancient Tea Set"},{"floor":26.0,"key":"WingedGreaves"},{"floor":28.0,"key":"InkBottle"},{"floor":30.0,"key":"Turnip"},{"floor":43.0,"key":"CloakClasp"},{"floor":45.0,"key":"Centennial Puzzle"}],"event_choices":[{"damage_healed":0.0,"max_hp_gain":0.0,"max_hp_loss":0.0,"gold_gain":0.0,"event_name":"The Woman in Blue","player_choice":"Bought 3 Potions","floor":2.0,"gold_loss":0.0,"damage_taken":0.0},{"damage_healed":0.0,"max_hp_gain":0.0,"max_hp_loss":0.0,"gold_gain":0.0,"event_name":"Cursed Tome","player_choice":"Obtained Book","floor":19.0,"gold_loss":0.0,"damage_taken":16.0},{"damage_healed":25.0,"max_hp_gain":0.0,"max_hp_loss":0.0,"gold_gain":0.0,"event_name":"The Library","player_choice":"Heal","floor":20.0,"gold_loss":0.0,"damage_taken":0.0},{"damage_healed":0.0,"max_hp_gain":0.0,"max_hp_loss":0.0,"gold_gain":100.0,"event_name":"Golden Shrine","player_choice":"Pray","floor":36.0,"gold_loss":0.0,"damage_taken":0.0},{"damage_healed":0.0,"max_hp_gain":0.0,"max_hp_loss":0.0,"gold_gain":0.0,"event_name":"SensoryStone","player_choice":"Memory 1","floor":39.0,"gold_loss":0.0,"damage_taken":0.0}],"is_beta":false,"boss_relics":[{"not_picked":["Ectoplasm","Fusion Hammer"],"picked":"Tiny House"},{"not_picked":["Coffee Dripper","Runic Dome"],"picked":"Sozu"}],"items_purged_floors":[4,21,38,46],"is_endless":false,"potions_floor_spawned":[3,7,13,18,27,31,37,44,45,48],"ascension_level":4}}