{"host":"dpbezu80jg8zk7un","time":1610636298,"event":{"mods":["BaseMod","Colored Map","Colored Powertips","Custom Start","DeckTracker","Minty Spire (QoL Compilation)","Quick Restart","StSLib","SuperFastMode"],"gold_per_floor":[116,127,127,141,159,159,187,199,224,224,235,235,52,77,77,175,175,190,214,264,264,280,280,280],"floor_reached":23,"language":"KOR","playtime":558,"items_purged":["Pain"],"score":390,"play_id":"23556dff-e93a-4bfc-9296-966e9fd590fb","local_time":"20210114235818","is_ascension_mode":true,"campfire_choices":[{"data":"Eruption","floor":6.0,"key":"SMITH"},{"floor":10.0,"key":"REST"},{"data":"Prostrate","floor":15.0,"key":"SMITH"}],"circlet_count":0,"master_deck":["AscendersBane","Strike_P","Strike_P","Defend_P","Eruption+1","Vigilance","Worship","FlurryOfBlows","FollowUp","FearNoEvil","MentalFortress","Prostrate+1","Prostrate","ConjureBlade","Weave+1","SandsOfTime+1","Devotion+1","EmptyFist","Adaptation+1"],"relics":["PureWater","WarpedTongs","Singing Bowl","Happy Flower","Golden Idol","Astrolabe"],"acts_visited":["Exordium","TheCity"],"potions_floor_usage":[19],"damage_taken":[{"damage":2.0,"enemies":"Cultist","floor":1.0,"turns":3.0},{"damage":6.0,"enemies":"Small Slimes","floor":2.0,"turns":4.0},{"damage":5.0,"enemies":"2 Louse","floor":4.0,"turns":3.0},{"damage":6.0,"enemies":"Exordium Wildlife","floor":5.0,"turns":3.0},{"damage":16.0,"enemies":"3 Sentries","floor":7.0,"turns":6.0},{"damage":14.0,"enemies":"Lots of Slimes","floor":8.0,"turns":5.0},{"damage":2.0,"enemies":"Looter","floor":11.0,"turns":2.0},{"damage":5.0,"enemies":"3 Louse","floor":14.0,"turns":4.0},{"damage":4.0,"enemies":"The Guardian","floor":16.0,"turns":9.0},{"damage":20,"enemies":"Chosen","floor":18,"turns":4},{"damage":0,"enemies":"Spheric Guardian","floor":19,"turns":3},{"damage":27,"enemies":"3 Cultists","floor":22,"turns":4},{"damage":20,"enemies":"Slavers","floor":23,"turns":1}],"seed_played":"-2148415450526430626","potions_obtained":[{"floor":2.0,"key":"PowerPotion"},{"floor":5.0,"key":"Swift Potion"},{"floor":8.0,"key":"SpeedPotion"},{"floor":11.0,"key":"Strength Potion"},{"floor":14.0,"key":"BlessingOfTheForge"},{"floor":18,"key":"SteroidPotion"}],"is_trial":false,"path_per_floor":["M","M","?","M","M","R","E","M","T","R","M","?","$","M","R","B",null,"M","M","?","?","M","E"],"character_chosen":"WATCHER","items_purchased":["MentalFortress","Prostrate"],"campfire_rested":1,"item_purchase_floors":[13,13],"current_hp_per_floor":[59,53,53,48,42,42,28,16,16,37,37,37,37,32,32,28,57,39,41,41,41,14,0,0],"gold":280,"neow_bonus":"TRANSFORM_CARD","is_daily":false,"chose_seed":false,"campfire_upgraded":2,"win_rate":0.0,"timestamp":1610636298,"path_taken":["M","M","?","M","M","R","E","?","T","R","M","?","$","M","R","BOSS","M","M","?","?","?","E"],"items_purchased_type":["Card","Card"],"build_version":"2020-12-22","purchased_purges":1,"victory":false,"max_hp_per_floor":[68,68,68,68,68,68,70,72,72,72,74,67,67,67,67,67,67,69,71,71,71,71,71,71],"card_choices":[{"not_picked":["JustLucky","CutThroughFate","Protect"],"picked":"SKIP","floor":1.0},{"not_picked":["LikeWater","ThirdEye"],"picked":"FlurryOfBlows","floor":2.0},{"not_picked":["TalkToTheHand","WreathOfFlame"],"picked":"FollowUp","floor":4.0},{"not_picked":["FlyingSleeves","Prostrate"],"picked":"FearNoEvil","floor":5.0},{"not_picked":["Sanctity","TalkToTheHand","ForeignInfluence"],"picked":"Singing Bowl","floor":7.0},{"not_picked":["CutThroughFate","FlurryOfBlows","BowlingBash"],"picked":"Singing Bowl","floor":8.0},{"not_picked":["FlurryOfBlows","Halt","WindmillStrike"],"picked":"Singing Bowl","floor":11.0},{"not_picked":["LikeWater","SignatureMove"],"picked":"Prostrate","floor":14.0},{"not_picked":["Establishment","DeusExMachina"],"picked":"ConjureBlade","floor":16.0},{"not_picked":["EmptyBody","Indignation","PathToVictory+1"],"picked":"Singing Bowl","floor":18},{"not_picked":["Fasting2+1","JustLucky","WaveOfTheHand"],"picked":"Singing Bowl","floor":19},{"not_picked":["BowlingBash","Wireheading"],"picked":"Adaptation+1","floor":22}],"player_experience":2878214,"relics_obtained":[{"floor":7.0,"key":"Singing Bowl"},{"floor":9.0,"key":"Happy Flower"}],"event_choices":[{"damage_healed":0.0,"max_hp_gain":0.0,"max_hp_loss":0.0,"gold_gain":0.0,"event_name":"Accursed Blacksmith","player_choice":"Rummage","floor":3.0,"gold_loss":0.0,"damage_taken":0.0,"relics_obtained":["WarpedTongs"],"cards_obtained":["Pain"]},{"damage_healed":0.0,"max_hp_gain":0.0,"max_hp_loss":7.0,"gold_gain":0.0,"event_name":"Golden Idol","player_choice":"Lose Max HP","floor":12.0,"gold_loss":0.0,"damage_taken":0.0,"relics_obtained":["Golden Idol"]},{"damage_healed":0,"gold_gain":50,"player_choice":"Stole From Cult","damage_taken":0,"max_hp_gain":0,"max_hp_loss":0,"event_name":"Nest","floor":20,"gold_loss":0},{"damage_healed":0,"gold_gain":0,"cards_transformed":["Defend_P"],"player_choice":"Transformed","damage_taken":0,"max_hp_gain":0,"max_hp_loss":0,"event_name":"Transmorgrifier","floor":21,"gold_loss":0,"cards_obtained":["EmptyFist"]}],"is_beta":false,"boss_relics":[{"not_picked":["Runic Dome","Philosopher\u0027s Stone"],"picked":"Astrolabe"}],"items_purged_floors":[13],"is_endless":false,"potions_floor_spawned":[2,5,8,11,14,18],"killed_by":"Slavers","ascension_level":20}}