{"host":"t7mx8yfj1no5p62f","time":1610610009,"event":{"mods":["BaseMod","Bestiary","Colored Map","Colored Powertips","Minty Spire (QoL Compilation)","Relic Stats","StSLib","ojb\u0027s Info Mod"],"gold_per_floor":[113,130,141,151,164,164,195,195,195,222,187,21,38,48,48,125,125,140,140,158,25,96,96,96,130,183,312,324,324],"floor_reached":28,"language":"ENG","playtime":851,"items_purged":["Strike_R"],"score":500,"play_id":"4f891e4d-fdd9-49cd-be51-ba6261b3a6d8","local_time":"20210114024009","is_ascension_mode":true,"campfire_choices":[{"data":"Immolate","floor":6.0,"key":"SMITH"},{"data":"Rage","floor":8.0,"key":"SMITH"},{"data":"Disarm","floor":15.0,"key":"SMITH"},{"data":"HandOfGreed","floor":23,"key":"SMITH"}],"circlet_count":0,"master_deck":["AscendersBane","Strike_R","Strike_R","Strike_R","Strike_R","Defend_R","Defend_R","Defend_R","Defend_R","Bash","Immolate+1","Iron Wave","Fire Breathing","Rage+1","Disarm+1","Disarm","Double Tap","Burning Pact","HandOfGreed+1"],"relics":["Burning Blood","StoneCalendar","CaptainsWheel","Singing Bowl","Membership Card","Coffee Dripper","Red Mask","SsserpentHead","Ginger","MawBank"],"acts_visited":["TheCity"],"potions_floor_usage":[22,25],"damage_taken":[{"damage":7.0,"enemies":"Small Slimes","floor":1.0,"turns":2.0},{"damage":6.0,"enemies":"2 Louse","floor":2.0,"turns":2.0},{"damage":1.0,"enemies":"Cultist","floor":3.0,"turns":3.0},{"damage":0.0,"enemies":"3 Louse","floor":4.0,"turns":1.0},{"damage":24.0,"enemies":"Exordium Thugs","floor":5.0,"turns":5.0},{"damage":15.0,"enemies":"3 Sentries","floor":7.0,"turns":4.0},{"damage":16.0,"enemies":"Lagavulin","floor":10.0,"turns":7.0},{"damage":0.0,"enemies":"Large Slime","floor":13.0,"turns":4.0},{"damage":1.0,"enemies":"Looter","floor":14.0,"turns":3.0},{"damage":30.0,"enemies":"The Guardian","floor":16.0,"turns":10.0},{"damage":4.0,"enemies":"Chosen","floor":18.0,"turns":5.0},{"damage":13.0,"enemies":"2 Thieves","floor":20.0,"turns":4.0},{"damage":10,"enemies":"Masked Bandits","floor":22,"turns":5},{"damage":18,"enemies":"Book of Stabbing","floor":25,"turns":7},{"damage":11,"enemies":"Centurion and Healer","floor":27,"turns":5},{"damage":55,"enemies":"Gremlin Leader","floor":28,"turns":5}],"seed_played":"2380852056548370235","potions_obtained":[{"floor":2.0,"key":"DistilledChaos"},{"floor":7.0,"key":"BloodPotion"},{"floor":13.0,"key":"Ancient Potion"},{"floor":14.0,"key":"CultistPotion"},{"floor":16.0,"key":"Swift Potion"},{"floor":18.0,"key":"EssenceOfSteel"},{"floor":20.0,"key":"Block Potion"},{"floor":25,"key":"Strength Potion"}],"is_trial":false,"path_per_floor":["M","M","M","M","M","R","E","R","T","E","?","$","M","M","R","B",null,"M","?","M","$","?","R","?","E","T","M","E"],"character_chosen":"IRONCLAD","items_purchased":["Membership Card","HandOfGreed"],"campfire_rested":0,"item_purchase_floors":[12,21],"current_hp_per_floor":[67,67,68,68,50,50,41,41,41,31,48,48,56,70,70,46,64,68,68,63,63,61,61,61,51,51,48,0,0],"gold":324,"neow_bonus":"THREE_RARE_CARDS","is_daily":false,"chose_seed":false,"campfire_upgraded":4,"win_rate":0.0,"timestamp":1610610009,"path_taken":["M","M","M","M","M","R","E","R","T","E","?","$","M","M","R","BOSS","M","?","M","$","?","R","?","E","T","?","E"],"items_purchased_type":["Relic","Card"],"build_version":"2020-12-22","purchased_purges":1,"victory":false,"max_hp_per_floor":[68,68,68,68,68,68,68,68,68,68,68,68,70,70,70,70,70,72,72,74,74,76,76,76,78,78,80,80,80],"relic_stats":{"SsserpentHead":50,"Singing Bowl":12,"counters":[16,72],"StoneCalendar":[74],"Ginger":[2],"MawBank":24,"obtain_stats":[{"SsserpentHead":24,"CaptainsWheel":9,"Singing Bowl":10,"StoneCalendar":7,"Coffee Dripper":17,"Red Mask":22,"Membership Card":12,"Ginger":25,"MawBank":26,"Burning Blood":0},{"SsserpentHead":13,"CaptainsWheel":6,"Singing Bowl":7,"StoneCalendar":6,"Coffee Dripper":10,"Red Mask":13,"Membership Card":7,"Ginger":14,"MawBank":14,"Burning Blood":0},{"SsserpentHead":55,"CaptainsWheel":17,"Singing Bowl":24,"StoneCalendar":17,"Coffee Dripper":41,"Red Mask":55,"Membership Card":24,"Ginger":62,"MawBank":62,"Burning Blood":0}],"Burning Blood":80},"card_choices":[{"not_picked":["Impervious","Barricade"],"picked":"Immolate","floor":0.0},{"not_picked":["Heavy Blade","Sword Boomerang"],"picked":"Iron Wave","floor":1.0},{"not_picked":["Metallicize","Clothesline"],"picked":"Fire Breathing","floor":2.0},{"not_picked":["Heavy Blade","Blood for Blood","Twin Strike"],"picked":"SKIP","floor":3.0},{"not_picked":["Body Slam","Clash","Seeing Red"],"picked":"SKIP","floor":4.0},{"not_picked":["Warcry","Thunderclap"],"picked":"Rage","floor":5.0},{"not_picked":["Warcry","Juggernaut","Perfected Strike"],"picked":"SKIP","floor":7.0},{"not_picked":["Thunderclap","Twin Strike"],"picked":"Disarm","floor":10.0},{"not_picked":["Infernal Blade","Rampage","Heavy Blade"],"picked":"Singing Bowl","floor":13.0},{"not_picked":["Dark Embrace","Iron Wave"],"picked":"Disarm","floor":14.0},{"not_picked":["Fiend Fire","Limit Break"],"picked":"Double Tap","floor":16.0},{"not_picked":["Havoc+1","Rampage","Flex"],"picked":"Singing Bowl","floor":18.0},{"not_picked":["Havoc","Entrench+1","True Grit"],"picked":"Singing Bowl","floor":20.0},{"not_picked":["Twin Strike+1","Rupture","Sword Boomerang"],"picked":"Singing Bowl","floor":22},{"not_picked":["Evolve+1","Body Slam","Bludgeon"],"picked":"Singing Bowl","floor":25},{"not_picked":["Clash+1","Dropkick","Fire Breathing+1"],"picked":"Singing Bowl","floor":27}],"player_experience":1767738,"relics_obtained":[{"floor":7.0,"key":"StoneCalendar"},{"floor":9.0,"key":"CaptainsWheel"},{"floor":10.0,"key":"Singing Bowl"},{"floor":22,"key":"Red Mask"},{"floor":25,"key":"Ginger"},{"floor":26,"key":"MawBank"}],"event_choices":[{"damage_healed":17.0,"max_hp_gain":0.0,"max_hp_loss":0.0,"gold_gain":0.0,"event_name":"The Cleric","player_choice":"Healed","floor":11.0,"gold_loss":35.0,"damage_taken":0.0},{"damage_healed":0.0,"max_hp_gain":0.0,"max_hp_loss":0.0,"gold_gain":0.0,"event_name":"The Library","player_choice":"Read","floor":19.0,"gold_loss":0.0,"damage_taken":0.0,"cards_obtained":["Burning Pact"]},{"damage_healed":0,"gold_gain":0,"player_choice":"Fought Bandits","damage_taken":0,"max_hp_gain":0,"max_hp_loss":0,"event_name":"Masked Bandits","floor":22,"gold_loss":0},{"damage_healed":0,"gold_gain":0,"player_choice":"Trade","damage_taken":0,"relics_obtained":["SsserpentHead"],"max_hp_gain":0,"max_hp_loss":0,"event_name":"FaceTrader","floor":24,"gold_loss":0}],"is_beta":false,"boss_relics":[{"not_picked":["Calling Bell","Runic Pyramid"],"picked":"Coffee Dripper"}],"items_purged_floors":[21],"is_endless":false,"potions_floor_spawned":[2,7,13,14,16,18,20,25],"killed_by":"Gremlin Leader","ascension_level":20}}