{"host":"8i4doyxqctgl5qb0","time":1610667945,"event":{"mods":["AchievementEnabler","BaseMod","Block Reminder","Colored Powertips","Downfall","Minty Spire (QoL Compilation)","Permanent Neow","Potion Indicator Mod","Rare Cards Sparkle","StSLib","SuperFastMode","The Jungle"],"gold_per_floor":[119,119,135,135,135,135,147,147,147,161,171,204,204,20,20,121,121,135,135,135,22,22,22,57,57,57,57,57,73,85,355,355,355,355],"floor_reached":33,"language":"ZHS","playtime":708,"items_purged":["Strike_B"],"score":381,"play_id":"674dfae6-2aad-4eda-b6be-fb98dd1132ba","local_time":"20210115074545","is_ascension_mode":true,"campfire_choices":[{"data":"Stack","floor":6.0,"key":"SMITH"},{"floor":13.0,"key":"REST"},{"floor":15.0,"key":"REST"},{"data":"White Noise","floor":23.0,"key":"SMITH"},{"floor":25.0,"key":"REST"},{"data":"Defragment","floor":28.0,"key":"SMITH"},{"floor":32.0,"key":"REST"}],"circlet_count":0,"master_deck":["Strike_B","Strike_B+1","Defend_B","Defend_B","Defend_B","Zap","Dualcast","Self Repair","Stack+1","Conserve Battery","Auto Shields","Stack","Multi-Cast","White Noise+1","Sunder+1","Self Repair","Biased Cognition","CurseOfTheBell","Defragment+1","Static Discharge","Shame","Stack+1","Storm+1","Melter"],"relics":["Cracked Core","Potion Belt","Unceasing Top","Orichalcum","Oddly Smooth Stone","Calling Bell","Bag of Marbles","Eternal Feather","Torii","Blue Candle","Whetstone","Lantern"],"acts_visited":["Exordium","TheCity"],"potions_floor_usage":[33],"damage_taken":[{"damage":1.0,"enemies":"2 Louse","floor":1.0,"turns":2.0},{"damage":6.0,"enemies":"Cultist","floor":3.0,"turns":4.0},{"damage":14.0,"enemies":"Jaw Worm","floor":7.0,"turns":5.0},{"damage":7.0,"enemies":"Looter","floor":10.0,"turns":3.0},{"damage":12.0,"enemies":"2 Fungi Beasts","floor":11.0,"turns":5.0},{"damage":37.0,"enemies":"Gremlin Nob","floor":12.0,"turns":5.0},{"damage":32.0,"enemies":"The Guardian","floor":16.0,"turns":11.0},{"damage":18.0,"enemies":"Chosen","floor":18.0,"turns":7.0},{"damage":0.0,"enemies":"2 Thieves","floor":20.0,"turns":1.0},{"damage":61.0,"enemies":"Slavers","floor":24.0,"turns":5.0},{"damage":37.0,"enemies":"Centurion and Healer","floor":29.0,"turns":12.0},{"damage":0.0,"enemies":"Snake Plant","floor":30.0,"turns":2.0},{"damage":51,"enemies":"Champ","floor":33,"turns":7}],"seed_played":"6047670879461695241","potions_obtained":[{"floor":1.0,"key":"SkillPotion"},{"floor":11.0,"key":"SmokeBomb"},{"floor":24.0,"key":"FearPotion"},{"floor":29.0,"key":"champ:CounterPotion"},{"floor":30.0,"key":"SmokeBomb"}],"is_trial":false,"path_per_floor":["M","?","M","$","T","R","M","?","T","M","M","E","R","$","R","B",null,"M","?","M","$","?","R","E","R","T","$","R","M","M","?","R","B"],"character_chosen":"DEFECT","items_purchased":["White Noise","Sunder","Self Repair","Static Discharge"],"campfire_rested":4,"item_purchase_floors":[14,14,14,21],"current_hp_per_floor":[67,67,68,68,68,68,61,54,54,54,49,19,41,41,63,45,68,64,64,64,64,64,75,21,55,55,55,67,44,44,17,51,0,0],"gold":355,"neow_bonus":"RANDOM_COMMON_RELIC","is_daily":false,"chose_seed":false,"campfire_upgraded":3,"win_rate":0.0,"timestamp":1610667945,"path_taken":["M","?","?","?","?","R","M","?","T","M","M","E","R","$","R","BOSS","M","?","M","$","?","R","E","R","T","?","R","M","M","?","R","BOSS"],"items_purchased_type":["Card","Card","Card","Card"],"build_version":"2020-12-22","purchased_purges":1,"victory":false,"max_hp_per_floor":[75,75,75,75,75,75,75,75,75,75,75,75,75,75,75,75,75,75,75,75,75,75,75,75,75,75,75,75,75,75,75,75,75,75],"card_choices":[{"not_picked":["Rebound","Cold Snap"],"picked":"Self Repair","floor":1.0},{"not_picked":["Cold Snap","Skim"],"picked":"Stack","floor":3.0},{"not_picked":["Go for the Eyes","Chaos"],"picked":"Conserve Battery","floor":7.0},{"not_picked":["Cold Snap","Consume"],"picked":"Auto Shields","floor":10.0},{"not_picked":["Steam Power","Aggregate"],"picked":"Stack","floor":11.0},{"not_picked":["Beam Cell","Cold Snap"],"picked":"Multi-Cast","floor":12.0},{"not_picked":["Seek","Core Surge"],"picked":"Biased Cognition","floor":16.0},{"not_picked":["Rebound","Melter"],"picked":"Defragment","floor":18.0},{"not_picked":["Aggregate","Streamline"],"picked":"Stack+1","floor":24.0},{"not_picked":["Steam","Hologram"],"picked":"Storm+1","floor":29.0},{"not_picked":["Beam Cell","Skim"],"picked":"Melter","floor":30.0}],"player_experience":177030,"relics_obtained":[{"floor":5.0,"key":"Unceasing Top"},{"floor":9.0,"key":"Orichalcum"},{"floor":12.0,"key":"Oddly Smooth Stone"},{"floor":17.0,"key":"Bag of Marbles"},{"floor":17.0,"key":"Eternal Feather"},{"floor":17.0,"key":"Torii"},{"floor":24.0,"key":"Whetstone"},{"floor":26.0,"key":"Lantern"}],"event_choices":[{"cards_removed":["Strike_B"],"damage_healed":0.0,"max_hp_gain":0.0,"max_hp_loss":0.0,"gold_gain":0.0,"event_name":"Bonfire Elementals","player_choice":"Offered Basic","floor":2.0,"gold_loss":0.0,"damage_taken":0.0},{"cards_removed":["Defend_B"],"damage_healed":0.0,"max_hp_gain":0.0,"max_hp_loss":0.0,"gold_gain":0.0,"event_name":"Golden Wing","player_choice":"Card Removal","floor":8.0,"gold_loss":0.0,"damage_taken":7.0},{"damage_healed":0.0,"max_hp_gain":0.0,"max_hp_loss":0.0,"gold_gain":0.0,"event_name":"Ghosts","player_choice":"Ignored","floor":19.0,"gold_loss":0.0,"damage_taken":0.0},{"damage_healed":0.0,"max_hp_gain":0.0,"max_hp_loss":0.0,"gold_gain":0.0,"event_name":"Addict","player_choice":"Stole Relic","floor":22.0,"gold_loss":0.0,"damage_taken":0.0,"relics_obtained":["Blue Candle"],"cards_obtained":["Shame"]},{"damage_healed":0.0,"max_hp_gain":0.0,"max_hp_loss":0.0,"gold_gain":270.0,"event_name":"Knowing Skull","player_choice":"GOLD GOLD GOLD ","floor":31.0,"potions_obtained":[],"gold_loss":0.0,"damage_taken":27.0,"cards_obtained":[]}],"is_beta":false,"boss_relics":[{"not_picked":["Black Star","Runic Dome"],"picked":"Calling Bell"}],"items_purged_floors":[21],"is_endless":false,"potions_floor_spawned":[1,11,24,29,30],"killed_by":"Champ","ascension_level":9}}