{"host":"13o02hya6v6rzuva","time":1610632817,"event":{"mods":["BaseMod","Minty Spire (QoL Compilation)","Relic Stats"],"gold_per_floor":[111,286,286,306,322,322,352,352,352,352,368,388,463,463,463,559,559,577,590,604,623,623,623,657,657,657,668,483,502,537,557,557,653,653,673,425,443,455,435,435,453,453,453,188,203,231,231,26,26,26,26],"floor_reached":50,"language":"ENG","playtime":3525,"items_purged":[],"score":591,"play_id":"ff307553-def9-45ed-8e61-69ad63cf1a2a","local_time":"20210114150017","is_ascension_mode":true,"campfire_choices":[{"data":"Swivel","floor":6.0,"key":"SMITH"},{"data":"Wallop","floor":10.0,"key":"SMITH"},{"data":"LessonLearned","floor":15.0,"key":"SMITH"},{"floor":23.0,"key":"REST"},{"floor":25,"key":"REST"},{"floor":32,"key":"REST"},{"floor":40,"key":"RECALL"},{"data":"MentalFortress","floor":42,"key":"SMITH"},{"floor":49,"key":"REST"}],"circlet_count":0,"master_deck":["Strike_P+1","Strike_P","Strike_P","Defend_P","Defend_P+1","Defend_P","Defend_P","Eruption","Vigilance+1","Wallop+1","Swivel+1","Evaluate+1","WheelKick","ClearTheMind+1","LessonLearned+1","Weave+1","Blasphemy+1","Consecrate+1","FollowUp+1","Perseverance","ConjureBlade","SashWhip+1","Tantrum","MentalFortress+1","BattleHymn+1","LessonLearned","Adaptation+1","Good Instincts+1","ClearTheMind+1","ThirdEye","FlurryOfBlows","Parasite","Alpha+1"],"relics":["PureWater","NeowsBlessing","Bottled Flame","CloakClasp","Mercury Hourglass","SacredBark","InkBottle","Yang","Membership Card","Happy Flower","VioletLotus","HornCleat","Bronze Scales","Pantograph","Singing Bowl","Toxic Egg 2","Meat on the Bone","Pear","ClockworkSouvenir"],"acts_visited":["Exordium","TheCity","TheBeyond"],"potions_floor_usage":[24,24,24],"damage_taken":[{"damage":0.0,"enemies":"Small Slimes","floor":1.0,"turns":1.0},{"damage":0.0,"enemies":"2 Louse","floor":4.0,"turns":1.0},{"damage":0.0,"enemies":"Jaw Worm","floor":5.0,"turns":1.0},{"damage":17.0,"enemies":"Lagavulin","floor":7.0,"turns":10.0},{"damage":0.0,"enemies":"Exordium Thugs","floor":11.0,"turns":3.0},{"damage":0.0,"enemies":"3 Louse","floor":12.0,"turns":2.0},{"damage":9.0,"enemies":"The Guardian","floor":16.0,"turns":14.0},{"damage":13.0,"enemies":"Spheric Guardian","floor":18.0,"turns":5.0},{"damage":0.0,"enemies":"Chosen","floor":19.0,"turns":6.0},{"damage":33.0,"enemies":"Snake Plant","floor":20.0,"turns":5.0},{"damage":0.0,"enemies":"Centurion and Healer","floor":21.0,"turns":9.0},{"damage":35,"enemies":"Gremlin Leader","floor":24,"turns":9},{"damage":0,"enemies":"Shelled Parasite and Fungi","floor":27,"turns":4},{"damage":0,"enemies":"Chosen and Byrds","floor":29,"turns":3},{"damage":13,"enemies":"Book of Stabbing","floor":30,"turns":6},{"damage":0,"enemies":"Centurion and Healer","floor":31,"turns":7},{"damage":15,"enemies":"Collector","floor":33,"turns":8},{"damage":7,"enemies":"3 Darklings","floor":35,"turns":5},{"damage":0,"enemies":"Orb Walker","floor":37,"turns":3},{"damage":1,"enemies":"Maw","floor":38,"turns":6},{"damage":0,"enemies":"4 Shapes","floor":41,"turns":4},{"damage":3,"enemies":"Writhing Mass","floor":45,"turns":5},{"damage":17,"enemies":"Nemesis","floor":46,"turns":5},{"damage":100047,"enemies":"Awakened One","floor":50,"turns":7}],"seed_played":"1055303864182187773","potions_obtained":[{"floor":1.0,"key":"SpeedPotion"},{"floor":4.0,"key":"LiquidMemories"},{"floor":16.0,"key":"SkillPotion"},{"floor":20.0,"key":"PowerPotion"},{"floor":21.0,"key":"LiquidBronze"},{"floor":22.0,"key":"Block Potion"},{"floor":27,"key":"SteroidPotion"},{"floor":37,"key":"GamblersBrew"},{"floor":39,"key":"CultistPotion"}],"is_trial":false,"path_per_floor":["M","?","?","M","M","R","E","T","T","R","M","M","?","?","R","B",null,"M","M","M","M","?","R","E","R","T","M","$","M","E","M","R","B",null,"M","$","M","M","?","R","M","R","T","$","M","E","T","$","R","B"],"character_chosen":"WATCHER","items_purchased":["Membership Card","Tantrum","HornCleat","Bronze Scales","Good Instincts","Pantograph","Singing Bowl","FlurryOfBlows","Pear","ClockworkSouvenir"],"campfire_rested":4,"item_purchase_floors":[28,28,36,36,36,44,44,44,48,48],"current_hp_per_floor":[72,72,65,65,65,65,48,48,48,48,48,48,37,37,37,28,72,59,59,26,26,26,47,12,33,33,33,33,33,20,20,41,26,72,65,65,65,64,64,64,64,64,64,64,63,46,46,56,81,0,0],"gold":26,"neow_bonus":"THREE_ENEMY_KILL","is_daily":false,"chose_seed":false,"campfire_upgraded":4,"win_rate":0.0,"timestamp":1610632817,"path_taken":["M","?","?","?","M","R","E","?","T","R","M","M","?","?","R","BOSS","M","M","?","M","?","R","E","R","T","M","$","?","E","M","R","BOSS","M","$","M","M","?","R","?","R","T","?","M","E","?","$","R","BOSS"],"items_purchased_type":["Relic","Card","Relic","Relic","Card","Relic","Relic","Card","Relic","Relic"],"build_version":"2020-12-22","purchased_purges":0,"victory":false,"max_hp_per_floor":[72,72,72,72,72,72,72,72,72,72,72,72,72,72,72,72,72,72,72,72,72,72,72,72,72,72,72,72,72,72,72,72,72,72,72,72,72,72,72,72,72,72,72,72,74,74,74,84,84,84,84],"relic_stats":{"Happy Flower":[16],"Singing Bowl":2,"counters":[24,128],"Bronze Scales":[84],"Pantograph":3,"Yang":[155],"VioletLotus":[8],"CloakClasp":[411],"obtain_stats":[{"Pear":48,"NeowsBlessing":0,"Happy Flower":30,"Singing Bowl":44,"SacredBark":17,"Yang":26,"CloakClasp":8,"Mercury Hourglass":9,"ClockworkSouvenir":48,"Bottled Flame":7,"HornCleat":36,"Bronze Scales":36,"Pantograph":44,"VioletLotus":34,"Membership Card":28,"PureWater":0,"Toxic Egg 2":46,"InkBottle":24,"Meat on the Bone":47},{"Pear":23,"NeowsBlessing":0,"Happy Flower":15,"Singing Bowl":21,"SacredBark":7,"Yang":12,"CloakClasp":4,"Mercury Hourglass":4,"ClockworkSouvenir":23,"Bottled Flame":4,"HornCleat":18,"Bronze Scales":18,"Pantograph":21,"VioletLotus":17,"Membership Card":13,"PureWater":0,"Toxic Egg 2":23,"InkBottle":12,"Meat on the Bone":23},{"Pear":122,"NeowsBlessing":0,"Happy Flower":79,"Singing Bowl":112,"SacredBark":32,"Yang":66,"CloakClasp":13,"Mercury Hourglass":13,"ClockworkSouvenir":122,"Bottled Flame":13,"HornCleat":99,"Bronze Scales":99,"Pantograph":112,"VioletLotus":94,"Membership Card":70,"PureWater":0,"Toxic Egg 2":122,"InkBottle":66,"Meat on the Bone":122}],"InkBottle":[24],"Mercury Hourglass":[422],"Meat on the Bone":0},"card_choices":[{"not_picked":["Conclude","ClearTheMind"],"picked":"Wallop","floor":1.0},{"not_picked":["EmptyFist","EmptyMind"],"picked":"Swivel","floor":4.0},{"not_picked":["Study","Perseverance"],"picked":"Evaluate","floor":5.0},{"not_picked":["Adaptation","FollowUp"],"picked":"WheelKick","floor":7.0},{"not_picked":["CrushJoints","ThirdEye"],"picked":"ClearTheMind","floor":11.0},{"not_picked":["Nirvana","Halt"],"picked":"LessonLearned","floor":12.0},{"not_picked":["Scrawl","Vault"],"picked":"Blasphemy","floor":16.0},{"not_picked":["EmptyFist","FearNoEvil"],"picked":"Consecrate+1","floor":18.0},{"not_picked":["Nirvana+1","Prostrate"],"picked":"FollowUp","floor":19.0},{"not_picked":["EmptyBody","FollowUp"],"picked":"Perseverance","floor":20.0},{"not_picked":["Collect","Wallop"],"picked":"ConjureBlade","floor":21.0},{"not_picked":["FearNoEvil","FlurryOfBlows"],"picked":"SashWhip+1","floor":24},{"not_picked":["Halt","Prostrate","Evaluate"],"picked":"SKIP","floor":27},{"not_picked":["JustLucky","ClearTheMind+1"],"picked":"MentalFortress","floor":29},{"not_picked":["Sanctity","Halt","Prostrate"],"picked":"SKIP","floor":30},{"not_picked":["FollowUp","FlurryOfBlows"],"picked":"BattleHymn+1","floor":31},{"not_picked":["Brilliance","Scrawl"],"picked":"LessonLearned","floor":33},{"not_picked":["Worship+1","Protect+1"],"picked":"Adaptation+1","floor":35},{"not_picked":["Consecrate+1","Meditate+1"],"picked":"ClearTheMind+1","floor":37},{"not_picked":["Protect","CrushJoints+1"],"picked":"ThirdEye","floor":38},{"not_picked":["Devotion","Collect+1","Crescendo+1"],"picked":"SKIP","floor":41},{"not_picked":["Fasting2","Crescendo+1","FollowUp+1"],"picked":"Singing Bowl","floor":45},{"not_picked":["Evaluate+1","CutThroughFate"],"picked":"Alpha+1","floor":46}],"player_experience":1120290,"relics_obtained":[{"floor":7.0,"key":"Bottled Flame"},{"floor":8.0,"key":"CloakClasp"},{"floor":9.0,"key":"Mercury Hourglass"},{"floor":24,"key":"InkBottle"},{"floor":26,"key":"Yang"},{"floor":30,"key":"Happy Flower"},{"floor":46,"key":"Toxic Egg 2"},{"floor":47,"key":"Meat on the Bone"}],"event_choices":[{"damage_healed":0.0,"max_hp_gain":0.0,"max_hp_loss":0.0,"gold_gain":175.0,"event_name":"Liars Game","player_choice":"AGREE","floor":2.0,"gold_loss":0.0,"damage_taken":0.0,"cards_obtained":["Doubt"]},{"cards_removed":["Doubt"],"damage_healed":0.0,"max_hp_gain":0.0,"max_hp_loss":0.0,"gold_gain":0.0,"event_name":"Golden Wing","player_choice":"Card Removal","floor":3.0,"gold_loss":0.0,"damage_taken":7.0},{"damage_healed":0.0,"max_hp_gain":0.0,"max_hp_loss":0.0,"gold_gain":75.0,"event_name":"World of Goop","player_choice":"Gather Gold","floor":13.0,"gold_loss":0.0,"damage_taken":11.0},{"damage_healed":0.0,"max_hp_gain":0.0,"max_hp_loss":0.0,"gold_gain":0.0,"cards_transformed":["Strike_P"],"event_name":"Transmorgrifier","player_choice":"Transformed","floor":14.0,"gold_loss":0.0,"damage_taken":0.0,"cards_obtained":["Weave"]},{"damage_healed":0.0,"max_hp_gain":0.0,"max_hp_loss":0.0,"gold_gain":0.0,"event_name":"Lab","player_choice":"Got Potions","floor":22.0,"gold_loss":0.0,"damage_taken":0.0},{"damage_healed":0,"gold_gain":0,"player_choice":"Bought 1 Potion","damage_taken":0,"max_hp_gain":0,"max_hp_loss":0,"event_name":"The Woman in Blue","floor":39,"gold_loss":0}],"is_beta":false,"boss_relics":[{"not_picked":["Coffee Dripper","Philosopher\u0027s Stone"],"picked":"SacredBark"},{"not_picked":["Sozu","Runic Dome"],"picked":"VioletLotus"}],"items_purged_floors":[],"is_endless":false,"potions_floor_spawned":[1,4,16,20,21,27,37,45,46],"killed_by":"Awakened One","ascension_level":3}}