{"host":"18wi9kpcl4eah7pe","time":1610643001,"event":{"mods":["BaseMod","Colored Powertips","Downfall","Minty Spire (QoL Compilation)","StSLib"],"gold_per_floor":[0,18,18,36,53,53,53,70,70,103,28,13,44,70,86,86,86],"floor_reached":16,"language":"ENG","playtime":761,"items_purged":[],"score":112,"play_id":"31e85abd-858e-4bc6-af86-cc79b25857a4","local_time":"20210114105001","is_ascension_mode":false,"campfire_choices":[{"floor":1,"key":"RECALL"},{"data":"sneckomod:SnakeSap","floor":6,"key":"SMITH"},{"data":"sneckomod:TailWhip","floor":9,"key":"SMITH"},{"floor":11,"key":"REST"}],"circlet_count":0,"master_deck":["sneckomod:Strike","sneckomod:Strike","sneckomod:Strike","sneckomod:Defend","sneckomod:Defend","sneckomod:Defend","sneckomod:TailWhip+1","sneckomod:SnekBite","sneckomod:Unknown","sneckomod:Unknown","sneckomod:UnknownRareAttack","sneckomod:UnknownWeak","sneckomod:SnakeSap+1","sneckomod:UnknownVulnerable","sneckomod:UnknownClassSLIMEBOUND","sneckomod:WideSting","sneckomod:SlitherStrike","sneckomod:UnknownBlock","sneckomod:Unknown2Cost"],"relics":["sneckomod:SneckoSoul","Kunai","Orichalcum","downfall:HeartBlessingRed","Ancient Tea Set"],"acts_visited":["Exordium"],"potions_floor_usage":[10,14,16],"damage_taken":[{"damage":0,"enemies":"Small Slimes","floor":2,"turns":3},{"damage":4,"enemies":"Cultist","floor":4,"turns":3},{"damage":3,"enemies":"Jaw Worm","floor":5,"turns":2},{"damage":18,"enemies":"Red Slaver","floor":8,"turns":6},{"damage":49,"enemies":"3 Sentries","floor":10,"turns":10},{"damage":4,"enemies":"downfall:FleeingMerchant","floor":12,"turns":4},{"damage":0,"enemies":"Blue Slaver","floor":13,"turns":2},{"damage":29,"enemies":"Lagavulin","floor":14,"turns":6},{"damage":0,"enemies":"Large Slime","floor":15,"turns":3},{"damage":46,"enemies":"downfall:Ironclad","floor":16,"turns":10}],"seed_played":"8701160022658689517","potions_obtained":[{"floor":8,"key":"Regen Potion"},{"floor":13,"key":"SpeedPotion"},{"floor":14,"key":"SkillPotion"}],"is_trial":false,"path_per_floor":["R","M","?","M","M","R","T","M","R","E","R","$","M","E","M","B"],"character_chosen":"THE_SNECKO","items_purchased":[],"campfire_rested":1,"item_purchase_floors":[],"current_hp_per_floor":[91,91,91,92,89,89,89,72,72,49,77,73,73,45,46,0,0],"gold":86,"neow_bonus":"THREE_RARE_CARDS","is_daily":false,"chose_seed":false,"campfire_upgraded":2,"win_rate":0.0,"timestamp":1610643001,"path_taken":["R","M","?","?","?","R","T","M","R","E","R","?","?","E","M","BOSS"],"items_purchased_type":[],"build_version":"2020-12-22","purchased_purges":0,"victory":false,"max_hp_per_floor":[91,91,91,92,92,92,92,93,93,94,94,94,94,95,96,96,96],"card_choices":[{"not_picked":["sneckomod:SerpentMind","sneckomod:Unknown3Cost"],"picked":"sneckomod:UnknownRareAttack","floor":0},{"not_picked":["sneckomod:DiceCrush","sneckomod:SoulCleanse"],"picked":"sneckomod:IronFang","floor":2},{"not_picked":["sneckomod:UnknownCommonAttack","sneckomod:Nope"],"picked":"sneckomod:UnknownWeak","floor":4},{"not_picked":["sneckomod:UnknownStrike","sneckomod:Unknown0Cost"],"picked":"sneckomod:SnakeSap","floor":5},{"not_picked":["sneckomod:RainOfDice","sneckomod:Unknown1Cost"],"picked":"sneckomod:UnknownVulnerable","floor":8},{"not_picked":["sneckomod:Nope","sneckomod:UnknownBlock"],"picked":"sneckomod:UnknownClassSLIMEBOUND","floor":10},{"not_picked":["sneckomod:UnknownEthereal","sneckomod:Rotation"],"picked":"sneckomod:WideSting","floor":12},{"not_picked":["sneckomod:Unknown1Cost","sneckomod:SoulRoll"],"picked":"sneckomod:SlitherStrike","floor":13},{"not_picked":["sneckomod:WideSting","sneckomod:UnknownCommonSkill"],"picked":"sneckomod:UnknownBlock","floor":14},{"not_picked":["sneckomod:Mudshield","sneckomod:RainOfDice"],"picked":"sneckomod:Unknown2Cost","floor":15}],"player_experience":909927,"relics_obtained":[{"floor":7,"key":"Kunai"},{"floor":10,"key":"Orichalcum"},{"floor":14,"key":"Ancient Tea Set"}],"event_choices":[{"cards_removed":["sneckomod:IronFang"],"damage_healed":5,"gold_gain":0,"player_choice":"Offered Common","damage_taken":0,"max_hp_gain":0,"max_hp_loss":0,"event_name":"Bonfire Elementals","floor":3,"gold_loss":0},{"cards_removed":["sneckomod:IronFang"],"damage_healed":5,"gold_gain":0,"player_choice":"Offered Special","damage_taken":0,"max_hp_gain":0,"max_hp_loss":0,"event_name":"Bonfire Elementals","floor":3,"gold_loss":0}],"is_beta":false,"boss_relics":[],"items_purged_floors":[],"is_endless":false,"potions_floor_spawned":[8,13,14],"killed_by":"downfall:Ironclad","ascension_level":0}}