{"host":"21h5e52imz35vo8g","time":1610610876,"event":{"mods":["AchievementEnabler","BaseMod","Colored Map","Colored Powertips","Googly Eyes","Minty Spire (QoL Compilation)","Quick Restart","Rare Cards Sparkle","StSLib"],"gold_per_floor":[109,109,8,18,18,18,53,53,53,65,65,240,270,220,220,220,220],"floor_reached":16,"language":"ZHS","playtime":332,"items_purged":["Defend_G"],"score":170,"play_id":"baae3434-ad44-41ce-b8c1-32d6ca9ad00e","local_time":"20210114155436","is_ascension_mode":true,"campfire_choices":[{"data":"Prepared","floor":6,"key":"SMITH"},{"data":"Concentrate","floor":11,"key":"SMITH"},{"data":"Prepared","floor":15,"key":"SMITH"}],"circlet_count":0,"master_deck":["Strike_G","Strike_G","Strike_G","Strike_G","Defend_G","Defend_G","Defend_G","Defend_G","Survivor","Neutralize","Prepared+1","Underhanded Strike","Backflip","Concentrate+1","Prepared+1","Riddle With Holes"],"relics":["Ring of the Snake","NeowsBlessing","Blue Candle","Letter Opener","Pear","Eternal Feather"],"acts_visited":["Exordium"],"potions_floor_usage":[13],"damage_taken":[{"damage":0,"enemies":"Small Slimes","floor":1,"turns":1},{"damage":0,"enemies":"2 Louse","floor":4,"turns":1},{"damage":0,"enemies":"Gremlin Nob","floor":7,"turns":1},{"damage":0,"enemies":"Cultist","floor":10,"turns":3},{"damage":19,"enemies":"Lagavulin","floor":13,"turns":6},{"damage":5,"enemies":"Hexaghost","floor":16,"turns":2}],"seed_played":"-4230072636360641304","potions_obtained":[{"floor":7,"key":"PowerPotion"},{"floor":10,"key":"Explosive Potion"}],"is_trial":false,"path_per_floor":["M","?","$","M","$","R","E","?","T","M","R","?","E","?","R","B"],"character_chosen":"THE_SILENT","items_purchased":["Underhanded Strike"],"campfire_rested":0,"item_purchase_floors":[3],"current_hp_per_floor":[63,56,56,56,56,56,56,49,59,59,59,59,40,40,49,44,44],"gold":220,"neow_bonus":"THREE_ENEMY_KILL","is_daily":false,"chose_seed":false,"campfire_upgraded":3,"win_rate":0.0,"timestamp":1610610876,"path_taken":["M","?","$","M","$","R","E","?","T","M","R","?","E","?","R","BOSS"],"items_purchased_type":["Card"],"build_version":"2020-12-22","purchased_purges":1,"victory":false,"max_hp_per_floor":[70,70,70,70,70,70,70,70,80,80,80,80,80,80,80,80,80],"card_choices":[{"not_picked":["Acrobatics","Underhanded Strike"],"picked":"Prepared","floor":1},{"not_picked":["PiercingWail","Terror"],"picked":"Backflip","floor":4},{"not_picked":["Blur","Backflip"],"picked":"Concentrate","floor":7},{"not_picked":["Dagger Spray","Blade Dance"],"picked":"Prepared","floor":10},{"not_picked":["Slice","Deadly Poison"],"picked":"Riddle With Holes","floor":13}],"player_experience":328225,"relics_obtained":[{"floor":7,"key":"Letter Opener"},{"floor":9,"key":"Pear"},{"floor":13,"key":"Eternal Feather"}],"event_choices":[{"damage_healed":0,"gold_gain":0,"player_choice":"Success","damage_taken":7,"relics_obtained":["Blue Candle"],"max_hp_gain":0,"max_hp_loss":0,"event_name":"Scrap Ooze","floor":2,"gold_loss":0},{"cards_removed":["Strike_G"],"damage_healed":0,"gold_gain":0,"player_choice":"Card Removal","damage_taken":7,"max_hp_gain":0,"max_hp_loss":0,"event_name":"Golden Wing","floor":8,"gold_loss":0},{"damage_healed":0,"gold_gain":175,"player_choice":"AGREE","damage_taken":0,"max_hp_gain":0,"max_hp_loss":0,"event_name":"Liars Game","floor":12,"gold_loss":0,"cards_obtained":["Doubt"]},{"cards_removed":["Doubt"],"damage_healed":0,"gold_gain":0,"player_choice":"Card Removal","damage_taken":0,"max_hp_gain":0,"max_hp_loss":0,"event_name":"The Cleric","floor":14,"gold_loss":50}],"is_beta":false,"boss_relics":[],"items_purged_floors":[3],"is_endless":false,"potions_floor_spawned":[7,10],"killed_by":"Hexaghost","ascension_level":6}}