{"host":"aas8f8jvicx6tcxp","time":1610667177,"event":{"mods":["BaseMod","Better Third Choice","BetterRewards","Downfall","Hermit","Minty Spire (QoL Compilation)","Robot Space Explorer","StSLib","The Cursed"],"gold_per_floor":[115,129,147,127,138,171,171,141,166,166,197,197,212,232,232,335,335,352,352,368,388,399,399,399,399],"floor_reached":24,"language":"ENG","playtime":6811,"items_purged":[],"score":210,"play_id":"7c658fbe-50b2-49fc-a96d-1dc26d1c30ad","local_time":"20210114173257","is_ascension_mode":false,"campfire_choices":[{"floor":7,"key":"REST"},{"data":"RobotSpaceExplorer:DoubleFind","floor":12,"key":"SMITH"},{"floor":15,"key":"REST"},{"floor":23,"key":"REST"}],"circlet_count":0,"master_deck":["RobotSpaceExplorer:Strike","RobotSpaceExplorer:Strike","RobotSpaceExplorer:Strike","RobotSpaceExplorer:Strike","RobotSpaceExplorer:Defend","RobotSpaceExplorer:Defend","RobotSpaceExplorer:Defend+1","RobotSpaceExplorer:Defend","RobotSpaceExplorer:Scan+1","RobotSpaceExplorer:MiniLasers","RobotSpaceExplorer:Pulsar","RobotSpaceExplorer:TrailblazerForm","RobotSpaceExplorer:LuckyStrike","RobotSpaceExplorer:DoubleFind+1","RobotSpaceExplorer:TurboDodge","RobotSpaceExplorer:PowerCollector","RobotSpaceExplorer:Comet","RobotSpaceExplorer:Fix","RobotSpaceExplorer:Comet"],"relics":["RobotSpaceExplorer:RoboCore","NeowsBlessing","War Paint","Pen Nib","Happy Flower","RobotSpaceExplorer:Reprocessor"],"acts_visited":["Exordium","TheCity"],"potions_floor_usage":[5,6,8,14,20],"damage_taken":[{"damage":0,"enemies":"Cultist","floor":1,"turns":1},{"damage":0,"enemies":"2 Louse","floor":2,"turns":1},{"damage":0,"enemies":"Small Slimes","floor":3,"turns":1},{"damage":3,"enemies":"Exordium Thugs","floor":5,"turns":5},{"damage":27,"enemies":"3 Sentries","floor":6,"turns":8},{"damage":4,"enemies":"Looter","floor":8,"turns":4},{"damage":4,"enemies":"Lagavulin","floor":11,"turns":7},{"damage":0,"enemies":"Blue Slaver","floor":13,"turns":3},{"damage":7,"enemies":"Exordium Wildlife","floor":14,"turns":6},{"damage":6,"enemies":"The Guardian","floor":16,"turns":21},{"damage":16,"enemies":"Shell Parasite","floor":18,"turns":7},{"damage":3,"enemies":"Spheric Guardian","floor":20,"turns":3},{"damage":14,"enemies":"Centurion and Healer","floor":21,"turns":9},{"damage":13,"enemies":"Snecko","floor":22,"turns":6},{"damage":7,"enemies":"Chosen and Byrds","floor":24,"turns":6}],"seed_played":"-66711679381085646","potions_obtained":[{"floor":1,"key":"DistilledChaos"},{"floor":4,"key":"RobotSpaceExplorer:PlasmaFlask"},{"floor":6,"key":"SkillPotion"},{"floor":11,"key":"EssenceOfSteel"},{"floor":13,"key":"GamblersBrew"},{"floor":16,"key":"FairyPotion"},{"floor":18,"key":"Fire Potion"},{"floor":20,"key":"GamblersBrew"}],"is_trial":false,"path_per_floor":["M","M","M","?","M","E","R","M","T","$","E","R","M","M","R","B",null,"M","?","M","M","M","R","M"],"character_chosen":"RobotSpaceExplorer","items_purchased":[],"campfire_rested":3,"item_purchase_floors":[],"current_hp_per_floor":[75,75,75,75,72,45,67,63,63,63,59,59,59,52,74,68,75,59,59,56,46,37,59,56,56],"gold":399,"neow_bonus":"THREE_ENEMY_KILL","is_daily":false,"chose_seed":false,"campfire_upgraded":1,"win_rate":0.0,"timestamp":1610667177,"path_taken":["M","M","?","?","M","E","R","M","T","$","E","R","M","M","R","BOSS","M","?","?","?","M","R","M"],"items_purchased_type":[],"build_version":"2020-12-22","purchased_purges":0,"victory":false,"max_hp_per_floor":[75,75,75,75,75,75,75,75,75,75,75,75,75,75,75,75,75,75,75,75,75,75,75,75,75],"card_choices":[{"not_picked":["RobotSpaceExplorer:PowerGlove","RobotSpaceExplorer:GlueSpray"],"picked":"RobotSpaceExplorer:Pulsar","floor":1},{"not_picked":["RobotSpaceExplorer:Counterblock","RobotSpaceExplorer:MiniDrones","RobotSpaceExplorer:ScrapMissile"],"picked":"SKIP","floor":2},{"not_picked":["RobotSpaceExplorer:DualCore","RobotSpaceExplorer:MiniBoosters"],"picked":"RobotSpaceExplorer:TrailblazerForm","floor":3},{"not_picked":["RobotSpaceExplorer:ShockKick","RobotSpaceExplorer:FranticSearch","RobotSpaceExplorer:ImprovisedAttack"],"picked":"SKIP","floor":5},{"not_picked":["RobotSpaceExplorer:ShovelStrike","RobotSpaceExplorer:Wormhole"],"picked":"RobotSpaceExplorer:LuckyStrike","floor":6},{"not_picked":["RobotSpaceExplorer:MetalStrike","RobotSpaceExplorer:DoubleBlock"],"picked":"RobotSpaceExplorer:DoubleFind","floor":8},{"not_picked":["RobotSpaceExplorer:Electropulse","RobotSpaceExplorer:MetalStrike","RobotSpaceExplorer:ShockKick"],"picked":"SKIP","floor":11},{"not_picked":["RobotSpaceExplorer:Probe","RobotSpaceExplorer:SurgingShield"],"picked":"RobotSpaceExplorer:TurboDodge","floor":13},{"not_picked":["RobotSpaceExplorer:GlueShot","RobotSpaceExplorer:MetalStrike"],"picked":"RobotSpaceExplorer:PowerCollector","floor":14},{"not_picked":["RobotSpaceExplorer:Multitool","RobotSpaceExplorer:ChargingLaser"],"picked":"RobotSpaceExplorer:Comet","floor":16},{"not_picked":["RobotSpaceExplorer:MetalStrike","RobotSpaceExplorer:ShovelStrike","RobotSpaceExplorer:SwiftStep"],"picked":"SKIP","floor":18},{"not_picked":["RobotSpaceExplorer:MetalStrike","RobotSpaceExplorer:FreezingShield+1"],"picked":"RobotSpaceExplorer:Fix","floor":20},{"not_picked":["RobotSpaceExplorer:SurgingShield","RobotSpaceExplorer:Counterblock","RobotSpaceExplorer:SwiftStep"],"picked":"SKIP","floor":21},{"not_picked":["RobotSpaceExplorer:DoubleBlock+1","RobotSpaceExplorer:Probe+1"],"picked":"RobotSpaceExplorer:Comet","floor":22}],"player_experience":296404,"relics_obtained":[{"floor":6,"key":"War Paint"},{"floor":9,"key":"Pen Nib"},{"floor":11,"key":"Happy Flower"}],"event_choices":[{"damage_healed":0,"gold_gain":0,"player_choice":"Bought 1 Potion","damage_taken":0,"max_hp_gain":0,"max_hp_loss":0,"event_name":"The Woman in Blue","floor":4,"gold_loss":0},{"damage_healed":0,"gold_gain":0,"player_choice":"Ignored","damage_taken":0,"max_hp_gain":0,"max_hp_loss":0,"event_name":"N\u0027loth","floor":19,"gold_loss":0}],"is_beta":false,"boss_relics":[{"not_picked":["Sozu","Fusion Hammer"],"picked":"RobotSpaceExplorer:Reprocessor"}],"items_purged_floors":[],"is_endless":false,"potions_floor_spawned":[1,6,11,13,16,18,20],"killed_by":"Chosen and Byrds","ascension_level":0}}