{"host":"3l94tha3a4jgu0q4","time":1610666127,"event":{"mods":["2.2 Compatiblity","AchievementEnabler","BaseMod","Colored Map","Colored Powertips","Highlight Path","Minty Spire (QoL Compilation)","Permanent Neow","StSLib","SuperFastMode","The IronCluck","slay the spire mod where everything is the same but ironclad has a cowboy hat"],"gold_per_floor":[117,192,210,210,277,277,237,237,237],"floor_reached":8,"language":"ENG","playtime":258,"items_purged":[],"score":85,"play_id":"6eed8570-5937-4b62-b969-097974fe089d","local_time":"20210114151527","is_ascension_mode":true,"campfire_choices":[{"data":"Eruption","floor":6,"key":"SMITH"}],"circlet_count":0,"master_deck":["AscendersBane","Strike_P","Strike_P","Strike_P","Strike_P","Defend_P","Defend_P","Defend_P","Defend_P","Eruption+1","Vigilance","EmptyBody","InnerPeace","SashWhip","Indignation"],"relics":["VioletLotus","SsserpentHead"],"acts_visited":["Exordium"],"potions_floor_usage":[],"damage_taken":[{"damage":12,"enemies":"Cultist","floor":1,"turns":5},{"damage":0,"enemies":"Jaw Worm","floor":3,"turns":4},{"damage":23,"enemies":"2 Louse","floor":5,"turns":4},{"damage":11,"enemies":"Looter","floor":7,"turns":4},{"damage":7,"enemies":"Lagavulin","floor":8,"turns":2}],"seed_played":"5824031647295951324","potions_obtained":[],"is_trial":false,"path_per_floor":["M","?","M","?","M","R","M","E"],"character_chosen":"WATCHER","items_purchased":[],"campfire_rested":0,"item_purchase_floors":[],"current_hp_per_floor":[49,38,38,38,15,15,4,0,0],"gold":237,"neow_bonus":"BOSS_RELIC","is_daily":false,"chose_seed":false,"campfire_upgraded":1,"win_rate":0.0,"timestamp":1610666127,"path_taken":["M","?","M","?","?","R","M","E"],"items_purchased_type":[],"build_version":"2020-12-22","purchased_purges":0,"victory":false,"max_hp_per_floor":[68,68,68,68,68,68,68,68,68],"card_choices":[{"not_picked":["FollowUp","FlyingSleeves"],"picked":"EmptyBody","floor":1},{"not_picked":["ThirdEye","Halt"],"picked":"InnerPeace","floor":3},{"not_picked":["ThirdEye","CrushJoints"],"picked":"SashWhip","floor":5},{"not_picked":["EmptyMind","Evaluate"],"picked":"Indignation","floor":7}],"player_experience":1949536,"relics_obtained":[],"event_choices":[{"damage_healed":0,"gold_gain":75,"player_choice":"Gather Gold","damage_taken":11,"max_hp_gain":0,"max_hp_loss":0,"event_name":"World of Goop","floor":2,"gold_loss":0},{"damage_healed":0,"gold_gain":0,"player_choice":"Trade","damage_taken":0,"relics_obtained":["SsserpentHead"],"max_hp_gain":0,"max_hp_loss":0,"event_name":"FaceTrader","floor":4,"gold_loss":0}],"is_beta":false,"boss_relics":[],"items_purged_floors":[],"is_endless":false,"potions_floor_spawned":[],"killed_by":"Lagavulin","ascension_level":17}}