{"host":"gk9qdtkqd8dwfeg2","time":1610641792,"event":{"mods":["Aspiration","BaseMod","Colored Powertips","KomeijiMod","Minty Spire (QoL Compilation)","Quick Restart","Replay The Spire","Shop Mod","StSLib","TestMod","The Gatherer","The Servant 0.9.4","Waifu the Spire","WarShipGirlsR/’ΩΩ¢…Ÿ≈ÆR mod","Yuri Mod","vexMod"],"gold_per_floor":[219,238,256,271,111,145,145,178,178,213,227,69,86,86,86,165,165,177,177,89,106,120,120,147,147,171,191,201,226,146,157,157,235,235,253,253,267,267,157,157,174,199,199,471,496,496,496],"floor_reached":46,"language":"ZHS","playtime":987,"items_purged":["yuri:RhapsodyCurse"],"score":1355,"play_id":"79b1f5b8-6323-4613-9774-20c85e087a7c","local_time":"20210115002952","is_ascension_mode":true,"campfire_choices":[{"data":"Tantrum","floor":7.0,"key":"SMITH"},{"data":"Eruption","floor":15.0,"key":"SMITH"},{"floor":23.0,"key":"REST"},{"floor":25.0,"key":"REST"},{"data":"Ragnarok","floor":32.0,"key":"SMITH"},{"data":"vexMod:StairwayStrike","floor":40.0,"key":"SMITH"}],"circlet_count":0,"master_deck":["AscendersBane","Strike_P","Defend_P","Defend_P","Defend_P","Eruption+1","Vigilance","Tantrum+1","Wallop","Halt","DeusExMachina","Ragnarok+1","FlurryOfBlows","Blasphemy","InnerPeace","DeusExMachina","ReplayTheSpireMod:From All Sides","Deflect","Dagger Spray","ReplayTheSpireMod:Private Reserves+1","vexMod:StairwayStrike+1","FearNoEvil+1"],"relics":["PureWater","testmod-TestBox","testmod-Brilliant","MerchantsRug","Nunchaku","Happy Flower","Bag of Marbles","testmod-Fanaticism","Nilry\u0027s Codex","aspiration:AnachronicSnailShell","testmod-FatalChain"],"acts_visited":["Exordium","TheCity","TheBeyond"],"potions_floor_usage":[],"damage_taken":[{"damage":4.0,"enemies":"Jaw Worm","floor":1.0,"turns":2.0},{"damage":0.0,"enemies":"Small Slimes","floor":2.0,"turns":1.0},{"damage":0.0,"enemies":"2 Louse","floor":3.0,"turns":1.0},{"damage":3.0,"enemies":"Blue Slaver","floor":4.0,"turns":3.0},{"damage":6.0,"enemies":"Gremlin Nob","floor":6.0,"turns":3.0},{"damage":0.0,"enemies":"3 Sentries","floor":8.0,"turns":2.0},{"damage":26.0,"enemies":"Lagavulin","floor":10.0,"turns":4.0},{"damage":0.0,"enemies":"2 Fungi Beasts","floor":11.0,"turns":1.0},{"damage":9.0,"enemies":"Exordium Thugs","floor":13.0,"turns":4.0},{"damage":0.0,"enemies":"Slime Boss","floor":16.0,"turns":5.0},{"damage":32.0,"enemies":"2 Thieves","floor":18.0,"turns":3.0},{"damage":0.0,"enemies":"Spheric Guardian","floor":21.0,"turns":3.0},{"damage":12.0,"enemies":"Snake Plant","floor":22.0,"turns":3.0},{"damage":22.0,"enemies":"Slavers","floor":24.0,"turns":4.0},{"damage":0.0,"enemies":"Chosen and Byrds","floor":27.0,"turns":1.0},{"damage":0.0,"enemies":"Sentry and Sphere","floor":28.0,"turns":1.0},{"damage":0.0,"enemies":"Gremlin Leader","floor":29.0,"turns":3.0},{"damage":0.0,"enemies":"Centurion and Healer","floor":31.0,"turns":4.0},{"damage":107.0,"enemies":"Collector","floor":33.0,"turns":11.0},{"damage":0.0,"enemies":"3 Darklings","floor":35.0,"turns":1.0},{"damage":11.0,"enemies":"Orb Walker","floor":37.0,"turns":3.0},{"damage":4.0,"enemies":"3 Darklings","floor":41.0,"turns":3.0},{"damage":51.0,"enemies":"R_Hoarder","floor":42.0,"turns":7.0},{"damage":0.0,"enemies":"Reptomancer","floor":45.0,"turns":2.0},{"damage":0,"enemies":"Transient","floor":46,"turns":1}],"seed_played":"-8636504140683009315","potions_obtained":[{"floor":2.0,"key":"Cursed Concoction"},{"floor":10.0,"key":"Block Potion"},{"floor":16.0,"key":"Block Potion"},{"floor":22.0,"key":"Reflective Coating"},{"floor":24.0,"key":"Fruit Juice"},{"floor":27.0,"key":"AttackPotion"},{"floor":41.0,"key":"SteroidPotion"}],"is_trial":false,"path_per_floor":["M","M","M","M","$","E","R","E","T","E","M","$","M","$","R","B",null,"M","?","?","M","M","R","E","R","T","M","M","E","?","M","R","B",null,"M","?","M","?","?","R","M","E","T","$","E","M"],"character_chosen":"WATCHER","items_purchased":["MerchantsRug","Blue Doll"],"campfire_rested":2,"item_purchase_floors":[5,12],"current_hp_per_floor":[57,57,57,54,54,48,48,48,48,22,22,22,13,13,13,13,54,36,15,15,15,5,25,29,50,50,50,50,50,50,50,50,73,73,73,73,62,52,52,52,48,52,52,52,52,52,52],"gold":496,"neow_bonus":"HUNDRED_GOLD","is_daily":false,"chose_seed":false,"campfire_upgraded":4,"win_rate":0.0,"timestamp":1610641792,"path_taken":["M","M","M","M","$","E","R","E","T","E","M","$","M","$","R","BOSS","M","?","?","M","M","R","E","R","T","M","M","E","?","M","R","BOSS","M","?","M","?","?","R","M","E","T","$","E","?"],"items_purchased_type":["Relic","Relic"],"build_version":"2020-12-22","purchased_purges":1,"victory":false,"max_hp_per_floor":[68,68,68,68,68,68,68,68,68,68,68,68,68,68,68,68,68,68,68,68,68,68,68,73,73,73,73,73,73,73,73,73,73,73,73,73,73,73,73,73,73,73,73,73,73,73,73],"card_choices":[{"not_picked":["FollowUp","Prostrate","EmptyBody"],"picked":"SKIP","floor":1.0},{"not_picked":["DeceiveReality","ThirdEye","Replay:AtTheReady"],"picked":"SKIP","floor":2.0},{"not_picked":["FlyingSleeves","Halt","Perseverance"],"picked":"SKIP","floor":3.0},{"not_picked":["FlyingSleeves","Replay:ManipulateFuture"],"picked":"Tantrum","floor":4.0},{"not_picked":["Protect","Weave","Replay:Anticipation"],"picked":"SKIP","floor":6.0},{"not_picked":["Replay:DivineShield","Nirvana"],"picked":"Wallop","floor":8.0},{"not_picked":["MentalFortress","Replay:LoomingThreat","Halt"],"picked":"SKIP","floor":10.0},{"not_picked":["WheelKick","ThirdEye"],"picked":"Halt","floor":11.0},{"not_picked":["Replay:AtTheReady","Protect","WaveOfTheHand"],"picked":"SKIP","floor":13.0},{"not_picked":["ConjureBlade","Judgement"],"picked":"DeusExMachina","floor":16.0},{"not_picked":["CrushJoints","ClearTheMind","Replay:AtTheReady"],"picked":"SKIP","floor":18.0},{"not_picked":["BowlingBash","Nirvana","EmptyBody"],"picked":"SKIP","floor":21.0},{"not_picked":["Evaluate","PathToVictory","Prostrate"],"picked":"SKIP","floor":22.0},{"not_picked":["Crescendo+1","Protect"],"picked":"Ragnarok","floor":24.0},{"not_picked":["Replay:BluntJabs+1","WheelKick"],"picked":"FlurryOfBlows","floor":27.0},{"not_picked":["Consecrate","WindmillStrike"],"picked":"Blasphemy","floor":28.0},{"not_picked":["ThirdEye","MentalFortress","Study"],"picked":"SKIP","floor":29.0},{"not_picked":["EmptyFist","SashWhip+1"],"picked":"InnerPeace","floor":31.0},{"not_picked":["Devotion","Alpha"],"picked":"DeusExMachina","floor":33.0},{"not_picked":["BowlingBash","Nirvana","Crescendo"],"picked":"SKIP","floor":35.0},{"not_picked":["Replay:Hum","Pray","ThirdEye"],"picked":"SKIP","floor":37.0},{"not_picked":["Swift Strike","Replay:Bootleg Shield Generator"],"picked":"ReplayTheSpireMod:Private Reserves","floor":38.0},{"not_picked":["Replay:BasicMightCard","testmod-Librarian"],"picked":"vexMod:StairwayStrike","floor":38.0},{"not_picked":["Worship","ClearTheMind","EmptyMind"],"picked":"SKIP","floor":41.0},{"not_picked":["Replay:Hum","EmptyFist+1"],"picked":"FearNoEvil+1","floor":42.0},{"not_picked":["FlurryOfBlows","Conclude","Replay:BluntJabs"],"picked":"SKIP","floor":45.0}],"player_experience":633204,"relics_obtained":[{"floor":6.0,"key":"Nunchaku"},{"floor":8.0,"key":"Happy Flower"},{"floor":9.0,"key":"vexMod:InvisibilityCloak"},{"floor":10.0,"key":"Bag of Marbles"},{"floor":19.0,"key":"Nilry\u0027s Codex"},{"floor":24.0,"key":"Garlic"},{"floor":26.0,"key":"Replay:Wax Seal"},{"floor":29.0,"key":"Gremlin Food"},{"floor":42.0,"key":"aspiration:AnachronicSnailShell"},{"floor":45.0,"key":"testmod-FatalChain"}],"event_choices":[{"damage_healed":0.0,"max_hp_gain":0.0,"max_hp_loss":0.0,"gold_gain":0.0,"event_name":"Cursed Tome","player_choice":"Obtained Book","floor":19.0,"gold_loss":0.0,"damage_taken":21.0},{"damage_healed":0.0,"max_hp_gain":0.0,"max_hp_loss":0.0,"gold_gain":0.0,"event_name":"SensoryStone","player_choice":"Memory 3","floor":38.0,"gold_loss":0.0,"damage_taken":10.0},{"cards_removed":["Strike_P"],"damage_healed":0.0,"max_hp_gain":0.0,"max_hp_loss":0.0,"gold_gain":0.0,"event_name":"Designer","player_choice":"Upgrade and Remove","floor":39.0,"gold_loss":110.0,"damage_taken":0.0,"cards_upgraded":["ReplayTheSpireMod:Private Reserves"]}],"is_beta":false,"boss_relics":[{"not_picked":["testmod-PortableAltar","Empty Cage"],"picked":"testmod-Fanaticism"},{"not_picked":["Runic Pyramid","Runic Dome"],"picked":"Cursed Key"}],"items_purged_floors":[44],"is_endless":false,"potions_floor_spawned":[2,10,13,16,22,24,27,41,42],"killed_by":"Transient","ascension_level":20}}