{"host":"15dd7v8o90xso62x","time":1610656771,"event":{"mods":["BaseMod","Minty Spire (QoL Compilation)","Quick Restart","StSLib","SuperFastMode"],"gold_per_floor":[109,109,124,124,49,75,88,100,100,120,120,44,44,75,75,146,146,158,177,177,193,206,206,239,239,239,273,284,83,99,20,20,93,93,108,128,128,141,158,158,158,158,184,3,3,28,42,60,60,60,60],"floor_reached":50,"language":"KOR","playtime":1605,"items_purged":["Defend_G","Masterful Stab"],"score":1173,"play_id":"2b271498-0ad3-40e2-a35e-47dfbb1dd657","local_time":"20210115053931","is_ascension_mode":true,"campfire_choices":[{"data":"Glass Knife","floor":11.0,"key":"SMITH"},{"data":"Accuracy","floor":13.0,"key":"SMITH"},{"data":"Accuracy","floor":15.0,"key":"SMITH"},{"data":"Cloak And Dagger","floor":23.0,"key":"SMITH"},{"data":"After Image","floor":25.0,"key":"SMITH"},{"floor":32.0,"key":"REST"},{"floor":40.0,"key":"REST"},{"data":"Accuracy","floor":42.0,"key":"SMITH"},{"data":"Blade Dance","floor":45.0,"key":"SMITH"},{"floor":49,"key":"REST"}],"circlet_count":0,"master_deck":["AscendersBane","Strike_G","Defend_G","Defend_G+1","Defend_G","Survivor+1","Neutralize","Blade Dance+1","Dash","Cloak And Dagger+1","Accuracy+1","PiercingWail","Accuracy+1","After Image+1","Phantasmal Killer+1","Quick Slash+1","Calculated Gamble+1","Leg Sweep","Blade Dance","Night Terror+1","Tactician+1","Accuracy+1","Blur+1","Infinite Blades+1","Terror+1","After Image+1","Accuracy+1","Cloak And Dagger+1","Prepared+1"],"relics":["Ring of the Snake","NeowsBlessing","Bottled Lightning","InkBottle","Oddly Smooth Stone","Astrolabe","Paper Crane","Toxic Egg 2","Matryoshka","War Paint","WristBlade","Frozen Egg 2","Boot","Blood Vial"],"acts_visited":["Exordium","TheCity","TheBeyond"],"potions_floor_usage":[46,50],"damage_taken":[{"damage":0.0,"enemies":"Jaw Worm","floor":1.0,"turns":1.0},{"damage":0.0,"enemies":"Cultist","floor":3.0,"turns":1.0},{"damage":0.0,"enemies":"3 Sentries","floor":6.0,"turns":1.0},{"damage":0.0,"enemies":"Small Slimes","floor":7.0,"turns":4.0},{"damage":7.0,"enemies":"Red Slaver","floor":8.0,"turns":4.0},{"damage":0.0,"enemies":"Looter","floor":10.0,"turns":4.0},{"damage":15.0,"enemies":"Gremlin Nob","floor":14.0,"turns":4.0},{"damage":7.0,"enemies":"Hexaghost","floor":16.0,"turns":9.0},{"damage":0.0,"enemies":"3 Byrds","floor":18.0,"turns":3.0},{"damage":0.0,"enemies":"Chosen","floor":19.0,"turns":3.0},{"damage":14.0,"enemies":"Snake Plant","floor":21.0,"turns":4.0},{"damage":11.0,"enemies":"Snecko","floor":22.0,"turns":7.0},{"damage":15.0,"enemies":"Slavers","floor":24.0,"turns":4.0},{"damage":16.0,"enemies":"Book of Stabbing","floor":27.0,"turns":4.0},{"damage":10.0,"enemies":"Sentry and Sphere","floor":28.0,"turns":4.0},{"damage":8.0,"enemies":"Cultist and Chosen","floor":30.0,"turns":5.0},{"damage":37.0,"enemies":"Collector","floor":33.0,"turns":7.0},{"damage":15.0,"enemies":"Orb Walker","floor":35.0,"turns":5.0},{"damage":3.0,"enemies":"3 Shapes","floor":36.0,"turns":6.0},{"damage":15.0,"enemies":"Writhing Mass","floor":38.0,"turns":6.0},{"damage":12.0,"enemies":"Sphere and 2 Shapes","floor":39.0,"turns":4.0},{"damage":10,"enemies":"Giant Head","floor":46,"turns":4},{"damage":4,"enemies":"Spire Growth","floor":47,"turns":5},{"damage":14,"enemies":"Maw","floor":48,"turns":6},{"damage":41,"enemies":"Time Eater","floor":50,"turns":6}],"seed_played":"-9073761788199229857","potions_obtained":[{"floor":7.0,"key":"EssenceOfSteel"},{"floor":8.0,"key":"Weak Potion"},{"floor":14.0,"key":"SteroidPotion"},{"floor":16.0,"key":"DistilledChaos"},{"floor":21.0,"key":"FearPotion"},{"floor":22.0,"key":"Fire Potion"},{"floor":30.0,"key":"Dexterity Potion"},{"floor":35.0,"key":"Ancient Potion"},{"floor":39.0,"key":"LiquidMemories"},{"floor":46,"key":"CultistPotion"}],"is_trial":false,"path_per_floor":["M","$","M","?","$","E","M","M","T","M","R","$","R","E","R","B",null,"M","M","?","M","M","R","E","R","T","E","M","$","M","$","R","B",null,"M","M","?","M","M","R","?","R","T","$","R","E","M","M","R","B"],"character_chosen":"THE_SILENT","items_purchased":["Accuracy","Accuracy","War Paint","Regen Potion","Accuracy+1"],"campfire_rested":3,"item_purchase_floors":[12,29,29,31,44],"current_hp_per_floor":[59,59,59,59,59,59,59,52,52,52,52,52,52,37,37,30,57,57,57,76,62,51,51,36,36,36,20,10,10,2,2,24,2,58,43,40,40,25,13,35,35,35,35,35,35,25,23,11,33,0,0],"gold":60,"neow_bonus":"THREE_ENEMY_KILL","is_daily":false,"chose_seed":false,"campfire_upgraded":7,"win_rate":0.0,"timestamp":1610656771,"path_taken":["M","$","M","?","$","E","?","M","T","?","R","?","R","E","R","BOSS","M","M","?","?","M","R","E","R","T","E","?","$","?","?","R","BOSS","M","M","?","M","?","R","?","R","T","$","R","E","M","M","R","BOSS"],"items_purchased_type":["Card","Card","Relic","Potion","Card"],"build_version":"2020-12-22","purchased_purges":2,"victory":false,"max_hp_per_floor":[66,66,66,66,66,66,66,66,66,66,66,66,66,66,66,66,66,66,66,76,76,76,76,76,76,76,76,76,76,76,76,76,76,76,76,76,76,76,76,76,76,76,76,76,76,76,76,76,76,76,76],"card_choices":[{"not_picked":["Outmaneuver","Bane"],"picked":"Blade Dance","floor":1.0},{"not_picked":["PiercingWail","Catalyst"],"picked":"Dash","floor":3.0},{"not_picked":["Setup","Dagger Spray"],"picked":"Accuracy","floor":6.0},{"not_picked":["Underhanded Strike","Backflip"],"picked":"PiercingWail","floor":7.0},{"not_picked":["Underhanded Strike","Poisoned Stab","Dagger Throw"],"picked":"SKIP","floor":8.0},{"not_picked":["Concentrate","PiercingWail"],"picked":"Glass Knife","floor":10.0},{"not_picked":["PiercingWail","Deadly Poison","Eviscerate"],"picked":"SKIP","floor":14.0},{"not_picked":["Storm of Steel","Tools of the Trade"],"picked":"After Image","floor":16.0},{"not_picked":["Slice","Flying Knee","Calculated Gamble"],"picked":"SKIP","floor":18.0},{"not_picked":["Deadly Poison","Sucker Punch","Acrobatics"],"picked":"SKIP","floor":19.0},{"not_picked":["Envenom","Dodge and Roll"],"picked":"Leg Sweep","floor":21.0},{"not_picked":["Concentrate","Setup"],"picked":"Blade Dance","floor":22.0},{"not_picked":["Underhanded Strike+1","Flying Knee","Backstab+1"],"picked":"SKIP","floor":24.0},{"not_picked":["Quick Slash","Bane"],"picked":"Night Terror+1","floor":27.0},{"not_picked":["Dodge and Roll+1","Distraction+1"],"picked":"Tactician+1","floor":28.0},{"not_picked":["Catalyst+1","Finisher"],"picked":"Blur+1","floor":30.0},{"not_picked":["Quick Slash+1","All Out Attack"],"picked":"Infinite Blades+1","floor":35.0},{"not_picked":["Reflex+1","Deadly Poison+1"],"picked":"Terror+1","floor":36.0},{"not_picked":["Poisoned Stab+1","Bullet Time+1","Backstab+1"],"picked":"SKIP","floor":38.0},{"not_picked":["Underhanded Strike+1","Outmaneuver+1","Dodge and Roll+1"],"picked":"SKIP","floor":39.0},{"not_picked":["Acrobatics+1","Backflip+1"],"picked":"Cloak And Dagger+1","floor":46},{"not_picked":["Underhanded Strike+1","Crippling Poison+1","Catalyst+1"],"picked":"SKIP","floor":47},{"not_picked":["Distraction+1","Backstab"],"picked":"Prepared+1","floor":48}],"player_experience":1034406,"relics_obtained":[{"floor":6.0,"key":"Bottled Lightning"},{"floor":9.0,"key":"InkBottle"},{"floor":14.0,"key":"Oddly Smooth Stone"},{"floor":24.0,"key":"Paper Crane"},{"floor":26.0,"key":"Toxic Egg 2"},{"floor":27.0,"key":"Matryoshka"},{"floor":43.0,"key":"Frozen Egg 2"},{"floor":43.0,"key":"Boot"},{"floor":46,"key":"Blood Vial"}],"event_choices":[{"damage_healed":0.0,"max_hp_gain":0.0,"max_hp_loss":0.0,"gold_gain":0.0,"cards_transformed":["Strike_G"],"event_name":"Transmorgrifier","player_choice":"Transformed","floor":4.0,"gold_loss":0.0,"damage_taken":0.0,"cards_obtained":["Cloak And Dagger"]},{"cards_removed":["Glass Knife"],"damage_healed":9.0,"max_hp_gain":10.0,"max_hp_loss":0.0,"gold_gain":0.0,"event_name":"Bonfire Elementals","player_choice":"Offered Rare","floor":20.0,"gold_loss":0.0,"damage_taken":0.0},{"damage_healed":0.0,"max_hp_gain":0.0,"max_hp_loss":0.0,"gold_gain":0.0,"cards_transformed":["Strike_G"],"event_name":"Transmorgrifier","player_choice":"Transformed","floor":37.0,"gold_loss":0.0,"damage_taken":0.0,"cards_obtained":["Masterful Stab"]},{"damage_healed":0.0,"max_hp_gain":0.0,"max_hp_loss":0.0,"gold_gain":0.0,"event_name":"Duplicator","player_choice":"Copied","floor":41.0,"gold_loss":0.0,"damage_taken":0.0,"cards_obtained":["After Image"]}],"is_beta":false,"boss_relics":[{"not_picked":["Runic Dome","Calling Bell"],"picked":"Astrolabe"},{"not_picked":["Sozu","Velvet Choker"],"picked":"WristBlade"}],"items_purged_floors":[5,44],"is_endless":false,"potions_floor_spawned":[7,8,14,16,21,22,30,35,39,46],"killed_by":"Time Eater","ascension_level":20}}