{"host":"hcg1n1zeml53gytb","time":1610593498,"event":{"mods":["BaseMod","Better Third Choice","Colored Powertips","Displayed Cursed Tome","Hermit","Highlight Path","Minty Spire (QoL Compilation)","Quick Restart","Rare Cards Sparkle","Relic Stats","Replay The Spire","StSLib","The Cursed"],"gold_per_floor":[110,123,54,71,71,96,108,139,139,155,183,183,203,216,216,216,216],"floor_reached":16,"language":"ENG","playtime":691,"items_purged":[],"score":149,"play_id":"667b891f-263d-461c-8bcc-4732ef680640","local_time":"20210113210458","is_ascension_mode":true,"campfire_choices":[{"data":"Spot Weakness","floor":12,"key":"SMITH"},{"data":"Sword Boomerang","floor":15,"key":"SMITH"}],"circlet_count":0,"master_deck":["Strike_R","Strike_R","Strike_R","Strike_R","Defend_R","Defend_R","Defend_R","Defend_R","Bash","Sword Boomerang+1","Spot Weakness+1","Battle Trance","Pommel Strike","Battle Trance","Corruption"],"relics":["Snecko Heart","Bottled Lightning","Oddly Smooth Stone","Meat on the Bone","Incense Burner"],"acts_visited":["Exordium"],"potions_floor_usage":[6,8],"damage_taken":[{"damage":2,"enemies":"Jaw Worm","floor":1,"turns":3},{"damage":3,"enemies":"2 Louse","floor":2,"turns":3},{"damage":1,"enemies":"Cultist","floor":4,"turns":3},{"damage":17,"enemies":"Lagavulin","floor":6,"turns":5},{"damage":0,"enemies":"Blue Slaver","floor":7,"turns":2},{"damage":22,"enemies":"3 Sentries","floor":8,"turns":3},{"damage":0,"enemies":"Looter","floor":10,"turns":1},{"damage":16,"enemies":"Gremlin Nob","floor":11,"turns":3},{"damage":0,"enemies":"Large Slime","floor":13,"turns":4},{"damage":12,"enemies":"3 Louse","floor":14,"turns":2},{"damage":61,"enemies":"Fading Forest","floor":16,"turns":7}],"seed_played":"3374990936619583659","potions_obtained":[{"floor":1,"key":"PowerPotion"},{"floor":6,"key":"SpeedPotion"},{"floor":7,"key":"Death Potion"},{"floor":8,"key":"SteroidPotion"}],"is_trial":false,"path_per_floor":["M","M","$","M","?","E","M","E","T","M","E","R","M","M","R","B"],"character_chosen":"IRONCLAD","items_purchased":["Spot Weakness"],"campfire_rested":0,"item_purchase_floors":[3],"current_hp_per_floor":[78,75,75,74,67,50,50,28,28,40,36,36,48,48,48,0,0],"gold":216,"neow_bonus":"BOSS_RELIC","is_daily":false,"chose_seed":false,"campfire_upgraded":2,"win_rate":0.0,"timestamp":1610593498,"path_taken":["M","M","$","M","?","E","M","E","T","M","E","R","M","M","R","BOSS"],"items_purchased_type":["Card"],"build_version":"2020-12-22","purchased_purges":0,"victory":false,"max_hp_per_floor":[80,80,80,80,80,80,80,80,80,80,80,80,80,80,80,80,80],"relic_stats":{"counters":[11,36],"obtain_stats":[{"Snecko Heart":0,"Oddly Smooth Stone":8,"Incense Burner":11,"Bottled Lightning":6,"Burning Blood":0,"Meat on the Bone":9},{"Snecko Heart":0,"Oddly Smooth Stone":6,"Incense Burner":8,"Bottled Lightning":4,"Burning Blood":0,"Meat on the Bone":6},{"Snecko Heart":0,"Oddly Smooth Stone":19,"Incense Burner":23,"Bottled Lightning":14,"Burning Blood":0,"Meat on the Bone":19}],"Meat on the Bone":48},"card_choices":[{"not_picked":["Second Wind","Wild Strike","Anger"],"picked":"SKIP","floor":1},{"not_picked":["Perfected Strike","Abandon"],"picked":"Sword Boomerang","floor":2},{"not_picked":["Wild Strike","Massacre","Second Wind"],"picked":"SKIP","floor":4},{"not_picked":["Wild Strike","Juggernaut","Rage"],"picked":"SKIP","floor":6},{"not_picked":["Clothesline","ReplayTheSpireMod:Strike From Hell"],"picked":"Battle Trance","floor":7},{"not_picked":["Wild Strike","ReplayTheSpireMod:Muscle Training"],"picked":"Pommel Strike","floor":8},{"not_picked":["Flex","Entrench","Sentinel"],"picked":"SKIP","floor":10},{"not_picked":["Replay:Undeath\u0027s Touch","Flex","Wild Strike"],"picked":"SKIP","floor":11},{"not_picked":["Perfected Strike","Sentinel"],"picked":"Battle Trance","floor":13},{"not_picked":["ReplayTheSpireMod:Strike From Hell","Blood for Blood"],"picked":"Corruption","floor":14}],"player_experience":475148,"relics_obtained":[{"floor":6,"key":"Bottled Lightning"},{"floor":8,"key":"Oddly Smooth Stone"},{"floor":9,"key":"Meat on the Bone"},{"floor":11,"key":"Incense Burner"}],"event_choices":[{"cards_removed":["Strike_R"],"damage_healed":0,"gold_gain":0,"player_choice":"Card Removal","damage_taken":7,"max_hp_gain":0,"max_hp_loss":0,"event_name":"Golden Wing","floor":5,"gold_loss":0}],"is_beta":false,"boss_relics":[],"items_purged_floors":[],"is_endless":false,"potions_floor_spawned":[1,6,7,8],"killed_by":"Fading Forest","ascension_level":4}}