{"host":"tq99ucv8ezzqzioe","time":1610660623,"event":{"mods":["BaseMod","Colored Map","Downfall","Highlight Path","Minty Spire (QoL Compilation)","StSLib"],"gold_per_floor":[99,112,128,138,138,157,206,222,238,238,238,238],"floor_reached":10,"language":"ENG","playtime":730,"items_purged":[],"score":62,"play_id":"ce656735-b5df-4fcd-a5e9-6632d4c6ab3f","local_time":"20210114164343","is_ascension_mode":false,"campfire_choices":[{"floor":1,"key":"RECALL"}],"circlet_count":0,"master_deck":["hexamod:Strike","hexamod:Strike","hexamod:Strike","hexamod:Strike","hexamod:Defend","hexamod:Defend","hexamod:Defend","hexamod:Defend","hexamod:Sear","hexamod:Float","hexamod:FastForward","hexamod:FastForward","hexamod:GhostOfSpirePresent","hexamod:GhostShield","Regret","hexamod:BacktrackSmack","hexamod:RainOfEmbers","hexamod:TimeOfNeed"],"relics":["hexamod:SpiritBrand","Tiny Chest"],"acts_visited":["Exordium"],"potions_floor_usage":[6,10,10],"damage_taken":[{"damage":0,"enemies":"Jaw Worm","floor":2,"turns":4},{"damage":6,"enemies":"2 Louse","floor":3,"turns":3},{"damage":9,"enemies":"Small Slimes","floor":4,"turns":5},{"damage":8,"enemies":"Gremlin Gang","floor":6,"turns":5},{"damage":14,"enemies":"Large Slime","floor":8,"turns":7},{"damage":3,"enemies":"Blue Slaver","floor":9,"turns":4},{"damage":30,"enemies":"Gremlin Nob","floor":10,"turns":4}],"seed_played":"-6660063639159125464","potions_obtained":[{"floor":3,"key":"sneckomod:MuddlingPotion"},{"floor":4,"key":"Explosive Potion"},{"floor":6,"key":"DuplicationPotion"},{"floor":9,"key":"LiquidBronze"}],"is_trial":false,"path_per_floor":["R","M","M","M","?","M","T","M","M","E"],"character_chosen":"THE_SPIRIT","items_purchased":[],"campfire_rested":0,"item_purchase_floors":[],"current_hp_per_floor":[70,70,64,55,55,47,47,33,30,0,0,0],"gold":238,"neow_bonus":"THREE_CARDS","is_daily":false,"chose_seed":false,"campfire_upgraded":0,"win_rate":0.0,"timestamp":1610660623,"path_taken":["R","M","M","M","?","M","T","M","M","E"],"items_purchased_type":[],"build_version":"2020-12-22","purchased_purges":0,"victory":false,"max_hp_per_floor":[70,70,70,70,70,70,70,70,70,70,70,70],"card_choices":[{"not_picked":["hexamod:BacktrackSmack","hexamod:Incineration"],"picked":"hexamod:FastForward","floor":0},{"not_picked":["hexamod:ThermalTransfer","hexamod:NightmareStrike"],"picked":"hexamod:FastForward","floor":2},{"not_picked":["hexamod:NightmareStrike","hexamod:InspiringFlames"],"picked":"hexamod:GhostOfSpirePresent","floor":3},{"not_picked":["hexamod:GhostLash","hexamod:GhostflameInferno"],"picked":"hexamod:GhostShield","floor":4},{"not_picked":["hexamod:GhostLash","hexamod:RainOfEmbers"],"picked":"hexamod:BacktrackSmack","floor":6},{"not_picked":["hexamod:GhostLash","hexamod:Firestarter"],"picked":"hexamod:RainOfEmbers","floor":8},{"not_picked":["hexamod:GhostShield","hexamod:ShieldOfDarkness"],"picked":"hexamod:TimeOfNeed","floor":9}],"player_experience":676475,"relics_obtained":[],"event_choices":[{"damage_healed":0,"gold_gain":0,"player_choice":"Box","damage_taken":0,"relics_obtained":["Tiny Chest"],"max_hp_gain":0,"max_hp_loss":0,"event_name":"Big Fish","floor":5,"gold_loss":0,"cards_obtained":["Regret"]}],"is_beta":false,"boss_relics":[],"items_purged_floors":[],"is_endless":false,"potions_floor_spawned":[3,4,6,9],"killed_by":"Gremlin Nob","ascension_level":0}}