{"host":"x21cvmfdo17nyhii","time":1610652260,"event":{"mods":["AchievementEnabler","BaseMod","Colored Map","Colored Powertips","DeckTracker","Highlight Path","Minty Spire (QoL Compilation)","Quick Restart","Rare Cards Sparkle","SuperFastMode"],"gold_per_floor":[136,136,21,21,21,21,129,182,182,28,72,114,91,116,116,215,215,255,255,267,267,281,281,162,212,281,281,406,304,304,316,316,421,421,434,56,73,23,23,23,34,34,34,34,50,50,68,85,85,85],"floor_reached":51,"language":"ENG","playtime":4016,"items_purged":["Writhe","Defend_G","Strike_G","Strike_G","Defend_G"],"score":814,"play_id":"dc0eb4a5-ee22-42bb-a957-b932dd8c1e20","local_time":"20210114112420","is_ascension_mode":true,"campfire_choices":[{"data":"Cloak And Dagger","floor":6.0,"key":"SMITH"},{"floor":15.0,"key":"REST"},{"floor":23.0,"key":"REST"},{"floor":27.0,"key":"REST"},{"floor":32.0,"key":"REST"},{"data":"Footwork","floor":40,"key":"SMITH"},{"data":"Setup","floor":42,"key":"SMITH"},{"data":"Adrenaline","floor":46,"key":"SMITH"},{"data":"Distraction","floor":49,"key":"SMITH"}],"circlet_count":0,"master_deck":["Strike_G","Strike_G","Strike_G","Defend_G","Defend_G","Survivor","Neutralize","HandOfGreed+1","Distraction+1","Leg Sweep","Setup+1","Footwork+1","Adrenaline+1","Poisoned Stab","Noxious Fumes","Escape Plan","Acrobatics+1","Discovery+1","Calculated Gamble+1","Phantasmal Killer+1","Deflect+1","Cloak And Dagger+1","Backflip+1","Caltrops+1","Skewer","Parasite","Quick Slash+1","Night Terror+1"],"relics":["Ring of the Snake","Smiling Mask","Eternal Feather","Vajra","WristBlade","Enchiridion","Blood Vial","Blue Candle","Turnip","Toxic Egg 2","HoveringKite","Ginger","InkBottle"],"acts_visited":["Exordium","TheCity","TheBeyond"],"potions_floor_usage":[33,33,47,48,50,50],"damage_taken":[{"damage":1.0,"enemies":"2 Louse","floor":1.0,"turns":3.0},{"damage":45.0,"enemies":"3 Sentries","floor":7.0,"turns":11.0},{"damage":0.0,"enemies":"Jaw Worm","floor":11.0,"turns":2.0},{"damage":6.0,"enemies":"Small Slimes","floor":12.0,"turns":4.0},{"damage":9.0,"enemies":"Gremlin Nob","floor":14.0,"turns":4.0},{"damage":34.0,"enemies":"The Guardian","floor":16.0,"turns":17.0},{"damage":2.0,"enemies":"Spheric Guardian","floor":18.0,"turns":4.0},{"damage":18.0,"enemies":"Chosen","floor":20.0,"turns":6.0},{"damage":2.0,"enemies":"Shelled Parasite and Fungi","floor":22.0,"turns":6.0},{"damage":42.0,"enemies":"Slavers","floor":25.0,"turns":7.0},{"damage":8.0,"enemies":"Colosseum Slavers","floor":28.0,"turns":2.0},{"damage":16.0,"enemies":"Colosseum Nobs","floor":28.0,"turns":3.0},{"damage":3.0,"enemies":"Snake Plant","floor":31.0,"turns":4.0},{"damage":39,"enemies":"Champ","floor":33,"turns":13},{"damage":8,"enemies":"3 Darklings","floor":35,"turns":4},{"damage":0,"enemies":"Orb Walker","floor":37,"turns":3},{"damage":7,"enemies":"Sphere and 2 Shapes","floor":41,"turns":5},{"damage":0,"enemies":"3 Darklings","floor":45,"turns":5},{"damage":14,"enemies":"Writhing Mass","floor":47,"turns":6},{"damage":0,"enemies":"Jaw Worm Horde","floor":48,"turns":5},{"damage":49,"enemies":"Donu and Deca","floor":50,"turns":8}],"seed_played":"392140361001104034","potions_obtained":[{"floor":1.0,"key":"Poison Potion"},{"floor":7.0,"key":"AttackPotion"},{"floor":16.0,"key":"Swift Potion"},{"floor":19.0,"key":"CultistPotion"},{"floor":19.0,"key":"SkillPotion"},{"floor":20.0,"key":"SneckoOil"},{"floor":33,"key":"Fire Potion"},{"floor":35,"key":"ColorlessPotion"},{"floor":47,"key":"Dexterity Potion"},{"floor":48,"key":"Strength Potion"}],"is_trial":false,"path_per_floor":["M","?","$","?","$","R","E","?","T","$","M","M","?","E","R","B",null,"M","?","M","?","M","R","$","E","T","R","?","$","?","M","R","B",null,"M","$","M","$","?","R","M","R","T","?","M","R","M","M","R","B",null],"character_chosen":"THE_SILENT","items_purchased":["Distraction","FairyPotion","Noxious Fumes","Energy Potion","Energy Potion","Cloak And Dagger+1","Ginger"],"campfire_rested":4,"item_purchase_floors":[3,10,24,29,29,36,36],"current_hp_per_floor":[69,69,69,69,69,69,24,24,24,24,24,18,18,9,39,5,70,68,68,50,34,32,62,62,20,20,53,33,33,21,20,53,16,70,62,62,64,64,64,70,63,70,70,70,70,70,56,58,70,21],"gold":85,"neow_bonus":"RANDOM_COLORLESS_2","is_daily":false,"chose_seed":false,"campfire_upgraded":5,"win_rate":0.0,"timestamp":1610652260,"path_taken":["M","?","$","?","?","R","E","?","T","$","M","M","?","E","R","BOSS","M","?","?","?","M","R","$","E","T","R","?","$","?","M","R","BOSS","M","$","M","$","?","R","M","R","T","?","?","R","M","?","R","BOSS"],"items_purchased_type":["Card","Potion","Card","Potion","Potion","Card","Relic"],"build_version":"2020-12-22","purchased_purges":5,"victory":true,"max_hp_per_floor":[70,70,70,70,70,70,70,70,70,70,70,70,70,70,70,70,70,70,70,70,70,70,70,70,70,70,70,70,70,70,70,70,70,70,70,70,70,70,70,70,70,70,70,70,70,70,70,70,70,70],"card_choices":[{"not_picked":["Magnetism","Thinking Ahead"],"picked":"HandOfGreed","floor":0.0},{"not_picked":["Sucker Punch","Underhanded Strike"],"picked":"Cloak And Dagger","floor":1.0},{"not_picked":["Deflect","Prepared"],"picked":"Leg Sweep","floor":7.0},{"not_picked":["Poisoned Stab","Sucker Punch","Predator"],"picked":"SKIP","floor":11.0},{"not_picked":["Quick Slash","Tools of the Trade"],"picked":"Setup","floor":12.0},{"not_picked":["Quick Slash","Dagger Spray"],"picked":"Footwork","floor":14.0},{"not_picked":["Envenom","Corpse Explosion"],"picked":"Adrenaline","floor":16.0},{"not_picked":["Dagger Throw","Reflex"],"picked":"Poisoned Stab","floor":18.0},{"not_picked":["Bane","Slice+1","Reflex+1"],"picked":"SKIP","floor":20.0},{"not_picked":["Bane","All Out Attack","Leg Sweep"],"picked":"SKIP","floor":22.0},{"not_picked":["Choke","PiercingWail"],"picked":"Escape Plan","floor":25.0},{"not_picked":["Bane+1","Skewer"],"picked":"Acrobatics+1","floor":28.0},{"not_picked":["Infinite Blades","Masterful Stab"],"picked":"Calculated Gamble+1","floor":31.0},{"not_picked":["Die Die Die","Unload"],"picked":"Phantasmal Killer+1","floor":33},{"not_picked":["Riddle With Holes","Underhanded Strike"],"picked":"Deflect+1","floor":35},{"not_picked":["Outmaneuver+1","Underhanded Strike"],"picked":"Backflip+1","floor":37},{"not_picked":["Dagger Spray","A Thousand Cuts"],"picked":"Caltrops+1","floor":41},{"not_picked":["Outmaneuver+1","Endless Agony","All Out Attack"],"picked":"SKIP","floor":45},{"not_picked":["Sucker Punch+1","Backflip+1"],"picked":"Quick Slash+1","floor":47},{"not_picked":["Riddle With Holes","Sucker Punch"],"picked":"Night Terror+1","floor":48}],"player_experience":374460,"relics_obtained":[{"floor":7.0,"key":"Smiling Mask"},{"floor":9.0,"key":"Eternal Feather"},{"floor":14.0,"key":"Vajra"},{"floor":21.0,"key":"Enchiridion"},{"floor":25.0,"key":"Blood Vial"},{"floor":26.0,"key":"Blue Candle"},{"floor":28.0,"key":"Turnip"},{"floor":28.0,"key":"Toxic Egg 2"},{"floor":43,"key":"InkBottle"}],"event_choices":[{"damage_healed":0.0,"max_hp_gain":0.0,"max_hp_loss":0.0,"gold_gain":0.0,"event_name":"Living Wall","player_choice":"Grow","floor":2.0,"gold_loss":0.0,"damage_taken":0.0,"cards_upgraded":["HandOfGreed"]},{"damage_healed":0.0,"max_hp_gain":0.0,"max_hp_loss":0.0,"gold_gain":0.0,"event_name":"Liars Game","player_choice":"Ignored","floor":4.0,"gold_loss":0.0,"damage_taken":0.0},{"damage_healed":0.0,"max_hp_gain":0.0,"max_hp_loss":0.0,"gold_gain":53.0,"event_name":"Golden Wing","player_choice":"Gained Gold","floor":8.0,"gold_loss":0.0,"damage_taken":0.0},{"damage_healed":0.0,"max_hp_gain":0.0,"max_hp_loss":0.0,"gold_gain":0.0,"event_name":"World of Goop","player_choice":"Left Gold","floor":13.0,"gold_loss":23.0,"damage_taken":0.0},{"damage_healed":0.0,"max_hp_gain":0.0,"max_hp_loss":0.0,"gold_gain":0.0,"event_name":"Lab","player_choice":"Got Potions","floor":19.0,"gold_loss":0.0,"damage_taken":0.0},{"damage_healed":0.0,"max_hp_gain":0.0,"max_hp_loss":0.0,"gold_gain":0.0,"event_name":"Cursed Tome","player_choice":"Obtained Book","floor":21.0,"gold_loss":0.0,"damage_taken":16.0},{"damage_healed":0.0,"max_hp_gain":0.0,"max_hp_loss":0.0,"gold_gain":0.0,"event_name":"Colosseum","player_choice":"Fight","floor":28.0,"gold_loss":0.0,"damage_taken":0.0},{"damage_healed":0.0,"max_hp_gain":0.0,"max_hp_loss":0.0,"gold_gain":0.0,"event_name":"Colosseum","player_choice":"Fought Nobs","floor":28.0,"gold_loss":0.0,"damage_taken":0.0},{"damage_healed":0.0,"max_hp_gain":0.0,"max_hp_loss":0.0,"gold_gain":0.0,"event_name":"Knowing Skull","player_choice":"CARD ","floor":30.0,"potions_obtained":[],"gold_loss":0.0,"damage_taken":12.0,"cards_obtained":["Discovery"]},{"damage_healed":0.0,"max_hp_gain":0.0,"max_hp_loss":0.0,"gold_gain":0.0,"event_name":"Knowing Skull","player_choice":"CARD ","floor":30.0,"potions_obtained":[],"gold_loss":0.0,"damage_taken":12.0,"cards_obtained":["Discovery"]},{"cards_removed":["Cloak And Dagger"],"damage_healed":0,"gold_gain":0,"player_choice":"Removed Skill","damage_taken":0,"max_hp_gain":0,"max_hp_loss":0,"event_name":"Falling","floor":39,"gold_loss":0},{"damage_healed":0,"gold_gain":0,"cards_transformed":["Defend_G"],"player_choice":"Transformed","damage_taken":0,"max_hp_gain":0,"max_hp_loss":0,"event_name":"Transmorgrifier","floor":44,"gold_loss":0,"cards_obtained":["Skewer"]}],"is_beta":false,"boss_relics":[{"not_picked":["Ring of the Serpent","Ectoplasm"],"picked":"WristBlade"},{"not_picked":["Sozu","SlaversCollar"],"picked":"HoveringKite"}],"items_purged_floors":[3,10,24,36,38],"is_endless":false,"potions_floor_spawned":[1,7,16,20,25,28,33,35,41,47,48],"ascension_level":3}}