{"host":"q6ff4ns2kep02ti6","time":1610653531,"event":{"mods":["AchievementEnabler","BaseMod","Minty Spire (QoL Compilation)","Relic Stats","StSLib","Unceasing Turn Reminder"],"gold_per_floor":[115,169,169,2,277,277,277],"floor_reached":6,"language":"ENG","playtime":220,"items_purged":[],"score":64,"play_id":"f6086ade-4237-4128-b926-511b3f3ae243","local_time":"20210114204531","is_ascension_mode":true,"campfire_choices":[],"circlet_count":0,"master_deck":["AscendersBane","Strike_R","Strike_R","Strike_R","Strike_R","Strike_R","Defend_R","Defend_R","Defend_R","Defend_R","Bash","Clothesline","Regret"],"relics":["Burning Blood","Tiny Chest","Golden Idol","Happy Flower"],"acts_visited":["Exordium"],"potions_floor_usage":[6],"damage_taken":[{"damage":7,"enemies":"Jaw Worm","floor":1,"turns":5},{"damage":48,"enemies":"3 Sentries","floor":6,"turns":6}],"seed_played":"-1563060170262867184","potions_obtained":[{"floor":1,"key":"Swift Potion"}],"is_trial":false,"path_per_floor":["M","?","?","$","?","E"],"character_chosen":"IRONCLAD","items_purchased":["Happy Flower"],"campfire_rested":0,"item_purchase_floors":[4],"current_hp_per_floor":[67,67,41,41,41,0,0],"gold":277,"neow_bonus":"RANDOM_COMMON_RELIC","is_daily":false,"chose_seed":false,"campfire_upgraded":0,"win_rate":0.0,"timestamp":1610653531,"path_taken":["M","?","?","$","?","E"],"items_purchased_type":["Relic"],"build_version":"2020-12-22","purchased_purges":0,"victory":false,"max_hp_per_floor":[75,75,75,75,75,75,75],"relic_stats":{"Happy Flower":[2],"counters":[2,11],"Golden Idol":0,"Tiny Chest":0,"obtain_stats":[{"Happy Flower":4,"Golden Idol":3,"Tiny Chest":0,"Burning Blood":0},{"Happy Flower":1,"Golden Idol":1,"Tiny Chest":0,"Burning Blood":0},{"Happy Flower":5,"Golden Idol":5,"Tiny Chest":0,"Burning Blood":0}],"Burning Blood":6},"card_choices":[{"not_picked":["Sentinel","Perfected Strike"],"picked":"Clothesline","floor":1}],"player_experience":936828,"relics_obtained":[],"event_choices":[{"damage_healed":0,"gold_gain":54,"player_choice":"Gained Gold","damage_taken":0,"max_hp_gain":0,"max_hp_loss":0,"event_name":"Golden Wing","floor":2,"gold_loss":0},{"damage_healed":0,"gold_gain":0,"player_choice":"Take Damage","damage_taken":26,"relics_obtained":["Golden Idol"],"max_hp_gain":0,"max_hp_loss":0,"event_name":"Golden Idol","floor":3,"gold_loss":0},{"damage_healed":0,"gold_gain":275,"player_choice":"Desecrate","damage_taken":0,"max_hp_gain":0,"max_hp_loss":0,"event_name":"Golden Shrine","floor":5,"gold_loss":0,"cards_obtained":["Regret"]}],"is_beta":false,"boss_relics":[],"items_purged_floors":[],"is_endless":false,"potions_floor_spawned":[1],"killed_by":"3 Sentries","ascension_level":20}}