{"host":"szp1d6dso4pv7ddl","time":1610594994,"event":{"mods":["AchievementEnabler","Alarm Clock","BaseMod","Bestiary","Block Reminder","Colored Map","Colored Powertips","Curses Come First","Dark Map","Displayed Cursed Tome","Highlight Path","Minty Spire (QoL Compilation)","Permanent Neow","Quick Restart","Relic Sorter","Relic Stats","StSLib","Synergy Search"],"gold_per_floor":[111,186,186,27,37,70,85,85,85,103,138,138,157,184,184,258,258,270,37,0,0,0,0,10,10,36,46,96,3,3,14,14,88,88,104,0,13,13,13],"floor_reached":38,"language":"ENG","playtime":2140,"items_purged":["Defend_G","Wraith Form v2","Parasite"],"score":843,"play_id":"ae2448c5-40b4-4aca-a28d-3b53a3a0f593","local_time":"20210113192954","is_ascension_mode":true,"campfire_choices":[{"data":"Blade Dance","floor":8,"key":"SMITH"},{"data":"Blade Dance","floor":15,"key":"SMITH"},{"data":"Dodge and Roll","floor":23,"key":"SMITH"},{"floor":25,"key":"REST"},{"data":"Footwork","floor":30,"key":"SMITH"},{"data":"Accuracy","floor":32,"key":"SMITH"}],"circlet_count":0,"master_deck":["AscendersBane","Survivor","Neutralize","Accuracy","Well Laid Plans","Heel Hook","Flying Knee","Reflex","Blade Dance+1","Escape Plan","Infinite Blades","Terror","Prepared","Slice","Blade Dance+1","Infinite Blades","Malaise","Footwork+1","Bullet Time","Catalyst","Dash","All Out Attack","Wraith Form v2","Skewer","Deflect","Backflip+1","Dodge and Roll+1","Backflip+1","Leg Sweep+1","Dodge and Roll","Cloak And Dagger","Cloak And Dagger","Accuracy+1","Night Terror","Footwork","Dagger Spray","Cloak And Dagger"],"relics":["Ring of the Serpent","NeowsBlessing","Prayer Wheel","Pantograph","Bird Faced Urn","MealTicket","Pandora\u0027s Box","Membership Card","Vajra","Red Mask"],"acts_visited":["Exordium","TheCity","TheBeyond"],"potions_floor_usage":[11,16,33],"damage_taken":[{"damage":0,"enemies":"Cultist","floor":1,"turns":1},{"damage":0,"enemies":"2 Louse","floor":5,"turns":1},{"damage":0,"enemies":"3 Sentries","floor":6,"turns":1},{"damage":2,"enemies":"Small Slimes","floor":7,"turns":5},{"damage":21,"enemies":"Exordium Wildlife","floor":10,"turns":5},{"damage":0,"enemies":"Gremlin Nob","floor":11,"turns":2},{"damage":9,"enemies":"2 Fungi Beasts","floor":13,"turns":3},{"damage":19,"enemies":"3 Sentries","floor":14,"turns":6},{"damage":40,"enemies":"Hexaghost","floor":16,"turns":5},{"damage":30,"enemies":"Shell Parasite","floor":18,"turns":5},{"damage":53,"enemies":"3 Byrds","floor":24,"turns":7},{"damage":5,"enemies":"Snake Plant","floor":27,"turns":5},{"damage":10,"enemies":"Cultist and Chosen","floor":31,"turns":7},{"damage":41,"enemies":"Champ","floor":33,"turns":8},{"damage":6,"enemies":"3 Shapes","floor":35,"turns":4},{"damage":22,"enemies":"Orb Walker","floor":37,"turns":5},{"damage":53,"enemies":"3 Darklings","floor":38,"turns":2}],"seed_played":"-1117133723956999761","potions_obtained":[{"floor":1,"key":"SteroidPotion"},{"floor":6,"key":"SpeedPotion"},{"floor":11,"key":"DuplicationPotion"},{"floor":16,"key":"FearPotion"},{"floor":18,"key":"CultistPotion"},{"floor":33,"key":"SteroidPotion"}],"is_trial":false,"path_per_floor":["M","?","?","$","M","E","M","R","T","M","E","?","M","E","R","B",null,"M","$","?","?","$","R","M","R","T","M","?","$","R","M","R","B",null,"M","?","M","M"],"character_chosen":"THE_SILENT","items_purchased":["Heel Hook","Dodge and Roll","Membership Card","Cloak And Dagger"],"campfire_rested":1,"item_purchase_floors":[4,19,19,29],"current_hp_per_floor":[59,48,48,48,48,48,46,46,46,25,25,41,36,21,21,16,54,34,49,49,49,64,64,21,40,40,37,37,52,52,48,48,30,55,55,55,45,0,0],"gold":13,"neow_bonus":"THREE_ENEMY_KILL","is_daily":false,"chose_seed":false,"campfire_upgraded":5,"win_rate":0.0,"timestamp":1610594994,"path_taken":["M","?","?","$","M","E","M","R","T","M","E","?","M","E","R","BOSS","M","$","?","?","?","R","M","R","T","M","?","?","R","M","R","BOSS","M","?","M","M"],"items_purchased_type":["Card","Card","Relic","Card"],"build_version":"2020-12-22","purchased_purges":3,"victory":false,"max_hp_per_floor":[66,66,66,66,66,66,66,66,66,66,66,66,66,66,66,66,66,66,66,66,66,66,66,66,66,66,66,66,63,63,63,63,63,63,63,63,63,63,63],"relic_stats":{"counters":[17,72],"Pantograph":40,"Bird Faced Urn":[74],"Prayer Wheel":9,"MealTicket":45,"Pandora\u0027s Box":["Footwork","Bullet Time","Catalyst","Dash","All Out Attack","Wraith Form v2","Skewer","Wraith Form v2"],"obtain_stats":[{"NeowsBlessing":0,"Pantograph":9,"Bird Faced Urn":11,"Vajra":26,"Prayer Wheel":6,"MealTicket":14,"Pandora\u0027s Box":17,"Red Mask":36,"Membership Card":19,"Ring of the Serpent":34,"Ring of the Snake":0},{"NeowsBlessing":0,"Pantograph":4,"Bird Faced Urn":6,"Vajra":11,"Prayer Wheel":3,"MealTicket":8,"Pandora\u0027s Box":9,"Red Mask":15,"Membership Card":10,"Ring of the Serpent":14,"Ring of the Snake":0},{"NeowsBlessing":0,"Pantograph":8,"Bird Faced Urn":15,"Vajra":41,"Prayer Wheel":3,"MealTicket":24,"Pandora\u0027s Box":29,"Red Mask":65,"Membership Card":34,"Ring of the Serpent":61,"Ring of the Snake":0}]},"card_choices":[{"not_picked":["Dash","Slice"],"picked":"Accuracy","floor":1},{"not_picked":["Dodge and Roll","Backflip"],"picked":"Flying Knee","floor":5},{"not_picked":["Skewer","Flechettes"],"picked":"Reflex","floor":6},{"not_picked":["Catalyst","Infinite Blades"],"picked":"Blade Dance","floor":7},{"not_picked":["All Out Attack","Dagger Spray"],"picked":"Escape Plan","floor":7},{"not_picked":["Reflex","Doppelganger"],"picked":"Infinite Blades","floor":10},{"not_picked":["Slice","Deflect"],"picked":"Terror","floor":10},{"not_picked":["Crippling Poison","Deflect"],"picked":"Prepared","floor":11},{"not_picked":["Caltrops","PiercingWail"],"picked":"Slice","floor":13},{"not_picked":["Outmaneuver","Skewer"],"picked":"Blade Dance","floor":13},{"not_picked":["Phantasmal Killer","Bane"],"picked":"Infinite Blades","floor":14},{"not_picked":["Wraith Form v2","Grand Finale"],"picked":"Malaise","floor":16},{"not_picked":["Tactician","Noxious Fumes"],"picked":"Deflect","floor":18},{"not_picked":["Skewer","Riddle With Holes"],"picked":"Backflip+1","floor":18},{"not_picked":["Slice","Well Laid Plans"],"picked":"Backflip+1","floor":24},{"not_picked":["PiercingWail+1","Infinite Blades"],"picked":"Leg Sweep+1","floor":24},{"not_picked":["Dagger Throw","Catalyst"],"picked":"Dodge and Roll","floor":27},{"not_picked":["Dodge and Roll","Outmaneuver"],"picked":"Cloak And Dagger","floor":27},{"not_picked":["Riddle With Holes","Caltrops"],"picked":"Accuracy","floor":31},{"not_picked":["Dodge and Roll","Skewer","Setup"],"picked":"SKIP","floor":31},{"not_picked":["Tools of the Trade","Doppelganger"],"picked":"Night Terror","floor":33},{"not_picked":["Setup","Cloak And Dagger"],"picked":"Footwork","floor":35},{"not_picked":["PiercingWail","Caltrops"],"picked":"Dagger Spray","floor":35},{"not_picked":["Crippling Poison+1","Terror"],"picked":"Cloak And Dagger","floor":37},{"not_picked":["Endless Agony","Deadly Poison","Deflect"],"picked":"SKIP","floor":37}],"player_experience":1167782,"relics_obtained":[{"floor":6,"key":"Prayer Wheel"},{"floor":9,"key":"Pantograph"},{"floor":11,"key":"Bird Faced Urn"},{"floor":14,"key":"MealTicket"},{"floor":26,"key":"Vajra"}],"event_choices":[{"damage_healed":0,"gold_gain":75,"player_choice":"Gather Gold","damage_taken":11,"max_hp_gain":0,"max_hp_loss":0,"event_name":"World of Goop","floor":2,"gold_loss":0},{"damage_healed":0,"gold_gain":0,"cards_transformed":["Strike_G"],"player_choice":"Change","damage_taken":0,"max_hp_gain":0,"max_hp_loss":0,"event_name":"Living Wall","floor":3,"gold_loss":0,"cards_obtained":["Well Laid Plans"]},{"damage_healed":16,"gold_gain":0,"player_choice":"Healed and dodged fight","damage_taken":0,"max_hp_gain":0,"max_hp_loss":0,"event_name":"Mushrooms","floor":12,"gold_loss":0,"cards_obtained":["Parasite"]},{"damage_healed":0,"gold_gain":0,"player_choice":"Paid Fearfully","damage_taken":0,"max_hp_gain":0,"max_hp_loss":0,"event_name":"Masked Bandits","floor":20,"gold_loss":37},{"damage_healed":0,"gold_gain":0,"player_choice":"Ignored","damage_taken":0,"max_hp_gain":0,"max_hp_loss":0,"event_name":"The Mausoleum","floor":21,"gold_loss":0},{"damage_healed":0,"gold_gain":50,"player_choice":"Stole From Cult","damage_taken":0,"max_hp_gain":0,"max_hp_loss":0,"event_name":"Nest","floor":28,"gold_loss":0},{"damage_healed":0,"gold_gain":0,"player_choice":"Paid","damage_taken":0,"relics_obtained":["Red Mask"],"max_hp_gain":0,"max_hp_loss":0,"event_name":"Tomb of Lord Red Mask","floor":36,"gold_loss":104}],"is_beta":false,"boss_relics":[{"not_picked":["Philosopher\u0027s Stone","Runic Pyramid"],"picked":"Pandora\u0027s Box"},{"not_picked":["Snecko Eye","Velvet Choker"],"picked":"Ring of the Serpent"}],"items_purged_floors":[4,19,29],"is_endless":false,"potions_floor_spawned":[1,6,10,11,16,18,24,33,35,37],"killed_by":"3 Darklings","ascension_level":17}}