{"host":"ykruzxakfolvqoa7","time":1610635542,"event":{"mods":["Act Like it!","BaseMod","Colored Powertips","Downfall","Elementarium","Hubris","Ironclad Rager","Menagerie","Mimic Mod","Minty Spire (QoL Compilation)","Spicy Shops","Spikes Relics","StSLib","Swap Starting Deck Mod","Wandering Minibosses"],"gold_per_floor":[119,119,119,134,146,179,189,34,34,34,44,44,58,96,96,215,215,233,233,233,233,233,377,377,392,441,441,562,593,435,450,450,450,450],"floor_reached":33,"language":"ENG","playtime":2008,"items_purged":[],"score":420,"play_id":"16b9f3ff-0c6e-4aec-98a9-375b04e3b3c1","local_time":"20210114144542","is_ascension_mode":false,"campfire_choices":[{"floor":15,"key":"REST"},{"floor":24,"key":"RECALL"},{"floor":27,"key":"REST"},{"floor":32,"key":"REST"}],"circlet_count":0,"master_deck":["Underhanded Strike","Underhanded Strike","Underhanded Strike","Eviscerate","Acrobatics","Backflip","Backflip","Backflip","Backflip","Prepared","Distraction","Underhanded Strike","hubris:SlightOfHand","Noxious Fumes","Tools of the Trade","Acrobatics","Elementarium:FireblessedBlade","Elementarium:WindblessedBlade","Elementarium:EarthblessedBlade","Elementarium:IceblessedBlade","Elementarium:VoidblessedBlade","Acrobatics+1","Adrenaline","Masterful Stab+1","Acrobatics","hubris:NaturalOne"],"relics":["Ring of the Snake","swapstartingdeckmod:DeadBlossom","Anchor","Bronze Scales","Membership Card","Golden Idol","Incense Burner","hubris:CrackedHourglass","hubris:Towel","hubris:Icosahedron","hubris:PeanutButter","Rawhide","Blue Candle","hubris:SlimyHat","Bag of Marbles"],"acts_visited":["Exordium","Menagerie:Menagerie"],"potions_floor_usage":[14,16,16,23,23,31,33],"damage_taken":[{"damage":0,"enemies":"Menagerie:WhisperingWraith","floor":1,"turns":1},{"damage":0,"enemies":"Menagerie:StygianBoar","floor":4,"turns":1},{"damage":0,"enemies":"Menagerie:MonstrousExperiment","floor":5,"turns":1},{"damage":0,"enemies":"Menagerie:Hydra","floor":6,"turns":3},{"damage":0,"enemies":"Menagerie:3_RABBITS","floor":7,"turns":1},{"damage":0,"enemies":"Menagerie:RedMage","floor":11,"turns":2},{"damage":0,"enemies":"Menagerie:EntropyWarlock","floor":13,"turns":1},{"damage":0,"enemies":"Menagerie:MaskedSummoner","floor":14,"turns":3},{"damage":5,"enemies":"Menagerie:Chimera","floor":16,"turns":4},{"damage":0,"enemies":"Elementarium:2_ELEMENTALS","floor":18,"turns":2},{"damage":12,"enemies":"Elementarium:FIRE_NOBILITY","floor":23,"turns":5},{"damage":0,"enemies":"Elementarium:Cyclone","floor":25,"turns":3},{"damage":0,"enemies":"Elementarium:STONE_GOLEMS","floor":26,"turns":4},{"damage":0,"enemies":"Elementarium:STONE_GOLEMS","floor":28,"turns":2},{"damage":16,"enemies":"Elementarium:WarGolem","floor":29,"turns":3},{"damage":0,"enemies":"Elementarium:3_ELEMENTALS","floor":31,"turns":2},{"damage":1,"enemies":"Elementarium:GoldenDragon","floor":33,"turns":5}],"seed_played":"-3187137051229843421","potions_obtained":[{"floor":4,"key":"Regen Potion"},{"floor":7,"key":"ColorlessPotion"},{"floor":13,"key":"ColorlessPotion"},{"floor":14,"key":"Energy Potion"},{"floor":16,"key":"LiquidBronze"},{"floor":29,"key":"Weak Potion"}],"is_trial":false,"path_per_floor":["M","?","?","M","M","E","M","$","T","?","M","?","M","E","R","B",null,"M","?","?","?","?","E","R","M","MIM","R","M","E","$","M","R","B"],"character_chosen":"THE_SILENT","items_purchased":["Membership Card","Acrobatics","Bag of Marbles","Fruit Juice"],"campfire_rested":3,"item_purchase_floors":[8,30,30,30],"current_hp_per_floor":[70,70,70,70,70,70,70,70,70,70,70,53,53,53,64,59,70,70,42,42,42,42,35,35,35,35,41,41,25,25,28,35,0,0],"gold":450,"neow_bonus":"","is_daily":false,"chose_seed":false,"campfire_upgraded":0,"win_rate":0.0,"timestamp":1610635542,"path_taken":["M","?","?","M","M","E","M","?","T","?","M","?","M","E","R","BOSS","M","?","?","?","?","E","R","M","MIM","R","M","E","$","M","R","BOSS"],"items_purchased_type":["Relic","Card","Relic","Potion"],"build_version":"2020-12-22","purchased_purges":0,"victory":false,"max_hp_per_floor":[70,70,70,70,70,70,70,70,70,70,70,70,70,70,70,70,70,70,42,42,42,42,42,42,42,42,42,42,42,42,47,47,47,47],"card_choices":[{"not_picked":["Deflect","Sucker Punch"],"picked":"Distraction","floor":1},{"not_picked":["Backflip","Blade Dance","Distraction"],"picked":"SKIP","floor":4},{"not_picked":["ShadowRift","Dagger Throw"],"picked":"Underhanded Strike","floor":5},{"not_picked":["Sucker Punch","Dagger Throw","Quick Slash"],"picked":"SKIP","floor":6},{"not_picked":["Bouncing Flask","Poisoned Stab"],"picked":"hubris:SlightOfHand","floor":7},{"not_picked":["Deflect","Backflip","Cloak And Dagger"],"picked":"SKIP","floor":11},{"not_picked":["Backflip","Outmaneuver"],"picked":"Noxious Fumes","floor":13},{"not_picked":["Quick Slash","PiercingWail","Glass Knife"],"picked":"SKIP","floor":14},{"not_picked":["Night Terror","Doppelganger"],"picked":"Tools of the Trade","floor":16},{"not_picked":["Pace+1","Deadly Poison+1"],"picked":"Acrobatics","floor":18},{"not_picked":["Predator","Sucker Punch","Well Laid Plans"],"picked":"SKIP","floor":23},{"not_picked":["Tools of the Trade","Footwork"],"picked":"Acrobatics+1","floor":25},{"not_picked":["Outmaneuver","Dagger Spray"],"picked":"Adrenaline","floor":26},{"not_picked":["PiercingWail","Caltrops","hubris:Counter"],"picked":"SKIP","floor":28},{"not_picked":["Blade Dance+1","Predator"],"picked":"Masterful Stab+1","floor":29},{"not_picked":["Blur","PiercingWail+1","hubris:SlightOfHand"],"picked":"SKIP","floor":31}],"player_experience":368166,"relics_obtained":[{"floor":6,"key":"Bronze Scales"},{"floor":14,"key":"Incense Burner"},{"floor":23,"key":"hubris:PeanutButter"},{"floor":26,"key":"Rawhide"},{"floor":26,"key":"Blue Candle"},{"floor":29,"key":"hubris:SlimyHat"}],"event_choices":[{"damage_healed":0,"gold_gain":0,"player_choice":"Lion","damage_taken":0,"relics_obtained":["Anchor"],"max_hp_gain":0,"max_hp_loss":0,"event_name":"Menagerie:ThreeAnimals","floor":2,"gold_loss":0,"cards_obtained":["Injury"]},{"cards_removed":["Injury"],"damage_healed":0,"gold_gain":0,"player_choice":"Wisdom","damage_taken":0,"max_hp_gain":0,"max_hp_loss":0,"event_name":"Menagerie:CloudVision","floor":3,"gold_loss":0},{"damage_healed":0,"gold_gain":0,"player_choice":"Ignored","damage_taken":0,"max_hp_gain":0,"max_hp_loss":0,"event_name":"Menagerie:GrandMagusTower","floor":10,"gold_loss":0},{"damage_healed":0,"gold_gain":0,"player_choice":"Take Damage","damage_taken":17,"relics_obtained":["Golden Idol"],"max_hp_gain":0,"max_hp_loss":0,"event_name":"Golden Idol","floor":12,"gold_loss":0},{"damage_healed":0,"gold_gain":0,"player_choice":"Touch","damage_taken":0,"max_hp_gain":0,"max_hp_loss":28,"event_name":"Elementarium:ElementalBlades","floor":19,"gold_loss":0,"cards_obtained":["Elementarium:FireblessedBlade","Elementarium:WindblessedBlade","Elementarium:EarthblessedBlade","Elementarium:IceblessedBlade","Elementarium:VoidblessedBlade"]},{"damage_healed":0,"gold_gain":0,"player_choice":"Ignored","damage_taken":0,"max_hp_gain":0,"max_hp_loss":0,"event_name":"Elementarium:FountainOfGold","floor":21,"gold_loss":0}],"is_beta":false,"boss_relics":[{"not_picked":["hubris:BlackHole","hubris:GrandSneckoEye"],"picked":"hubris:CrackedHourglass"}],"items_purged_floors":[],"is_endless":false,"potions_floor_spawned":[4,7,13,14,16,29],"killed_by":"Elementarium:GoldenDragon","ascension_level":0}}