{"host":"x21cvmfdo17nyhii","time":1610661952,"event":{"mods":["AchievementEnabler","BaseMod","Colored Map","Colored Powertips","DeckTracker","Highlight Path","Minty Spire (QoL Compilation)","Quick Restart","Rare Cards Sparkle","SuperFastMode"],"gold_per_floor":[111,111,111,125,144,144,173,173,224,264,87,87,127,127,127,233,233,252,3,3,25,38,70,0,15,15,15,15,28,28,63,63,159,159,169,220,220,238,238,238,238],"floor_reached":40,"language":"ENG","playtime":1835,"items_purged":["Strike_G","Defend_G"],"score":526,"play_id":"0740392d-4b31-4150-ace1-d0676b6c986c","local_time":"20210114140552","is_ascension_mode":true,"campfire_choices":[{"data":"Poisoned Stab","floor":6,"key":"SMITH"},{"floor":8,"key":"REST"},{"data":"Neutralize","floor":12,"key":"SMITH"},{"data":"Distraction","floor":15,"key":"SMITH"},{"floor":27,"key":"REST"},{"floor":32,"key":"REST"}],"circlet_count":0,"master_deck":["Strike_G+1","Strike_G+1","Strike_G+1","Strike_G+1","Defend_G+1","Defend_G+1","Defend_G+1","Defend_G+1","Survivor","Neutralize+1","Cloak And Dagger","Poisoned Stab+1","Backflip","Distraction+1","Accuracy","Deadly Poison","Infinite Blades","Bane","Grand Finale","Acrobatics+1","Distraction+1","Madness","Madness"],"relics":["Ring of the Snake","Snake Skull","Eternal Feather","Lantern","CeramicFish","Du-Vu Doll","Busted Crown","Anchor","Girya","FossilizedHelix","MealTicket","Sozu","The Specimen","Shuriken"],"acts_visited":["Exordium","TheCity","TheBeyond"],"potions_floor_usage":[7,13,25,33,40],"damage_taken":[{"damage":0,"enemies":"Cultist","floor":1,"turns":4},{"damage":0,"enemies":"2 Louse","floor":4,"turns":3},{"damage":0,"enemies":"Jaw Worm","floor":5,"turns":4},{"damage":19,"enemies":"3 Sentries","floor":7,"turns":10},{"damage":17,"enemies":"Lagavulin","floor":10,"turns":8},{"damage":18,"enemies":"3 Sentries","floor":13,"turns":7},{"damage":23,"enemies":"The Guardian","floor":16,"turns":9},{"damage":0,"enemies":"Chosen","floor":18,"turns":4},{"damage":5,"enemies":"Shell Parasite","floor":21,"turns":4},{"damage":6,"enemies":"Cultist and Chosen","floor":22,"turns":6},{"damage":25,"enemies":"Book of Stabbing","floor":23,"turns":6},{"damage":12,"enemies":"Snake Plant","floor":25,"turns":4},{"damage":23,"enemies":"Sentry and Sphere","floor":29,"turns":6},{"damage":21,"enemies":"Slavers","floor":31,"turns":5},{"damage":46,"enemies":"Automaton","floor":33,"turns":11},{"damage":10,"enemies":"3 Darklings","floor":35,"turns":5},{"damage":30,"enemies":"2 Orb Walkers","floor":36,"turns":7},{"damage":33,"enemies":"Reptomancer","floor":40,"turns":6}],"seed_played":"4998758070223575332","potions_obtained":[{"floor":4,"key":"LiquidMemories"},{"floor":7,"key":"DistilledChaos"},{"floor":18,"key":"SpeedPotion"},{"floor":20,"key":"BlessingOfTheForge"},{"floor":20,"key":"EssenceOfSteel"},{"floor":25,"key":"Fruit Juice"},{"floor":33,"key":"GhostInAJar"}],"is_trial":false,"path_per_floor":["M","?","?","M","M","R","E","R","T","E","$","R","E","?","R","B",null,"M","$","?","M","M","E","?","M","T","R","?","M","?","E","R","B",null,"M","?","?","?","T","E"],"character_chosen":"THE_SILENT","items_purchased":["Deadly Poison","Infinite Blades","Anchor"],"campfire_rested":3,"item_purchase_floors":[11,11,19],"current_hp_per_floor":[70,56,49,49,49,49,30,60,60,43,43,52,34,57,66,43,70,70,70,70,65,59,34,34,27,27,61,61,38,38,17,51,5,75,65,35,35,26,26,0,0],"gold":238,"neow_bonus":"THREE_CARDS","is_daily":false,"chose_seed":false,"campfire_upgraded":3,"win_rate":0.0,"timestamp":1610661952,"path_taken":["M","?","?","M","M","R","E","R","T","E","$","R","E","?","R","BOSS","M","$","?","M","?","E","?","M","T","R","?","M","?","E","R","BOSS","M","?","?","?","?","E"],"items_purchased_type":["Card","Card","Relic"],"build_version":"2020-12-22","purchased_purges":2,"victory":false,"max_hp_per_floor":[70,70,70,70,70,70,70,70,70,70,70,70,70,70,70,70,70,70,70,70,70,70,70,70,75,75,75,75,75,75,75,75,75,75,75,75,75,75,75,75,75],"card_choices":[{"not_picked":["Outmaneuver","Acrobatics"],"picked":"Cloak And Dagger","floor":0},{"not_picked":["Deadly Poison","Dodge and Roll"],"picked":"Poisoned Stab","floor":1},{"not_picked":["Acrobatics","Infinite Blades"],"picked":"Backflip","floor":4},{"not_picked":["Backflip","Dagger Throw","Reflex"],"picked":"SKIP","floor":5},{"not_picked":["Prepared","Cloak And Dagger"],"picked":"Distraction","floor":7},{"not_picked":["Slice","Blade Dance"],"picked":"Accuracy","floor":10},{"not_picked":["Backflip","PiercingWail"],"picked":"Bane","floor":13},{"not_picked":["Die Die Die","Tools of the Trade"],"picked":"Grand Finale","floor":16},{"not_picked":[],"picked":"Acrobatics+1","floor":18},{"not_picked":[],"picked":"Distraction+1","floor":21},{"not_picked":["Cloak And Dagger"],"picked":"SKIP","floor":22},{"not_picked":["Blade Dance"],"picked":"SKIP","floor":23},{"not_picked":["Prepared"],"picked":"SKIP","floor":25},{"not_picked":["Expertise"],"picked":"SKIP","floor":29},{"not_picked":["Quick Slash"],"picked":"SKIP","floor":31},{"not_picked":["Expertise"],"picked":"SKIP","floor":35}],"player_experience":386048,"relics_obtained":[{"floor":7,"key":"Eternal Feather"},{"floor":9,"key":"Lantern"},{"floor":10,"key":"CeramicFish"},{"floor":13,"key":"Du-Vu Doll"},{"floor":23,"key":"Girya"},{"floor":26,"key":"FossilizedHelix"},{"floor":31,"key":"MealTicket"},{"floor":36,"key":"The Specimen"},{"floor":39,"key":"Shuriken"}],"event_choices":[{"damage_healed":0,"gold_gain":0,"player_choice":"Entered Light","damage_taken":14,"max_hp_gain":0,"max_hp_loss":0,"event_name":"Shining Light","floor":2,"gold_loss":0,"cards_upgraded":["Strike_G","Strike_G"]},{"damage_healed":0,"gold_gain":0,"player_choice":"Success","damage_taken":7,"relics_obtained":["Snake Skull"],"max_hp_gain":0,"max_hp_loss":0,"event_name":"Scrap Ooze","floor":3,"gold_loss":0},{"damage_healed":23,"gold_gain":0,"player_choice":"Banana","damage_taken":0,"max_hp_gain":0,"max_hp_loss":0,"event_name":"Big Fish","floor":14,"gold_loss":0},{"damage_healed":0,"gold_gain":0,"player_choice":"Got Potions","damage_taken":0,"max_hp_gain":0,"max_hp_loss":0,"event_name":"Lab","floor":20,"gold_loss":0},{"damage_healed":0,"gold_gain":0,"player_choice":"Paid Fearfully","damage_taken":0,"max_hp_gain":0,"max_hp_loss":0,"event_name":"Masked Bandits","floor":24,"gold_loss":70},{"damage_healed":0,"gold_gain":0,"player_choice":"Ignored","damage_taken":0,"max_hp_gain":0,"max_hp_loss":0,"event_name":"Ghosts","floor":28,"gold_loss":0},{"damage_healed":0,"gold_gain":0,"player_choice":"Simplicity","damage_taken":0,"max_hp_gain":0,"max_hp_loss":0,"event_name":"Back to Basics","floor":30,"gold_loss":0,"cards_upgraded":["Strike_G","Strike_G","Defend_G","Defend_G","Defend_G","Defend_G"]},{"damage_healed":0,"gold_gain":0,"player_choice":"Fight","damage_taken":0,"max_hp_gain":0,"max_hp_loss":0,"event_name":"Mysterious Sphere","floor":36,"gold_loss":0},{"damage_healed":0,"gold_gain":0,"player_choice":"Ignored","damage_taken":0,"max_hp_gain":0,"max_hp_loss":0,"event_name":"Tomb of Lord Red Mask","floor":37,"gold_loss":0},{"damage_healed":0,"gold_gain":0,"player_choice":"Embrace Madness","damage_taken":9,"max_hp_gain":0,"max_hp_loss":0,"event_name":"Winding Halls","floor":38,"gold_loss":0,"cards_obtained":["Madness","Madness"]}],"is_beta":false,"boss_relics":[{"not_picked":["Runic Dome","Tiny House"],"picked":"Busted Crown"},{"not_picked":["Cursed Key","WristBlade"],"picked":"Sozu"}],"items_purged_floors":[11,19],"is_endless":false,"potions_floor_spawned":[4,7,18,25,33,36],"killed_by":"Reptomancer","ascension_level":4}}