{"host":"ct28ocsd8g8yr2ah","time":1610629217,"event":{"mods":["BaseMod","Better Third Choice","Hermit","KinomotoSakuraMod(????)","Koishi","Marisa????????","Minty Spire (QoL Compilation)","Reimu??????","Remilia??????","StSLib","The Animator","The Gatherer","The Servant 0.9.4","Waifu the Spire"],"gold_per_floor":[115,132,145,70,4,38,19,33,58,58,88,88,118,132,132,230,230,242,142,155,174,22,51,51,71,71,83,83,83],"floor_reached":28,"language":"RUS","playtime":1061,"items_purged":["hermit:Strike_Hermit","hermit:Strike_Hermit"],"score":265,"play_id":"e1b1f283-3386-4cf7-b3a9-e6abe40e8be5","local_time":"20210114180017","is_ascension_mode":true,"campfire_choices":[{"data":"hermit:EternalForm","floor":10,"key":"SMITH"},{"floor":12,"key":"REST"},{"floor":15,"key":"REST"},{"floor":24,"key":"REST"}],"circlet_count":0,"master_deck":["hermit:Strike_Hermit","hermit:Strike_Hermit","hermit:Defend_Hermit","hermit:Defend_Hermit","hermit:Defend_Hermit","hermit:Defend_Hermit","hermit:Snapshot","hermit:Covet","hermit:EternalForm+1","hermit:GoldenBullet","hermit:ItchyTrigger","hermit:Glare","hermit:TakeAim","hermit:Shortfuse","hermit:Roughhouse","hermit:NoHoldsBarred","hermit:Magnum","hermit:Brawl","animator:Darkness","BottledTime","hermit:BodyArmor"],"relics":["hermit:Momento","Dead Branch","hermit:RyeStalk","Bag of Preparation","Happy Flower","Sundial","Runic Pyramid","PrismaticShard","StoneCalendar","Gremlin Horn"],"acts_visited":["Exordium","TheCity"],"potions_floor_usage":[16,16,16,21,21,23,28],"damage_taken":[{"damage":5,"enemies":"Small Slimes","floor":1,"turns":4},{"damage":6,"enemies":"Cultist","floor":2,"turns":3},{"damage":1,"enemies":"Jaw Worm","floor":3,"turns":3},{"damage":19,"enemies":"3 Sentries","floor":6,"turns":3},{"damage":5,"enemies":"Exordium Thugs","floor":7,"turns":4},{"damage":7,"enemies":"Looter","floor":8,"turns":2},{"damage":2,"enemies":"Lagavulin","floor":11,"turns":4},{"damage":15,"enemies":"3 Louse","floor":14,"turns":4},{"damage":1,"enemies":"Slime Boss","floor":16,"turns":6},{"damage":0,"enemies":"3 Byrds","floor":18,"turns":5},{"damage":0,"enemies":"Spheric Guardian","floor":20,"turns":3},{"damage":5,"enemies":"Snake Plant","floor":21,"turns":3},{"damage":44,"enemies":"Gremlin Leader","floor":23,"turns":3},{"damage":0,"enemies":"Snecko","floor":25,"turns":3},{"damage":25,"enemies":"Centurion and Healer","floor":27,"turns":4},{"damage":25,"enemies":"Slavers","floor":28,"turns":1}],"seed_played":"-3402529498243820347","potions_obtained":[{"floor":6,"key":"ZuzhouPotion:ReiMu"},{"floor":7,"key":"hermit:Tonic"},{"floor":11,"key":"Regen Potion"},{"floor":16,"key":"Weak Potion"},{"floor":18,"key":"SpeedPotion"},{"floor":20,"key":"LiquidMemories"},{"floor":27,"key":"DuplicationPotion"}],"is_trial":false,"path_per_floor":["M","M","M","$","?","E","M","M","T","R","E","R","?","M","R","B",null,"M","$","M","M","$","E","R","M","T","M","E"],"character_chosen":"HERMIT","items_purchased":["PrismaticShard"],"campfire_rested":3,"item_purchase_floors":[22],"current_hp_per_floor":[70,64,63,63,63,44,39,32,32,32,30,52,52,37,59,73,75,75,75,75,70,70,26,48,48,48,23,0,0],"gold":83,"neow_bonus":"ONE_RANDOM_RARE_CARD","is_daily":false,"chose_seed":false,"campfire_upgraded":1,"win_rate":0.0,"timestamp":1610629217,"path_taken":["M","M","M","$","?","E","M","?","T","R","E","R","?","M","R","BOSS","M","$","M","M","$","E","R","M","T","M","E"],"items_purchased_type":["Relic"],"build_version":"2020-12-22","purchased_purges":2,"victory":false,"max_hp_per_floor":[75,75,75,75,75,75,75,75,75,75,75,75,75,75,75,75,75,75,75,75,75,75,75,75,75,75,75,75,75],"card_choices":[{"not_picked":["hermit:Dive","hermit:Snipe"],"picked":"hermit:GoldenBullet","floor":1},{"not_picked":["hermit:Coalescence","hermit:WideOpen"],"picked":"hermit:ItchyTrigger","floor":2},{"not_picked":["hermit:LoneWolf","hermit:Roulette"],"picked":"hermit:Glare","floor":3},{"not_picked":["hermit:SprayPray","hermit:Quickdraw"],"picked":"hermit:TakeAim","floor":6},{"not_picked":["hermit:BodyArmor","hermit:TakeAim"],"picked":"hermit:Shortfuse","floor":7},{"not_picked":["hermit:Desperado","hermit:Ricochet"],"picked":"hermit:Roughhouse","floor":8},{"not_picked":["hermit:HoleUp","hermit:Malice","hermit:Showdown"],"picked":"SKIP","floor":11},{"not_picked":["hermit:Glare","hermit:Brawl"],"picked":"hermit:NoHoldsBarred","floor":14},{"not_picked":["hermit:DeadOrAlive","hermit:FatalDesire"],"picked":"hermit:Magnum","floor":16},{"not_picked":["hermit:Quickdraw","hermit:HoleUp","hermit:SprayPray+1"],"picked":"SKIP","floor":18},{"not_picked":["hermit:Malice","hermit:Ricochet","hermit:Coalescence"],"picked":"SKIP","floor":20},{"not_picked":["hermit:Coalescence","hermit:Desperado+1"],"picked":"hermit:Brawl","floor":21},{"not_picked":["Cold Snap","Crippling Poison"],"picked":"animator:Darkness","floor":23},{"not_picked":["Gatherer:Misfortune","UnstableMagic"],"picked":"BottledTime","floor":25},{"not_picked":["PathToVictory","animator:Millim+1"],"picked":"hermit:BodyArmor","floor":27}],"player_experience":528178,"relics_obtained":[{"floor":6,"key":"hermit:RyeStalk"},{"floor":9,"key":"Bag of Preparation"},{"floor":11,"key":"Happy Flower"},{"floor":23,"key":"StoneCalendar"},{"floor":26,"key":"Gremlin Horn"}],"event_choices":[{"damage_healed":0,"gold_gain":0,"player_choice":"Paid Gold","damage_taken":0,"relics_obtained":["Dead Branch"],"max_hp_gain":0,"max_hp_loss":0,"event_name":"WeMeetAgain","floor":5,"gold_loss":66},{"damage_healed":0,"gold_gain":30,"player_choice":"Searched \u00273\u0027 times","damage_taken":0,"relics_obtained":["Sundial"],"max_hp_gain":0,"max_hp_loss":0,"event_name":"Dead Adventurer","floor":13,"gold_loss":0}],"is_beta":false,"boss_relics":[{"not_picked":["Snecko Eye","RedLine:ReiMu"],"picked":"Runic Pyramid"}],"items_purged_floors":[4,19],"is_endless":false,"potions_floor_spawned":[6,7,11,14,16,18,20,27],"killed_by":"Slavers","ascension_level":1}}