{"host":"56d873i5r3uhle0q","time":1610606038,"event":{"mods":["100% Spire Juice","Act Like it!","BaseMod","Block Reminder","Conspire","Gensokyo","Hermit","Marisa????????","Minty Spire (QoL Compilation)","Replay The Spire","StSLib","The Animator","The Bug Knight","The Cursed","The Jungle","The Marked","The Servant 0.9.4","everything is the same but u backflip on backflip"],"gold_per_floor":[112,129,4,4,4,31,51,69,69,69,86,101,113,113,113,113,113],"floor_reached":16,"language":"ENG","playtime":769,"items_purged":[],"score":129,"play_id":"76668eac-dd26-4718-b9e1-39151373dc5f","local_time":"20210113233358","is_ascension_mode":false,"campfire_choices":[{"floor":10,"key":"REST"},{"floor":15,"key":"DIG"}],"circlet_count":0,"master_deck":["TheCursedMod:Strike_TheCursed","TheCursedMod:Strike_TheCursed","TheCursedMod:Strike_TheCursed","TheCursedMod:Strike_TheCursed","TheCursedMod:Defend_TheCursed","TheCursedMod:Defend_TheCursed","TheCursedMod:Defend_TheCursed","TheCursedMod:Defend_TheCursed+1","TheCursedMod:CursedWand","TheCursedMod:CleanUpWorkshop","TheCursedMod:Dregs","TheCursedMod:EmpowerCircles","TheCursedMod:CircleOfFlame","TheCursedMod:NeowsMight+1","TheCursedMod:HellsGateOpen","TheCursedMod:ReleasedStrength","Pain"],"relics":["TheCursedMod:BlackMagic101","NeowsBlessing","ReplayTheSpireMod:Shallot","War Paint","Gensokyo:LunaticRedEyes","Replay:Bottled Steam"],"acts_visited":["Gensokyo:Gensokyo"],"potions_floor_usage":[],"damage_taken":[{"damage":0,"enemies":"Gensokyo:3_Fairies","floor":1,"turns":1},{"damage":0,"enemies":"Gensokyo:Gryphon","floor":2,"turns":1},{"damage":0,"enemies":"Gensokyo:Aya","floor":6,"turns":1},{"damage":6,"enemies":"Gensokyo:2_Kodama","floor":7,"turns":4},{"damage":4,"enemies":"Gensokyo:2_Rabbits","floor":8,"turns":4},{"damage":12,"enemies":"Gensokyo:LivingMonolith","floor":11,"turns":4},{"damage":0,"enemies":"Gensokyo:Gryphon_and_Rabbit","floor":12,"turns":5},{"damage":4,"enemies":"Gensokyo:3_Kodama","floor":13,"turns":4},{"damage":61,"enemies":"Gensokyo:Yukari","floor":16,"turns":10}],"seed_played":"-3296863439303916362","potions_obtained":[{"floor":6,"key":"BlessingOfTheForge"},{"floor":7,"key":"Elixir"},{"floor":8,"key":"DuplicationPotion"}],"is_trial":false,"path_per_floor":["M","M","$","?","COS","E","M","M","T","R","M","M","M","?","R","B"],"character_chosen":"THE_CURSED","items_purchased":["TheCursedMod:EmpowerCircles","TheCursedMod:CircleOfFlame"],"campfire_rested":1,"item_purchase_floors":[3,3],"current_hp_per_floor":[75,75,75,68,68,68,62,58,58,75,63,63,59,59,59,0,0],"gold":113,"neow_bonus":"THREE_ENEMY_KILL","is_daily":false,"chose_seed":false,"campfire_upgraded":0,"win_rate":0.0,"timestamp":1610606038,"path_taken":["M","?","$","?","COS","E","M","M","T","R","M","M","M","?","R","BOSS"],"items_purchased_type":["Card","Card"],"build_version":"2020-12-22","purchased_purges":0,"victory":false,"max_hp_per_floor":[75,75,75,75,75,75,75,75,75,75,75,75,75,75,75,75,75],"card_choices":[{"not_picked":["TheCursedMod:CursedAmulet","TheCursedMod:Stretching","TheCursedMod:WearCloak"],"picked":"SKIP","floor":1},{"not_picked":["TheCursedMod:SurpriseAttack","TheCursedMod:CursedBoomerang","TheCursedMod:RavingStaff"],"picked":"SKIP","floor":2},{"not_picked":["TheCursedMod:AbyssShockwave","TheCursedMod:CollectTribute"],"picked":"TheCursedMod:NeowsMight","floor":6},{"not_picked":["TheCursedMod:Mangle","TheCursedMod:CursedMace"],"picked":"TheCursedMod:HellsGateOpen","floor":7},{"not_picked":["TheCursedMod:CursedShiv","TheCursedMod:CursedBlade","TheCursedMod:AbyssShockwave"],"picked":"SKIP","floor":8},{"not_picked":["TheCursedMod:SpreadPlague","TheCursedMod:SpitefulStrike"],"picked":"TheCursedMod:ReleasedStrength","floor":11},{"not_picked":["TheCursedMod:CursedShiv","TheCursedMod:Stretching","TheCursedMod:CursedAmulet"],"picked":"SKIP","floor":12},{"not_picked":["TheCursedMod:RapidMovement","TheCursedMod:SaltUponWound","TheCursedMod:Stretching"],"picked":"SKIP","floor":13}],"player_experience":522714,"relics_obtained":[{"floor":6,"key":"ReplayTheSpireMod:Shallot"},{"floor":9,"key":"War Paint"},{"floor":15,"key":"Replay:Bottled Steam"}],"event_choices":[],"is_beta":false,"boss_relics":[],"items_purged_floors":[],"is_endless":false,"potions_floor_spawned":[6,7,8],"killed_by":"Gensokyo:Yukari","ascension_level":0}}