{"host":"zdhcon9z6t4xbcdl","time":1610631562,"event":{"mods":["BaseMod","Minty Spire (QoL Compilation)"],"gold_per_floor":[110,110,285,91,103,103,130,150,173,208,70,70,70],"floor_reached":12,"language":"ENG","playtime":614,"items_purged":["Doubt","Strike_B"],"score":90,"play_id":"33627700-cb17-4067-9b95-9f3760d60e47","local_time":"20210114133922","is_ascension_mode":true,"campfire_choices":[{"data":"Defragment","floor":6,"key":"SMITH"}],"circlet_count":0,"master_deck":["Defend_B","Defend_B","Defend_B","Defend_B","Zap","Dualcast","Hello World","Defragment+1","Go for the Eyes","Coolheaded","Ball Lightning","Genetic Algorithm","Darkness","Hello World"],"relics":["Cracked Core","Oddly Smooth Stone","Happy Flower"],"acts_visited":["Exordium"],"potions_floor_usage":[12],"damage_taken":[{"damage":6,"enemies":"Jaw Worm","floor":1,"turns":4},{"damage":6,"enemies":"2 Louse","floor":5,"turns":2},{"damage":25,"enemies":"3 Sentries","floor":7,"turns":11},{"damage":2,"enemies":"Cultist","floor":8,"turns":3},{"damage":13,"enemies":"Lagavulin","floor":10,"turns":6},{"damage":17,"enemies":"Gremlin Nob","floor":12,"turns":3}],"seed_played":"-977160364112071918","potions_obtained":[{"floor":1,"key":"Weak Potion"}],"is_trial":false,"path_per_floor":["M","?","?","$","M","R","E","M","T","E","$","E"],"character_chosen":"DEFECT","items_purchased":["Defragment","Go for the Eyes","Hello World"],"campfire_rested":0,"item_purchase_floors":[4,4,11],"current_hp_per_floor":[62,62,62,62,56,56,31,29,29,16,16,0,0],"gold":70,"neow_bonus":"REMOVE_TWO","is_daily":false,"chose_seed":false,"campfire_upgraded":1,"win_rate":0.0,"timestamp":1610631562,"path_taken":["M","?","?","$","M","R","E","M","T","E","$","E"],"items_purchased_type":["Card","Card","Card"],"build_version":"2020-12-22","purchased_purges":2,"victory":false,"max_hp_per_floor":[68,68,68,68,68,68,68,68,68,68,68,68,68],"card_choices":[{"not_picked":["Ball Lightning","Auto Shields"],"picked":"Hello World","floor":1},{"not_picked":["BootSequence","Turbo"],"picked":"Coolheaded","floor":5},{"not_picked":["Stack","Steam"],"picked":"Ball Lightning","floor":7},{"not_picked":["Chaos","Hello World"],"picked":"Genetic Algorithm","floor":8},{"not_picked":["Consume","Streamline"],"picked":"Darkness","floor":10}],"player_experience":49981,"relics_obtained":[{"floor":7,"key":"Oddly Smooth Stone"},{"floor":10,"key":"Happy Flower"}],"event_choices":[{"cards_removed":["Strike_B"],"damage_healed":0,"gold_gain":0,"player_choice":"Forget","damage_taken":0,"max_hp_gain":0,"max_hp_loss":0,"event_name":"Living Wall","floor":2,"gold_loss":0},{"damage_healed":0,"gold_gain":175,"player_choice":"AGREE","damage_taken":0,"max_hp_gain":0,"max_hp_loss":0,"event_name":"Liars Game","floor":3,"gold_loss":0,"cards_obtained":["Doubt"]}],"is_beta":false,"boss_relics":[],"items_purged_floors":[4,11],"is_endless":false,"potions_floor_spawned":[1],"killed_by":"Gremlin Nob","ascension_level":1}}