{"host":"xu0zbcebhy6w9mdv","time":1610646428,"event":{"mods":["AchievementEnabler","Act Like it!","Aspiration","BaseMod","Better Match","Better Third Choice","BetterRewards","Colored Powertips","Downfall","Duelist Mod","Friendly Minions","Gensokyo","Hallownest","Hubris","Infinite Spire","Marisa????????","Minty Spire (QoL Compilation)","Potionbrewer","Quick Restart","READ ME - Guardian Mod","READ ME - Snecko Mod","Rare Cards Sparkle","Replay The Spire","Shop Mod","StSLib","The Animator","The Blackbeard","The Bug Knight","The Cursed","The Hierophant","The Necromancer","The Runesmith","The Servant 0.9.4"],"gold_per_floor":[115,115,15,15,30,30,30,30,30,30,65,30,46,56,56,153,153,165,165,165,185,195,195],"floor_reached":22,"language":"ENG","playtime":898,"items_purged":["Catalyst+1","Catalyst+1"],"score":284,"play_id":"c7b962cc-ad9e-49ed-8803-241c80910fdc","local_time":"20210114124708","is_ascension_mode":false,"campfire_choices":[{"data":"BattleHymn","floor":6,"key":"SMITH"},{"data":"Eruption","floor":10,"key":"SMITH"},{"floor":15,"key":"DIG"}],"circlet_count":0,"master_deck":["Strike_P","Strike_P","Strike_P","Defend_P","Defend_P","Defend_P","Defend_P","Eruption+1","Vigilance","BattleHymn+1","Prostrate","infinitespire:Collect","Tantrum","Pray","Adaptation+1","Collect"],"relics":["PureWater","Garlic","hubris:TenFootPole","hubris:Potato","aspiration:SecretTechniqueScroll"],"acts_visited":["Exordium","TheCity"],"potions_floor_usage":[18,22],"damage_taken":[{"damage":1,"enemies":"Small Slimes","floor":1,"turns":4},{"damage":5,"enemies":"2 Louse","floor":5,"turns":3},{"damage":8,"enemies":"Gremlin Nob","floor":11,"turns":3},{"damage":0,"enemies":"Jaw Worm","floor":13,"turns":2},{"damage":10,"enemies":"Blue Slaver","floor":14,"turns":2},{"damage":22,"enemies":"The Guardian","floor":16,"turns":7},{"damage":0,"enemies":"3 Byrds","floor":18,"turns":3},{"damage":16,"enemies":"Spheric Guardian","floor":21,"turns":3},{"damage":36,"enemies":"Shelled Parasite and Fungi","floor":22,"turns":3}],"seed_played":"-9064085949797428874","potions_obtained":[{"floor":11,"key":"AttackPotion"},{"floor":13,"key":"StancePotion"},{"floor":14,"key":"potionbrewer:InfectionPotion"},{"floor":21,"key":"Strength Potion"}],"is_trial":false,"path_per_floor":["M","?","$","?","M","R","?","?","T","R","E","?","M","M","R","B",null,"M","?","?","M","M"],"character_chosen":"WATCHER","items_purchased":["BattleHymn"],"campfire_rested":0,"item_purchase_floors":[0],"current_hp_per_floor":[71,53,53,72,67,67,67,67,67,67,59,72,72,62,62,40,72,72,72,68,52,16,16],"gold":195,"neow_bonus":"","is_daily":false,"chose_seed":false,"campfire_upgraded":2,"win_rate":0.0,"timestamp":1610646428,"path_taken":["M","?","$","?","M","R","?","?","T","R","E","?","?","M","R","BOSS","M","?","?","M","M"],"items_purchased_type":["Card"],"build_version":"2020-12-22","purchased_purges":2,"victory":false,"max_hp_per_floor":[72,72,72,72,72,72,72,72,72,72,72,72,72,72,72,72,72,72,72,77,77,77,77],"card_choices":[{"not_picked":["Consecrate","Halt"],"picked":"Prostrate","floor":1},{"not_picked":["infinitespire:SevenWalls","hubris:Rewind"],"picked":"infinitespire:Collect","floor":2},{"not_picked":["CutThroughFate","ThirdEye","PathToVictory"],"picked":"SKIP","floor":5},{"not_picked":["Collect","Replay:BluntJabs","Replay:ManipulateFuture"],"picked":"SKIP","floor":11},{"not_picked":["Crescendo","ThirdEye"],"picked":"Pray","floor":13},{"not_picked":["Collect","Crescendo","Perseverance"],"picked":"SKIP","floor":14},{"not_picked":["LikeWater","Study"],"picked":"Adaptation+1","floor":18},{"not_picked":["Sanctity+1","WaveOfTheHand","CrushJoints"],"picked":"SKIP","floor":21},{"not_picked":["FlurryOfBlows+1","EmptyFist+1"],"picked":"Collect","floor":22}],"player_experience":630898,"relics_obtained":[{"floor":9,"key":"Garlic"},{"floor":11,"key":"hubris:TenFootPole"},{"floor":15,"key":"hubris:Potato"}],"event_choices":[{"damage_healed":24,"gold_gain":0,"player_choice":"Banana","damage_taken":0,"max_hp_gain":0,"max_hp_loss":0,"event_name":"Big Fish","floor":4,"gold_loss":0},{"damage_healed":0,"gold_gain":0,"player_choice":"Ignored","damage_taken":0,"max_hp_gain":0,"max_hp_loss":0,"event_name":"Golden Idol","floor":7,"gold_loss":0},{"damage_healed":0,"gold_gain":0,"cards_transformed":["Strike_P"],"player_choice":"Change","damage_taken":0,"max_hp_gain":0,"max_hp_loss":0,"event_name":"Living Wall","floor":8,"gold_loss":0,"cards_obtained":["Tantrum"]},{"damage_healed":18,"gold_gain":0,"player_choice":"Healed","damage_taken":0,"max_hp_gain":0,"max_hp_loss":0,"event_name":"The Cleric","floor":12,"gold_loss":35},{"damage_healed":0,"gold_gain":0,"player_choice":"Shed Blood","damage_taken":18,"max_hp_gain":5,"max_hp_loss":0,"event_name":"Forgotten Altar","floor":20,"gold_loss":0}],"is_beta":false,"boss_relics":[{"not_picked":["Fusion Hammer","Philosopher\u0027s Stone"],"picked":"aspiration:SecretTechniqueScroll"}],"items_purged_floors":[0,3],"is_endless":false,"potions_floor_spawned":[11,13,14,21],"killed_by":"Shelled Parasite and Fungi","ascension_level":0}}