{"host":"legtpxylirt4o9qk","time":1610592350,"event":{"mods":["AchievementEnabler","Aspiration","BaseMod","Beaked The Cultist","Better Altar","Better Match","Better Note","Better Sensory Stone","Better Skull","Better Third Choice","BetterRewards","Colored Map","Conspire","Dark Map","Downfall","GifTheSpireLib","Googly Eyes","Halation","Hermit","Highlight Path","Hubris","Infinite Spire","Jedi Mod","Mimic Mod","Minty Spire (QoL Compilation)","Permanent Neow","Replay The Spire","Shade Mod","Shop Mod","Spicy Shops","StSLib","Stuff the Spire","The Blackbeard","The Construct","The Disciple","The Forsaken","The Gatherer","The Hierophant","The Necromancer","The Runesmith","The Servant 0.9.4"],"gold_per_floor":[114,133,149,149,167,198,198,217,217,392,408,408,408,419,419,520,520,531,531,531,531],"floor_reached":20,"language":"ENG","playtime":1246,"items_purged":[],"score":178,"play_id":"084c3338-1c45-40ea-8648-7632c14c4097","local_time":"20210113214550","is_ascension_mode":false,"campfire_choices":[{"floor":7.0,"key":"REST"},{"floor":12.0,"key":"REST"},{"floor":15.0,"key":"REST"}],"circlet_count":0,"master_deck":["Strike_R","Strike_R","Strike_R","Strike_R","Strike_R","Defend_R","Defend_R","Defend_R","Defend_R","Bash","Spot Weakness","Cleave","Armaments","Intimidate","Seeing Red","Inflame","Doubt","Heavy Blade","Perfected Strike","Immolate","Thunderclap"],"relics":["Burning Blood","Unceasing Top","Ornamental Fan","Meat on the Bone","Vajra","Philosopher\u0027s Stone"],"acts_visited":[],"potions_floor_usage":[],"damage_taken":[{"damage":5.0,"enemies":"Small Slimes","floor":1.0,"turns":3.0},{"damage":6.0,"enemies":"Cultist","floor":2.0,"turns":3.0},{"damage":4.0,"enemies":"Jaw Worm","floor":3.0,"turns":5.0},{"damage":18.0,"enemies":"Lots of Slimes","floor":5.0,"turns":5.0},{"damage":45.0,"enemies":"Lagavulin","floor":6.0,"turns":8.0},{"damage":12.0,"enemies":"Exordium Wildlife","floor":8.0,"turns":5.0},{"damage":30.0,"enemies":"Red Slaver","floor":11.0,"turns":6.0},{"damage":6.0,"enemies":"3 Louse","floor":14.0,"turns":3.0},{"damage":69.0,"enemies":"The Guardian","floor":16.0,"turns":10.0},{"damage":63.0,"enemies":"3 Byrds","floor":18.0,"turns":5.0},{"damage":0.0,"enemies":"2 Thieves","floor":19.0,"turns":1.0}],"seed_played":"-7698907458540774146","potions_obtained":[{"floor":1.0,"key":"Strength Potion"},{"floor":6.0,"key":"SmokeBomb"},{"floor":8.0,"key":"AttackPotion"},{"floor":14.0,"key":"BloodPotion"}],"is_trial":false,"path_per_floor":["M","M","M","?","M","E","R","M","T","?","M","R","T","M","R","B",null,"M","M","?"],"character_chosen":"IRONCLAD","items_purchased":[],"campfire_rested":3,"item_purchase_floors":[],"current_hp_per_floor":[88,88,88,88,76,37,63,57,57,57,45,71,71,71,88,54,88,43,61,61,61],"gold":531,"neow_bonus":"TEN_PERCENT_HP_BONUS","is_daily":false,"chose_seed":false,"campfire_upgraded":0,"win_rate":0.0,"timestamp":1610592350,"path_taken":["M","M","M","?","?","E","R","M","T","?","M","R","?","M","R","BOSS","M","?","?"],"items_purchased_type":[],"build_version":"2020-12-22","purchased_purges":0,"victory":false,"max_hp_per_floor":[88,88,88,88,88,88,88,88,88,88,88,88,88,88,88,88,88,88,88,88,88],"card_choices":[{"not_picked":["True Grit","Headbutt"],"picked":"Spot Weakness","floor":1.0},{"not_picked":["Clash","True Grit"],"picked":"Cleave","floor":2.0},{"not_picked":["Pommel Strike","Blood for Blood"],"picked":"Armaments","floor":3.0},{"not_picked":["Wild Strike","Reckless Charge"],"picked":"Intimidate","floor":5.0},{"not_picked":["Burning Pact","Hemokinesis"],"picked":"Seeing Red","floor":6.0},{"not_picked":["Battle Trance","Hemokinesis"],"picked":"Inflame","floor":8.0},{"not_picked":["Headbutt","Rage"],"picked":"Heavy Blade","floor":11.0},{"not_picked":["Spot Weakness","Shockwave"],"picked":"Perfected Strike","floor":14.0},{"not_picked":["Offering","Fiend Fire"],"picked":"Immolate","floor":16.0},{"not_picked":["Second Wind","Evolve"],"picked":"Thunderclap","floor":18.0}],"player_experience":64690,"relics_obtained":[{"floor":6.0,"key":"Ornamental Fan"},{"floor":9.0,"key":"Meat on the Bone"},{"floor":13.0,"key":"Vajra"}],"event_choices":[{"damage_healed":0.0,"max_hp_gain":0.0,"max_hp_loss":0.0,"gold_gain":0.0,"event_name":"WeMeetAgain","player_choice":"Gave Potion","floor":4.0,"gold_loss":0.0,"damage_taken":0.0,"relics_obtained":["Unceasing Top"]},{"damage_healed":0.0,"max_hp_gain":0.0,"max_hp_loss":0.0,"gold_gain":175.0,"event_name":"Liars Game","player_choice":"AGREE","floor":10.0,"gold_loss":0.0,"damage_taken":0.0,"cards_obtained":["Doubt"]},{"damage_healed":0,"gold_gain":0,"player_choice":"Ignored","damage_taken":0,"max_hp_gain":0,"max_hp_loss":0,"event_name":"betterNote:BetterNote","floor":20,"gold_loss":0,"cards_obtained":["theForsaken:HorrifyingStrike"]}],"is_beta":false,"boss_relics":[{"not_picked":["Tiny House","Empty Cage"],"picked":"Philosopher\u0027s Stone"}],"items_purged_floors":[],"is_endless":false,"potions_floor_spawned":[1,6,8,14,19],"ascension_level":0}}