{"host":"fq1bpa5mgr3rtgnr","time":1610604516,"event":{"mods":["AchievementEnabler","BaseMod","Colored Map","Colored Powertips","Highlight Path","Minty Spire (QoL Compilation)","Relic Stats","StSLib","The Senshi"],"gold_per_floor":[111,111,122,122,122,122,147,158,234,267,267,267,283,298,298,298,298],"floor_reached":16,"language":"ENG","playtime":792,"items_purged":[],"score":135,"play_id":"71674a17-281d-42fc-b217-3a0cf4ec311f","local_time":"20210114010836","is_ascension_mode":false,"campfire_choices":[{"data":"theSenshi:MoonPrismPowerMakeUp","floor":6,"key":"SMITH"},{"data":"theSenshi:GlimpseOfThePast","floor":12,"key":"SMITH"},{"data":"theSenshi:TuxedoMaskAssists","floor":15,"key":"SMITH"}],"circlet_count":0,"master_deck":["theSenshi:SailorKick","theSenshi:SailorKick","theSenshi:SailorKick","theSenshi:SailorBlock+1","theSenshi:SailorBlock+1","theSenshi:SailorBlock","theSenshi:SailorBlock","theSenshi:RoseThrow","theSenshi:MoonPrismPowerMakeUp+1","theSenshi:SailorVenusAssists","theSenshi:SailorPlanetPower","theSenshi:SailorVenusAssists","theSenshi:GlimpseOfThePast+1","theSenshi:SchoolBag","theSenshi:TuxedoMaskAssists+1"],"relics":["theSenshi:TransformationBroochRelic","NeowsBlessing","Akabeko","theSenshi:FeatherClipsRelic","theSenshi:TiaraRelic","Incense Burner"],"acts_visited":["Exordium"],"potions_floor_usage":[],"damage_taken":[{"damage":0,"enemies":"Small Slimes","floor":1,"turns":1},{"damage":0,"enemies":"Cultist","floor":3,"turns":1},{"damage":0,"enemies":"Lagavulin","floor":7,"turns":1},{"damage":3,"enemies":"Jaw Worm","floor":8,"turns":2},{"damage":20,"enemies":"Gremlin Nob","floor":10,"turns":4},{"damage":13,"enemies":"Blue Slaver","floor":13,"turns":3},{"damage":1,"enemies":"Looter","floor":14,"turns":2},{"damage":46,"enemies":"Hexaghost","floor":16,"turns":12}],"seed_played":"-3047549976871979142","potions_obtained":[{"floor":1,"key":"BlessingOfTheForge"},{"floor":3,"key":"SneckoOil"}],"is_trial":false,"path_per_floor":["M","?","M","?","?","R","E","M","T","E","T","R","M","M","R","B"],"character_chosen":"THE_SENSHI","items_purchased":[],"campfire_rested":0,"item_purchase_floors":[],"current_hp_per_floor":[75,75,75,60,60,60,60,57,57,43,43,43,36,41,41,0,0],"gold":298,"neow_bonus":"THREE_ENEMY_KILL","is_daily":false,"chose_seed":false,"campfire_upgraded":3,"win_rate":0.0,"timestamp":1610604516,"path_taken":["M","?","?","?","?","R","E","?","T","E","?","R","M","M","R","BOSS"],"items_purchased_type":[],"build_version":"2020-12-22","purchased_purges":0,"victory":false,"max_hp_per_floor":[75,75,75,75,75,75,75,75,75,75,75,75,75,75,75,75,75],"relic_stats":{"counters":[8,26],"obtain_stats":[{"theSenshi:TransformationBroochRelic":0,"NeowsBlessing":0,"theSenshi:FeatherClipsRelic":9,"Incense Burner":11,"Akabeko":7,"theSenshi:TiaraRelic":10},{"theSenshi:TransformationBroochRelic":0,"NeowsBlessing":0,"theSenshi:FeatherClipsRelic":4,"Incense Burner":5,"Akabeko":3,"theSenshi:TiaraRelic":5},{"theSenshi:TransformationBroochRelic":0,"NeowsBlessing":0,"theSenshi:FeatherClipsRelic":5,"Incense Burner":9,"Akabeko":3,"theSenshi:TiaraRelic":9}]},"card_choices":[{"not_picked":["theSenshi:VenusGlamour","theSenshi:MoonPrincessHalation"],"picked":"theSenshi:SailorVenusAssists","floor":1},{"not_picked":["theSenshi:TuxedoSmokingBomber","theSenshi:SailorMarsAssists"],"picked":"theSenshi:SailorPlanetPower","floor":3},{"not_picked":["theSenshi:SailorPlanetPower","theSenshi:LunasBite"],"picked":"theSenshi:SailorVenusAssists","floor":7},{"not_picked":["theSenshi:SailorPlanetAttack","theSenshi:MoonsReflection"],"picked":"theSenshi:GlimpseOfThePast","floor":8},{"not_picked":["theSenshi:MoonTwilightFlash","theSenshi:SteeledNerves"],"picked":"theSenshi:SchoolBag","floor":10},{"not_picked":["theSenshi:LateForSchool","theSenshi:MoonTiaraMagic","theSenshi:TuxedoSmokingBomber"],"picked":"SKIP","floor":13},{"not_picked":["theSenshi:TuxedoSmokingBomber","theSenshi:InTheNickOfTime"],"picked":"theSenshi:TuxedoMaskAssists","floor":14}],"player_experience":383932,"relics_obtained":[{"floor":7,"key":"Akabeko"},{"floor":9,"key":"theSenshi:FeatherClipsRelic"},{"floor":10,"key":"theSenshi:TiaraRelic"},{"floor":11,"key":"Incense Burner"}],"event_choices":[{"cards_removed":["theSenshi:SailorKick"],"damage_healed":0,"gold_gain":0,"player_choice":"Purged","damage_taken":0,"max_hp_gain":0,"max_hp_loss":0,"event_name":"Purifier","floor":2,"gold_loss":0},{"damage_healed":0,"gold_gain":0,"player_choice":"Entered Light","damage_taken":15,"max_hp_gain":0,"max_hp_loss":0,"event_name":"Shining Light","floor":4,"gold_loss":0,"cards_upgraded":["theSenshi:SailorBlock","theSenshi:SailorBlock"]},{"damage_healed":0,"gold_gain":0,"player_choice":"Ignored","damage_taken":0,"max_hp_gain":0,"max_hp_loss":0,"event_name":"Liars Game","floor":5,"gold_loss":0}],"is_beta":false,"boss_relics":[],"items_purged_floors":[],"is_endless":false,"potions_floor_spawned":[1,3],"killed_by":"Hexaghost","ascension_level":0}}