{"host":"xh3brefae6wm9kl8","time":1610591977,"event":{"mods":["AchievementEnabler","BaseMod","GifTheSpireLib","Keyboard Shortcuts","Minty Spire (QoL Compilation)","Permanent Neow","Relic Stats","StSLib","SuperFastMode"],"gold_per_floor":[116,133,183,32,32,32,59,59,130,130,160,6,19,39,39,117,117,128,147,163,163,183,183,183],"floor_reached":23,"language":"KOR","playtime":826,"items_purged":[],"score":334,"play_id":"5565ea8e-1044-4ad8-962c-2c995c181b8b","local_time":"20210114113937","is_ascension_mode":true,"campfire_choices":[{"floor":6,"key":"DIG"},{"floor":8,"key":"DIG"},{"floor":10,"key":"DIG"},{"data":"Dualcast","floor":15,"key":"SMITH"}],"circlet_count":0,"master_deck":["AscendersBane","Strike_B","Strike_B","Defend_B+1","Defend_B","Defend_B","Zap+1","Dualcast+1","Conserve Battery","Streamline","Cold Snap","Echo Form","Reinforced Body","Ball Lightning","FTL","Biased Cognition","BootSequence+1","Double Energy+1","Meteor Strike+1","Aggregate+1","Turbo","Stack"],"relics":["Cracked Core","Oddly Smooth Stone","Orrery","Shovel","Gambling Chip","Akabeko","Symbiotic Virus","Matryoshka","Pen Nib","War Paint","MealTicket","Astrolabe"],"acts_visited":["Exordium","TheCity"],"potions_floor_usage":[7],"damage_taken":[{"damage":0,"enemies":"2 Louse","floor":1,"turns":3},{"damage":0,"enemies":"Cultist","floor":2,"turns":5},{"damage":6,"enemies":"Gremlin Nob","floor":7,"turns":4},{"damage":0,"enemies":"Small Slimes","floor":13,"turns":2},{"damage":0,"enemies":"Blue Slaver","floor":14,"turns":2},{"damage":19,"enemies":"The Guardian","floor":16,"turns":9},{"damage":0,"enemies":"Spheric Guardian","floor":18,"turns":3},{"damage":0,"enemies":"Chosen","floor":19,"turns":3},{"damage":8,"enemies":"Centurion and Healer","floor":20,"turns":5},{"damage":0,"enemies":"Snecko","floor":22,"turns":4},{"damage":37,"enemies":"Gremlin Leader","floor":23,"turns":6}],"seed_played":"-5941401248892641585","potions_obtained":[{"floor":1,"key":"Block Potion"},{"floor":7,"key":"Weak Potion"},{"floor":13,"key":"Regen Potion"},{"floor":16,"key":"Dexterity Potion"}],"is_trial":false,"path_per_floor":["M","M","?","$","T","R","E","R","T","R","?","$","M","M","R","B",null,"M","M","M","?","M","E"],"character_chosen":"DEFECT","items_purchased":["Orrery","MealTicket"],"campfire_rested":0,"item_purchase_floors":[4,12],"current_hp_per_floor":[64,64,64,64,64,64,58,58,58,58,58,58,58,58,58,39,63,63,63,55,35,35,0,0],"gold":183,"neow_bonus":"RANDOM_COMMON_RELIC","is_daily":false,"chose_seed":false,"campfire_upgraded":1,"win_rate":0.0,"timestamp":1610591977,"path_taken":["M","M","?","$","?","R","E","R","T","R","?","$","M","M","R","BOSS","M","M","M","?","M","E"],"items_purchased_type":["Relic","Relic"],"build_version":"2020-12-22","purchased_purges":0,"victory":false,"max_hp_per_floor":[71,71,71,71,71,71,71,71,71,71,71,71,71,71,71,71,71,71,71,71,76,76,76,76],"relic_stats":{"Shovel":3,"counters":[11,46],"Gambling Chip":[20],"Astrolabe":["BootSequence","Double Energy","Meteor Strike"],"MealTicket":0,"Pen Nib":[4],"War Paint":["Defend_B","Zap"],"obtain_stats":[{"Shovel":5,"Matryoshka":9,"Gambling Chip":6,"Astrolabe":17,"Oddly Smooth Stone":0,"Orrery":4,"MealTicket":12,"Pen Nib":10,"War Paint":11,"Cracked Core":0,"Symbiotic Virus":8,"Akabeko":7},{"Shovel":2,"Matryoshka":3,"Gambling Chip":2,"Astrolabe":6,"Oddly Smooth Stone":0,"Orrery":2,"MealTicket":3,"Pen Nib":3,"War Paint":3,"Cracked Core":0,"Symbiotic Virus":3,"Akabeko":3},{"Shovel":8,"Matryoshka":12,"Gambling Chip":8,"Astrolabe":25,"Oddly Smooth Stone":0,"Orrery":8,"MealTicket":12,"Pen Nib":12,"War Paint":12,"Cracked Core":0,"Symbiotic Virus":12,"Akabeko":12}]},"card_choices":[{"not_picked":["Doom and Gloom","Steam"],"picked":"Conserve Battery","floor":1},{"not_picked":["Leap","Conserve Battery"],"picked":"Streamline","floor":2},{"not_picked":["Skim","Tempest"],"picked":"Cold Snap","floor":4},{"not_picked":["Rip and Tear","Hologram"],"picked":"Echo Form","floor":4},{"not_picked":["Steam","Chaos"],"picked":"Reinforced Body","floor":4},{"not_picked":["White Noise","Compile Driver"],"picked":"Ball Lightning","floor":4},{"not_picked":["Hologram","Compile Driver","Coolheaded"],"picked":"SKIP","floor":7},{"not_picked":["Fusion","Barrage"],"picked":"FTL","floor":13},{"not_picked":["Fusion","Cold Snap","Go for the Eyes"],"picked":"SKIP","floor":14},{"not_picked":["Rainbow","Thunder Strike"],"picked":"Biased Cognition","floor":16},{"not_picked":["Rebound","Redo","Streamline"],"picked":"SKIP","floor":18},{"not_picked":["Go for the Eyes","Ball Lightning"],"picked":"Aggregate+1","floor":19},{"not_picked":["Aggregate+1","Melter"],"picked":"Turbo","floor":20},{"not_picked":["Turbo","Barrage"],"picked":"Stack","floor":22}],"player_experience":379645,"relics_obtained":[{"floor":5,"key":"Shovel"},{"floor":6,"key":"Gambling Chip"},{"floor":7,"key":"Akabeko"},{"floor":8,"key":"Symbiotic Virus"},{"floor":9,"key":"Matryoshka"},{"floor":10,"key":"Pen Nib"}],"event_choices":[{"damage_healed":0,"gold_gain":50,"player_choice":"Pray","damage_taken":0,"max_hp_gain":0,"max_hp_loss":0,"event_name":"Golden Shrine","floor":3,"gold_loss":0},{"damage_healed":0,"gold_gain":30,"player_choice":"Searched \u00272\u0027 times","damage_taken":0,"relics_obtained":["War Paint"],"max_hp_gain":0,"max_hp_loss":0,"event_name":"Dead Adventurer","floor":11,"gold_loss":0},{"damage_healed":0,"gold_gain":0,"player_choice":"Shed Blood","damage_taken":25,"max_hp_gain":5,"max_hp_loss":0,"event_name":"Forgotten Altar","floor":21,"gold_loss":0}],"is_beta":false,"boss_relics":[{"not_picked":["Cursed Key","Tiny House"],"picked":"Astrolabe"}],"items_purged_floors":[],"is_endless":false,"potions_floor_spawned":[1,7,13,16,18],"killed_by":"Gremlin Leader","ascension_level":15}}