{"host":"f7rb14kzcw8hx1r1","time":1610662897,"event":{"mods":["BaseMod","Better Note","Better Third Choice","Colored Map","Highlight Path","Hubris","Minty Spire (QoL Compilation)","Replay The Spire","StSLib","The Forsaken"],"gold_per_floor":[114,134,149,149,161,196,196,213,236,34,0,0,27,39,39,149,149,175,192,24,48,67,67,114,114,165,190,215,250,262,322,334,466,478,525,570,608,135,0,42,42,42,42,78,27,27,64,99,99,125],"floor_reached":51,"language":"ENG","playtime":3093,"items_purged":["Strike_G","Strike_G","Strike_G"],"score":926,"play_id":"3705f2a9-177b-425a-a86e-4add4e2f27ad","local_time":"20210114232137","is_ascension_mode":false,"campfire_choices":[{"data":"Neutralize","floor":7,"key":"SMITH"},{"floor":15,"key":"DIG"},{"data":"Cloak And Dagger","floor":23,"key":"SMITH"},{"data":"Malaise","floor":30,"key":"SMITH"},{"floor":32,"key":"REST"},{"data":"After Image","floor":41,"key":"SMITH"},{"data":"Blur","floor":46,"key":"SMITH"},{"floor":49,"key":"REST"}],"circlet_count":0,"master_deck":["Strike_G","Defend_G+1","Defend_G+1","Defend_G+1","Defend_G+1","Defend_G+1","Survivor","Neutralize+1","Hidden Blade","Noxious Fumes","Cloak And Dagger+1","Spot Weakness+1","Blur+1","Footwork","Hidden Blade","Enlightenment","Flying Knee","After Image+1","Backflip","Cloak And Dagger","Infinite Blades","PiercingWail","Malaise+1","Blade Dance+1","Infinite Blades+1","After Image+1","Hidden Blade+1"],"relics":["Ring of the Snake","hubris:Potato","Bronze Scales","Potion Belt","hubris:SlimyHat","StoneCalendar","Replay:Bandana","Ancient Tea Set","Lantern","MawBank","Blood Vial","ChewingGum","DollysMirror","Replay:Baseball","Red Mask","Art of War","Replay:Bottled Eggs"],"acts_visited":["Exordium","TheCity","TheBeyond"],"potions_floor_usage":[6,24,24,24,29,29,33,50,50,50,50],"damage_taken":[{"damage":1,"enemies":"Jaw Worm","floor":1,"turns":7},{"damage":0,"enemies":"2 Louse","floor":2,"turns":3},{"damage":0,"enemies":"Cultist","floor":3,"turns":5},{"damage":5,"enemies":"Looter","floor":5,"turns":4},{"damage":13,"enemies":"Lagavulin","floor":6,"turns":10},{"damage":0,"enemies":"2 Fungi Beasts","floor":8,"turns":3},{"damage":0,"enemies":"Replay:BlueRogue","floor":13,"turns":6},{"damage":2,"enemies":"Exordium Wildlife","floor":14,"turns":5},{"damage":0,"enemies":"Hexaghost","floor":16,"turns":8},{"damage":2,"enemies":"Shell Parasite","floor":18,"turns":6},{"damage":2,"enemies":"3 Byrds","floor":19,"turns":4},{"damage":1,"enemies":"Shelled Parasite and Fungi","floor":21,"turns":7},{"damage":7,"enemies":"Snake Plant","floor":22,"turns":6},{"damage":27,"enemies":"Gremlin Leader","floor":24,"turns":5},{"damage":11,"enemies":"Snecko","floor":27,"turns":6},{"damage":10,"enemies":"Shelled Parasite and Fungi","floor":28,"turns":7},{"damage":22,"enemies":"Slavers","floor":29,"turns":7},{"damage":0,"enemies":"Book of Stabbing","floor":31,"turns":6},{"damage":0,"enemies":"Automaton","floor":33,"turns":11},{"damage":8,"enemies":"Orb Walker","floor":35,"turns":5},{"damage":0,"enemies":"3 Shapes","floor":36,"turns":5},{"damage":44,"enemies":"Jaw Worm Horde","floor":37,"turns":7},{"damage":0,"enemies":"Giant Head","floor":40,"turns":8},{"damage":0,"enemies":"Maw","floor":44,"turns":7},{"damage":0,"enemies":"Transient","floor":47,"turns":5},{"damage":0,"enemies":"3 Darklings","floor":48,"turns":6},{"damage":19,"enemies":"Time Eater","floor":50,"turns":13}],"seed_played":"8967016401819934580","potions_obtained":[{"floor":2,"key":"Swift Potion"},{"floor":6,"key":"BlessingOfTheForge"},{"floor":8,"key":"Strength Potion"},{"floor":14,"key":"AttackPotion"},{"floor":18,"key":"SkillPotion"},{"floor":27,"key":"Strength Potion"},{"floor":28,"key":"Regen Potion"},{"floor":31,"key":"ColorlessPotion"},{"floor":35,"key":"BlessingOfTheForge"},{"floor":37,"key":"Adrenaline Potion"},{"floor":40,"key":"PowerPotion"}],"is_trial":false,"path_per_floor":["M","M","M","?","M","E","R","M","T","$","?","?","E","M","R_BF","B",null,"M","M","$","M","M","R","E","$","T","M","M","E","R","E","R","B",null,"M","M","M","$","?","E","R","?","T","M","$","R","M","M","R","B",null],"character_chosen":"THE_SILENT","items_purchased":["Footwork","Hidden Blade","Infinite Blades","Infinite Blades+1","DollysMirror","Replay:Baseball","Adrenaline Potion"],"campfire_rested":2,"item_purchase_floors":[10,10,20,38,38,38,45],"current_hp_per_floor":[69,69,69,46,41,28,28,28,28,28,34,34,34,32,32,32,76,74,72,72,71,64,64,37,37,37,26,16,9,9,9,31,33,76,68,70,28,28,28,30,30,30,30,32,32,32,34,36,58,41],"gold":125,"neow_bonus":"REMOVE_CARD","is_daily":false,"chose_seed":false,"campfire_upgraded":5,"win_rate":0.0,"timestamp":1610662897,"path_taken":["M","M","M","?","M","E","R","M","T","$","?","?","E","M","R_BF","BOSS","M","M","$","M","?","R","E","$","T","M","M","E","R","E","R","BOSS","M","M","M","$","?","E","R","?","T","M","?","R","?","M","R","BOSS"],"items_purchased_type":["Card","Card","Card","Card","Relic","Relic","Potion"],"build_version":"2020-12-22","purchased_purges":3,"victory":true,"max_hp_per_floor":[70,70,70,70,70,70,70,70,70,70,76,76,76,76,76,76,76,76,76,76,76,76,76,76,76,76,76,76,76,76,76,76,76,76,76,76,76,76,76,76,76,76,76,76,76,76,76,76,76,76],"card_choices":[{"not_picked":["Blade Dance","Poisoned Stab"],"picked":"Hidden Blade","floor":1},{"not_picked":["Eviscerate","Setup"],"picked":"Noxious Fumes","floor":2},{"not_picked":["PiercingWail","Poisoned Stab"],"picked":"Cloak And Dagger","floor":3},{"not_picked":["hubris:SlightOfHand","Noxious Fumes","ReplayTheSpireMod:Scrap Shanks"],"picked":"SKIP","floor":5},{"not_picked":["Calculated Gamble","ReplayTheSpireMod:Speed Training"],"picked":"Blur","floor":6},{"not_picked":["Dodge and Roll","Sucker Punch","Flying Knee"],"picked":"SKIP","floor":8},{"not_picked":["Underhanded Strike","Poisoned Stab"],"picked":"Flying Knee","floor":13},{"not_picked":["Masterful Stab","Acrobatics","Deflect"],"picked":"SKIP","floor":14},{"not_picked":["ReplayTheSpireMod:From All Sides","Atom Bomb"],"picked":"After Image","floor":16},{"not_picked":["Predator","Bouncing Flask"],"picked":"Backflip","floor":18},{"not_picked":["Backstab+1","Dagger Spray"],"picked":"Cloak And Dagger","floor":19},{"not_picked":["Bouncing Flask+1","Setup","Deadly Poison"],"picked":"SKIP","floor":21},{"not_picked":["Slice","Dagger Throw","Quick Slash"],"picked":"SKIP","floor":22},{"not_picked":["Unload","Tactician+1","Concentrate"],"picked":"SKIP","floor":24},{"not_picked":["Dodge and Roll","Deadly Poison","Prepared+1"],"picked":"SKIP","floor":27},{"not_picked":["Replay:Poison Smokescreen","Dodge and Roll"],"picked":"PiercingWail","floor":28},{"not_picked":["Bouncing Flask","Deflect"],"picked":"Malaise","floor":29},{"not_picked":["PiercingWail","Dodge and Roll+1","hubris:Counter+1"],"picked":"SKIP","floor":31},{"not_picked":["hubris:SlightOfHand","Dagger Throw+1","Concentrate"],"picked":"SKIP","floor":35},{"not_picked":["Crippling Poison","Toxin Wave","Endless Agony+1"],"picked":"SKIP","floor":36},{"not_picked":["Quick Slash+1","Backstab"],"picked":"Blade Dance+1","floor":37},{"not_picked":["Escape Plan+1","PiercingWail"],"picked":"Hidden Blade+1","floor":40},{"not_picked":["Backflip","Sneak Up+1","Dagger Spray"],"picked":"SKIP","floor":44},{"not_picked":["Backstab","Dodge and Roll+1","hubris:TrickCloak+1"],"picked":"SKIP","floor":47},{"not_picked":["Crippling Poison","hubris:TrickCloak","Cloak And Dagger"],"picked":"SKIP","floor":48}],"player_experience":914475,"relics_obtained":[{"floor":6,"key":"Bronze Scales"},{"floor":9,"key":"Potion Belt"},{"floor":13,"key":"StoneCalendar"},{"floor":15,"key":"Replay:Bandana"},{"floor":24,"key":"Ancient Tea Set"},{"floor":26,"key":"Lantern"},{"floor":29,"key":"MawBank"},{"floor":31,"key":"Blood Vial"},{"floor":40,"key":"Art of War"},{"floor":43,"key":"Replay:Bottled Eggs"}],"event_choices":[{"damage_healed":0,"gold_gain":0,"player_choice":"RENOUNCE","damage_taken":34,"max_hp_gain":0,"max_hp_loss":0,"event_name":"betterThird:BetterSerpent","floor":11,"gold_loss":34,"cards_obtained":["Enlightenment"]},{"damage_healed":0,"gold_gain":0,"player_choice":"Gave Potion","damage_taken":0,"relics_obtained":["hubris:SlimyHat"],"max_hp_gain":0,"max_hp_loss":0,"event_name":"WeMeetAgain","floor":12,"gold_loss":0},{"damage_healed":0,"gold_gain":0,"player_choice":"Paid","damage_taken":0,"relics_obtained":["Red Mask"],"max_hp_gain":0,"max_hp_loss":0,"event_name":"Tomb of Lord Red Mask","floor":39,"gold_loss":135}],"is_beta":false,"boss_relics":[{"not_picked":["Runic Pyramid","hubris:GrandSneckoEye","Cursed Key"]},{"not_picked":["hubris:CrackedHourglass","Kintsugi"],"picked":"ChewingGum"}],"items_purged_floors":[10,20,38],"is_endless":false,"potions_floor_spawned":[2,6,8,14,18,27,28,31,35,37,40],"ascension_level":0}}