{"host":"txona5ehdq2r96f3","time":1610616757,"event":{"mods":["2.2 Compatiblity","AchievementEnabler","Aspiration","BaseMod","Colored Powertips","Conspire","Halation","Hubris","Infinite Spire","Marisa????????","Minty Spire (QoL Compilation)","Replay The Spire","StSLib","Unceasing Turn Reminder","everything is the same but u backflip on backflip"],"gold_per_floor":[109,109,126,136,9,36,36,64,64,64,64,64,142,163,163,277,277,298,298,322,6,6,34,34,63,87,13,13,288,327,351,351,490,490,558,558,581,581,644,644,722,467,467,467,233,290,347,389,389,401],"floor_reached":51,"language":"ENG","playtime":2825,"items_purged":["Strike_P","Replay:Anticipation"],"score":1202,"play_id":"82f6142b-4964-4a74-914c-7e0bd7a32e67","local_time":"20210114103237","is_ascension_mode":true,"campfire_choices":[{"data":"Eruption","floor":7,"key":"SMITH"},{"data":"Vigilance","floor":12,"key":"SMITH"},{"floor":24,"key":"REST"},{"data":"Regret","floor":32,"key":"PURGE"},{"data":"ForeignInfluence","floor":40,"key":"SMITH"},{"data":"Devotion","floor":44,"key":"SMITH"},{"floor":49,"key":"REST"}],"circlet_count":0,"master_deck":["Eruption+1","Vigilance+1","ThirdEye","BowlingBash+1","FearNoEvil","Prostrate","Establishment","Vault","Brilliance+1","EmptyFist+1","WindmillStrike+1","SashWhip+1","ForeignInfluence+1","SandsOfTime+1","Devotion+1","Replay:LoomingThreat","Parasite"],"relics":["PureWater","infinitespire:Satchel","hubris:DeckOfHolding","Replay:Bandana","Blue Candle","Molten Egg 2","Pandora\u0027s Box","Bottled Tornado","Bronze Scales","Boot","infinitespire:EvilPickle","Black Star","Bag of Preparation","conspire:TreasureMap","infinitespire:ShieldingShard","hubris:TenFootPole","Pen Nib","Replay:Baseball"],"acts_visited":["Exordium","TheCity","TheBeyond"],"potions_floor_usage":[6,30,33,33,33,46,50,50,50],"damage_taken":[{"damage":14,"enemies":"Jaw Worm","floor":1,"turns":2},{"damage":0,"enemies":"Cultist","floor":3,"turns":2},{"damage":0,"enemies":"Small Slimes","floor":4,"turns":2},{"damage":4,"enemies":"Lagavulin","floor":6,"turns":4},{"damage":22,"enemies":"Gremlin Nob","floor":8,"turns":4},{"damage":0,"enemies":"Looter","floor":14,"turns":3},{"damage":20,"enemies":"Hexaghost","floor":16,"turns":10},{"damage":18,"enemies":"2 Thieves","floor":18,"turns":4},{"damage":4,"enemies":"Chosen","floor":20,"turns":4},{"damage":27,"enemies":"Shelled Parasite and Fungi","floor":23,"turns":4},{"damage":8,"enemies":"Centurion and Healer","floor":25,"turns":4},{"damage":12,"enemies":"Book of Stabbing","floor":30,"turns":3},{"damage":1,"enemies":"3 Cultists","floor":31,"turns":4},{"damage":0,"enemies":"Pondfish","floor":33,"turns":5},{"damage":24,"enemies":"3 Darklings","floor":35,"turns":5},{"damage":5,"enemies":"3 Shapes","floor":39,"turns":3},{"damage":10,"enemies":"Jaw Worm Horde","floor":41,"turns":3},{"damage":0,"enemies":"R_Hoarder","floor":46,"turns":4},{"damage":15,"enemies":"Maw","floor":47,"turns":6},{"damage":0,"enemies":"Writhing Mass","floor":48,"turns":4},{"damage":33,"enemies":"Time Eater","floor":50,"turns":7}],"seed_played":"-332561866165746412","potions_obtained":[{"floor":4,"key":"SteroidPotion"},{"floor":16,"key":"GamblersBrew"},{"floor":20,"key":"Reflective Coating"},{"floor":25,"key":"LifebloodPotion"},{"floor":31,"key":"Milkshake"},{"floor":35,"key":"Block Potion"},{"floor":41,"key":"Strength Potion"},{"floor":48,"key":"Regen Potion"}],"is_trial":false,"path_per_floor":["M","?","M","M","$","E","R","E","T","$","?","R","T","M","R","B",null,"M","?","M","$","?","M","R","M","T","$","?","?","E","M","R","B",null,"M","?","T","?","M","R","M","$","T","R","$","E","M","M","R","B",null],"character_chosen":"WATCHER","items_purchased":["Prostrate","Bottled Tornado","SandsOfTime+1","Devotion","conspire:TreasureMap","hubris:TenFootPole","EssenceOfSteel"],"campfire_rested":2,"item_purchase_floors":[5,21,21,27,42,45,45],"current_hp_per_floor":[58,58,58,58,58,54,54,32,32,32,32,32,32,32,32,12,72,54,54,50,50,50,23,44,36,36,36,36,36,24,23,23,23,72,48,48,48,48,43,43,33,33,33,33,33,33,18,18,39,21],"gold":401,"neow_bonus":"TRANSFORM_CARD","is_daily":false,"chose_seed":false,"campfire_upgraded":4,"win_rate":0.0,"timestamp":1610616757,"path_taken":["M","?","M","?","?","E","R","E","T","$","?","R","?","M","R","BOSS","M","?","M","$","?","M","R","?","T","?","?","?","E","?","R","BOSS","M","?","?","?","M","R","M","$","T","R","?","E","M","?","R","BOSS"],"items_purchased_type":["Card","Relic","Card","Card","Relic","Relic","Potion"],"build_version":"2020-12-22","purchased_purges":2,"victory":true,"max_hp_per_floor":[72,72,72,72,72,72,72,72,72,72,72,72,72,72,72,72,72,72,72,72,72,72,72,72,72,72,72,72,72,72,72,72,72,72,72,72,72,72,72,72,72,72,72,72,72,72,72,72,72,72],"card_choices":[{"not_picked":["Replay:BluntJabs","Halt"],"picked":"BowlingBash","floor":1},{"not_picked":["FollowUp","ClearTheMind"],"picked":"FearNoEvil","floor":3},{"not_picked":["CutThroughFate","Replay:BluntJabs","ClearTheMind"],"picked":"SKIP","floor":4},{"not_picked":["SashWhip","Crescendo","Swivel"],"picked":"SKIP","floor":6},{"not_picked":["CarveReality","Protect","Consecrate"],"picked":"SKIP","floor":8},{"not_picked":["EmptyFist","Crescendo"],"picked":"Establishment","floor":14},{"not_picked":["Devotion","DeusExMachina"],"picked":"Vault","floor":16},{"not_picked":["Study+1","LikeWater+1","WaveOfTheHand"],"picked":"SKIP","floor":18},{"not_picked":["Replay:Anticipation","Wallop+1","CutThroughFate+1"],"picked":"SKIP","floor":20},{"not_picked":["FlurryOfBlows+1","Evaluate+1","JustLucky+1"],"picked":"SKIP","floor":23},{"not_picked":["BowlingBash+1","Replay:Hum","WreathOfFlame"],"picked":"SKIP","floor":25},{"not_picked":["CarveReality+1","ForeignInfluence+1","Wallop+1"],"picked":"SKIP","floor":30},{"not_picked":["Pray+1","JustLucky+1","PathToVictory"],"picked":"SKIP","floor":31},{"not_picked":["Wish","Blasphemy"],"picked":"Replay:LoomingThreat","floor":33},{"not_picked":["Replay:BluntJabs+1","MentalFortress","Replay:Anticipation"],"picked":"SKIP","floor":35},{"not_picked":["Collect","FlurryOfBlows+1","EmptyMind+1"],"picked":"SKIP","floor":39},{"not_picked":["BowlingBash+1","Conclude+1","Replay:LoomingThreat"],"picked":"SKIP","floor":41},{"not_picked":["Fasting2+1","CrushJoints+1","EmptyMind"],"picked":"SKIP","floor":46},{"not_picked":["SashWhip+1","EmptyMind+1","SignatureMove+1"],"picked":"SKIP","floor":47},{"not_picked":["ThirdEye+1","Halt+1","Fasting2"],"picked":"SKIP","floor":48}],"player_experience":138087,"relics_obtained":[{"floor":6,"key":"infinitespire:Satchel"},{"floor":8,"key":"hubris:DeckOfHolding"},{"floor":9,"key":"Replay:Bandana"},{"floor":13,"key":"Blue Candle"},{"floor":26,"key":"Bronze Scales"},{"floor":30,"key":"Boot"},{"floor":37,"key":"Bag of Preparation"},{"floor":43,"key":"infinitespire:ShieldingShard"},{"floor":46,"key":"Pen Nib"},{"floor":46,"key":"Replay:Baseball"}],"event_choices":[{"damage_healed":0,"gold_gain":0,"player_choice":"Forge","damage_taken":0,"max_hp_gain":0,"max_hp_loss":0,"event_name":"Accursed Blacksmith","floor":2,"gold_loss":0,"cards_upgraded":["BowlingBash"]},{"damage_healed":0,"gold_gain":0,"player_choice":"Agree","damage_taken":0,"max_hp_gain":0,"max_hp_loss":0,"event_name":"conspire:LoneGhost","floor":11,"gold_loss":0},{"damage_healed":0,"gold_gain":0,"player_choice":"Ignored","damage_taken":0,"max_hp_gain":0,"max_hp_loss":0,"event_name":"Vampires","floor":19,"gold_loss":0},{"cards_removed":["Injury"],"damage_healed":0,"gold_gain":0,"player_choice":"Elegance","damage_taken":0,"max_hp_gain":0,"max_hp_loss":0,"event_name":"Back to Basics","floor":22,"gold_loss":0},{"damage_healed":0,"gold_gain":275,"player_choice":"Desecrate","damage_taken":0,"max_hp_gain":0,"max_hp_loss":0,"event_name":"Golden Shrine","floor":29,"gold_loss":0,"cards_obtained":["Regret"]},{"damage_healed":0,"gold_gain":0,"player_choice":"Ignored","damage_taken":0,"max_hp_gain":0,"max_hp_loss":0,"event_name":"Mysterious Sphere","floor":36,"gold_loss":0},{"damage_healed":0,"gold_gain":0,"player_choice":"Ignored","damage_taken":0,"max_hp_gain":0,"max_hp_loss":0,"event_name":"Tomb of Lord Red Mask","floor":38,"gold_loss":0}],"is_beta":false,"boss_relics":[{"not_picked":["hubris:RunicObelisk","halation:ForbiddenBikini"],"picked":"Pandora\u0027s Box"},{"not_picked":["halation:LoveArrow","VioletLotus"],"picked":"Black Star"}],"items_purged_floors":[5,42],"is_endless":false,"potions_floor_spawned":[4,16,20,25,31,35,41,48],"ascension_level":1}}