{"host":"y4sghvfd0ewtcchd","time":1610656465,"event":{"mods":["Aspiration","BaseMod","Better Debug","Better Note","Better Third Choice","BetterRewards","Block Reminder","Colored Map","Colored Powertips","Downfall","Highlight Path","Hubris","Infinite Spire","Minty Spire (QoL Compilation)","Relic Sorter","Relic Stats","Replay The Spire","Shop Mod","StSLib","The Jungle","The Saiyan"],"gold_per_floor":[111,111,131,146,162,162,195,195,247,259,259,259,271,308,308,403,403,418,428,428,64,81,81,114,114,189,223,240,275,275,289,289,388,388,431,431,137,163,188,188,235,263,313,346,384,440,440,440,498,548,548,548,548,548,214,260,260],"floor_reached":58,"language":"ENG","playtime":4290,"items_purged":["Replay:Hysterical Blindness","Defend_G"],"score":2614,"play_id":"c8efa6dc-0a9c-41ef-9318-b16097d19447","local_time":"20210114233425","is_ascension_mode":true,"campfire_choices":[{"floor":6.0,"key":"REST"},{"floor":8.0,"key":"REST"},{"data":"Replay:SS_hec_2","floor":12.0,"key":"SMITH"},{"data":"Sneak Up","floor":15.0,"key":"SMITH"},{"data":"Envenom","floor":23.0,"key":"SMITH"},{"data":"After Image","floor":30.0,"key":"SMITH"},{"data":"Bullet Time","floor":32.0,"key":"SMITH"},{"floor":40.0,"key":"RECALL"},{"floor":51,"key":"REST"},{"floor":54,"key":"REST"}],"circlet_count":0,"master_deck":["Strike_G","Strike_G","Strike_G","Strike_G","Defend_G","Defend_G","Defend_G","Survivor","Neutralize","Caltrops","Sneak Up+1","Finisher","expansioncontent:DefensiveStance","Replay:SS_hec_2+1","Riddle With Holes","Caltrops","ReplayTheSpireMod:Speed Training","Sucker Punch","Sucker Punch","Underhanded Strike","Acrobatics","Tactician","Choke","Deadly Poison","Blur","Blade Dance","Envenom+1","Slice","Footwork","Noxious Fumes","Blade Dance","Bane","Masterful Stab","Bane+1","Dagger Throw","Dagger Throw+1","Dash","Bane+1","After Image","Underhanded Strike+1","Poisoned Stab","Quick Slash+1","Sucker Punch","hubris:DuctTapeCard","Poisoned Stab+1","Eviscerate","Choke","Underhanded Strike","Underhanded Strike","Riddle With Holes","Poisoned Stab+1"],"relics":["Ring of the Snake","hubris:Potato","ReplayTheSpireMod:CursedCoin","hubris:TenFootPole","Snake Skull","ReplayFunnel","Unceasing Top","aspiration:PoetsPen_weak","ClockworkSouvenir","aspiration:StickyExplosives_weak","aspiration:SeaSaltIceCream","Gambling Chip","infinitespire:Golems Mask","infinitespire:EvilPickle","Fusion Hammer","ReplayTheSpireMod:Onyx Gauntlets","hubris:DuctTape","hubris:MysteriousPyramids","Blood Vial","Pet Ghost","MerchantsRug","Sling","Happy Flower","Replay:Rubber Ducky"],"acts_visited":["Exordium","TheCity","TheBeyond","TheEnding"],"potions_floor_usage":[57,57],"damage_taken":[{"damage":0.0,"enemies":"Jaw Worm","floor":1.0,"turns":4.0},{"damage":1.0,"enemies":"Cultist","floor":3.0,"turns":5.0},{"damage":5.0,"enemies":"Small Slimes","floor":4.0,"turns":7.0},{"damage":15.0,"enemies":"2 Fungi Beasts","floor":5.0,"turns":4.0},{"damage":12.0,"enemies":"3 Sentries","floor":7.0,"turns":10.0},{"damage":0.0,"enemies":"3 Louse","floor":10.0,"turns":4.0},{"damage":3.0,"enemies":"Exordium Wildlife","floor":13.0,"turns":6.0},{"damage":2.0,"enemies":"The Guardian","floor":16.0,"turns":11.0},{"damage":4.0,"enemies":"Shell Parasite","floor":18.0,"turns":5.0},{"damage":2.0,"enemies":"Chosen","floor":19.0,"turns":6.0},{"damage":14.0,"enemies":"Snake Plant","floor":22.0,"turns":5.0},{"damage":0.0,"enemies":"Gremlin Leader","floor":24.0,"turns":2.0},{"damage":6.0,"enemies":"Book of Stabbing","floor":27.0,"turns":3.0},{"damage":0.0,"enemies":"Sentry and Sphere","floor":28.0,"turns":4.0},{"damage":3.0,"enemies":"Slavers","floor":29.0,"turns":4.0},{"damage":0.0,"enemies":"3 Cultists","floor":31.0,"turns":3.0},{"damage":33.0,"enemies":"Pondfish","floor":33.0,"turns":9.0},{"damage":0.0,"enemies":"Orb Walker","floor":35.0,"turns":1.0},{"damage":0.0,"enemies":"3 Shapes","floor":38.0,"turns":2.0},{"damage":0.0,"enemies":"3 Darklings","floor":39.0,"turns":2.0},{"damage":0.0,"enemies":"Reptomancer","floor":41.0,"turns":2.0},{"damage":0.0,"enemies":"Jaw Worm Horde","floor":42.0,"turns":1.0},{"damage":0,"enemies":"Maw","floor":44,"turns":3},{"damage":0,"enemies":"3 Darklings","floor":45,"turns":1},{"damage":0,"enemies":"Nemesis","floor":46,"turns":1},{"damage":0,"enemies":"Reptomancer","floor":49,"turns":2},{"damage":0,"enemies":"Jaw Worm Horde","floor":50,"turns":2},{"damage":0,"enemies":"Time Eater","floor":52,"turns":4},{"damage":0,"enemies":"Shield and Spear","floor":56,"turns":1},{"damage":0,"enemies":"The Heart","floor":57,"turns":3}],"seed_played":"-9048997988262024054","potions_obtained":[{"floor":1.0,"key":"CultistPotion"},{"floor":4.0,"key":"SteroidPotion"},{"floor":7.0,"key":"Dexterity Potion"},{"floor":22.0,"key":"Fire Potion"},{"floor":24.0,"key":"Block Potion"},{"floor":27.0,"key":"Block Potion"},{"floor":36.0,"key":"Venom Potion"},{"floor":36.0,"key":"SmokeBomb"},{"floor":44,"key":"Fire Potion"},{"floor":46,"key":"Elixir"},{"floor":49,"key":"Ancient Potion"}],"is_trial":false,"path_per_floor":["M","?","M","M","M","R","E","R","T","M","?","R","M","?","R","B",null,"M","M","?","$","M","R","E","?","T","E","M","E","R","M","R","B",null,"M","?","$","M","M","R","E","M","T","M","M","E","PTL","PTL","E","M","R","B",null,"R","$","E","B",null],"character_chosen":"THE_SILENT","items_purchased":["hubris:Potato","Caltrops","ReplayTheSpireMod:CursedCoin","Sneak Up","Finisher","expansioncontent:DefensiveStance","Replay:SS_hec_2","Riddle With Holes","Caltrops","ReplayTheSpireMod:Speed Training","Sucker Punch","Noxious Fumes","ClockworkSouvenir","Blade Dance","Bane","Masterful Stab","hubris:MysteriousPyramids","Poisoned Stab","MerchantsRug","Sling","Happy Flower","Underhanded Strike","Riddle With Holes"],"campfire_rested":4,"item_purchase_floors":[0,0,0,0,0,0,0,0,0,0,0,21,21,21,21,21,37,37,55,55,55,55,55],"current_hp_per_floor":[49,49,48,43,28,49,37,58,58,58,58,58,55,47,47,45,64,60,58,68,68,54,54,54,54,54,48,48,45,45,45,45,12,63,63,63,63,63,63,63,63,63,63,63,63,63,63,63,65,67,80,80,80,80,80,80,80],"gold":260,"neow_bonus":"","is_daily":false,"chose_seed":false,"campfire_upgraded":5,"win_rate":0.0,"timestamp":1610656465,"path_taken":["M","?","M","?","M","R","E","R","T","M","?","R","M","?","R","BOSS","M","M","?","$","M","R","E","?","T","E","?","E","R","M","R","BOSS","M","?","$","M","M","R","E","M","T","M","M","E","PTL","PTL","E","M","R","BOSS","R","$","E","BOSS"],"items_purchased_type":["Relic","Card","Relic","Card","Card","Card","Card","Card","Card","Card","Card","Card","Relic","Card","Card","Card","Relic","Card","Relic","Relic","Relic","Card","Card"],"build_version":"2020-12-22","purchased_purges":2,"victory":true,"max_hp_per_floor":[70,70,70,70,70,70,70,70,70,70,70,70,70,70,70,70,70,70,70,80,80,80,80,80,80,80,80,80,80,80,80,80,80,80,80,80,80,80,80,80,80,80,80,80,80,80,80,80,80,80,80,80,80,80,80,80,80],"relic_stats":{"Blood Vial":4,"Happy Flower":[1],"counters":[209,996],"Gambling Chip":[49],"Snake Skull":[332],"obtain_stats":[{"TwistedFunnel":0,"infinitespire:BottledMercury":46,"Vampiric Spirits":46,"downfall:HeartBlessingGreen":10,"aspiration:PoetsPen_weak":17,"hubris:MysteriousPyramids":9,"Boot":52,"Sling":55,"Ring of Searing":38,"Blood Vial":43,"Replay:Wanted Poster":34,"infinitespire:ShieldingShard":13,"hubris:HerbalPaste":0,"hubris:AstralHammer":40,"Replay:Bronze Core":34,"MealTicket":48,"hubris:DeckOfHolding":28,"infinitespire:Golems Mask":48,"Fusion Hammer":34,"Replay:Bottled Flurry":46,"Kunai":47,"Replay:Wax Seal":18,"hubris:MobiusCoin":6,"MerchantsRug":53,"Pear":20,"Counterbalance":38,"ReplayTheSpireMod:Ring of Addiction":46,"hubris:SphereOfDissonance":0,"Pen Nib":25,"infinitespire:Magic Flask":9,"aspiration:IroncladSkillbook":17,"aspiration:FrozenJewel":9,"infinitespire:EvilPickle":33,"SlaversCollar":17,"infinitespire:Broken Mirror":54,"Bird Faced Urn":39,"Pandora\u0027s Box":34,"hubris:TenFootPole":2,"infinitespire:PuzzleCube":24,"Unceasing Top":14,"Regal Pillow":29,"aspiration:Lifesprig":0,"Lantern":40,"hubris:Metronome":41,"Torii":7,"Blue Doll":52,"Bag of Preparation":42,"hubris:EmptyBottle":29,"Ancient Tea Set":5,"Cursed Key":34,"Pet Ghost":41,"Replay:Rubber Ducky":36,"Shovel":3,"Ring of Fangs":46,"hubris:Backtick":34,"infinitespire:Bottled Soul":43,"Ring of Peace":38,"aspiration:AnachronicSnailShell":41,"hubris:CuriousFeather":38,"WingedGreaves":36,"Replay:Bottled Eggs":53,"Ring of Panic":10,"InkBottle":25,"aspiration:ChemicalBlood":24,"hubris:GlazedTorus":46,"Ring of the Snake":0,"Potion Belt":44,"Lee\u0027s Waffle":53,"downfall:HeartBlessingRed":10,"Replay:Fungal Core":29,"Damaru":6,"Omamori":45,"hubris:Towel":30,"Busted Crown":17,"Ornamental Fan":6,"Art of War":37,"Garlic":11,"ReplayTheSpireMod:Onyx Gauntlets":34,"Toy Ornithopter":46,"infinitespire:Midas Blood":0,"hubris:BottledRain":17,"Ice Cream":44,"Calipers":23,"hubris:CrystalStatue":41,"Vajra":12,"Centennial Puzzle":48,"DollysMirror":20,"Strawberry":49,"aspiration:ArtOfWarUpgrade":49,"Iron Hammer":54,"Happy Flower":43,"hubris:DuctTape":34,"ReplayTheSpireMod:CursedCoin":53,"Replay:Grab Bag":34,"Oddly Smooth Stone":10,"Ring of Chaos":34,"infinitespire:Beetle Shell":53,"SaiyanHeart":0,"aspiration:SeaSaltIceCream":41,"War Paint":9,"aspiration:HiddenCompartment":29,"Question Card":25,"Replay:Baseball":29,"Bottled Flame":8,"ReplayTheSpireMod:Shallot":36,"Bronze Scales":54,"Molten Egg 2":23,"hubris:PeanutButter":9,"ReplayTheSpireMod:TigerMarble":43,"Black Star":17,"Grinning Jar":17,"aspiration:HatOfInfinitePower":37,"Mirror":9,"Meat on the Bone":4,"Pocketwatch":36,"ReplayFunnel":36,"SacredBark":46,"Mango":20,"aspiration:TomeofQuesting":38,"Snake Skull":7,"hubris:SlimyHat":36,"ClockworkSouvenir":53,"aspiration:StickyExplosives_weak":24,"Replay:Bandana":0,"hubris:Icosahedron":47,"downfall:HeartBlessingBlue":18,"Mummified Hand":19,"Gambling Chip":0,"Runic Pyramid":21,"hubris:KleinBottle":37,"Gremlin Food":21,"BargainBundle":0,"ReplayTheSpireMod:Ninjato":41,"Quantum Egg":43,"ReplayTheSpireMod:Ring of Sloth":10,"Guide Book":0,"Replay:WaspNest":53,"Orichalcum":47,"Odd Mushroom":13,"Calling Bell":47,"Pondfish Scales":29,"Anchor":37,"CaptainsWheel":17,"infinitespire:Satchel":31,"SaiyanSoul":0,"Bag of Marbles":6,"Snack Pack":0,"Membership Card":20,"PureWater":0,"TungstenRod":29,"hubris:AncientText":36,"FossilizedHelix":36,"hubris:Potato":0,"hubris:NiceRug":53},{"TwistedFunnel":121,"infinitespire:BottledMercury":58,"Vampiric Spirits":144,"downfall:HeartBlessingGreen":6,"aspiration:PoetsPen_weak":187,"hubris:MysteriousPyramids":97,"Boot":32,"Sling":207,"Ring of Searing":83,"Blood Vial":85,"Replay:Wanted Poster":168,"infinitespire:ShieldingShard":70,"hubris:HerbalPaste":92,"hubris:AstralHammer":24,"Replay:Bronze Core":51,"MealTicket":59,"hubris:DeckOfHolding":77,"infinitespire:Golems Mask":144,"Fusion Hammer":196,"Replay:Bottled Flurry":116,"Kunai":88,"Replay:Wax Seal":11,"hubris:MobiusCoin":4,"MerchantsRug":32,"Pear":189,"Counterbalance":24,"ReplayTheSpireMod:Ring of Addiction":27,"hubris:SphereOfDissonance":121,"Pen Nib":16,"infinitespire:Magic Flask":37,"aspiration:IroncladSkillbook":42,"aspiration:FrozenJewel":67,"infinitespire:EvilPickle":51,"SlaversCollar":11,"infinitespire:Broken Mirror":120,"Bird Faced Urn":113,"Pandora\u0027s Box":137,"hubris:TenFootPole":180,"infinitespire:PuzzleCube":45,"Unceasing Top":186,"Regal Pillow":18,"aspiration:Lifesprig":62,"Lantern":171,"hubris:Metronome":200,"Torii":4,"Blue Doll":32,"Bag of Preparation":85,"hubris:EmptyBottle":18,"Ancient Tea Set":4,"Cursed Key":111,"Pet Ghost":24,"Replay:Rubber Ducky":23,"Shovel":2,"Ring of Fangs":27,"hubris:Backtick":196,"infinitespire:Bottled Soul":26,"Ring of Peace":83,"aspiration:AnachronicSnailShell":114,"hubris:CuriousFeather":54,"WingedGreaves":140,"Replay:Bottled Eggs":32,"Ring of Panic":97,"InkBottle":107,"aspiration:ChemicalBlood":15,"hubris:GlazedTorus":88,"Ring of the Snake":0,"Potion Belt":86,"Lee\u0027s Waffle":177,"downfall:HeartBlessingRed":6,"Replay:Fungal Core":165,"Damaru":67,"Omamori":27,"hubris:Towel":136,"Busted Crown":131,"Ornamental Fan":151,"Art of War":23,"Garlic":98,"ReplayTheSpireMod:Onyx Gauntlets":196,"Toy Ornithopter":27,"infinitespire:Midas Blood":92,"hubris:BottledRain":158,"Ice Cream":144,"Calipers":105,"hubris:CrystalStatue":114,"Vajra":155,"Centennial Puzzle":29,"DollysMirror":13,"Strawberry":30,"aspiration:ArtOfWarUpgrade":175,"Iron Hammer":146,"Happy Flower":114,"hubris:DuctTape":196,"ReplayTheSpireMod:CursedCoin":60,"Replay:Grab Bag":196,"Oddly Smooth Stone":6,"Ring of Chaos":22,"infinitespire:Beetle Shell":32,"SaiyanHeart":0,"aspiration:SeaSaltIceCream":24,"War Paint":6,"aspiration:HiddenCompartment":78,"Question Card":107,"Replay:Baseball":18,"Bottled Flame":127,"ReplayTheSpireMod:Shallot":112,"Bronze Scales":120,"Molten Egg 2":105,"hubris:PeanutButter":153,"ReplayTheSpireMod:TigerMarble":26,"Black Star":100,"Grinning Jar":158,"aspiration:HatOfInfinitePower":23,"Mirror":127,"Meat on the Bone":94,"Pocketwatch":112,"ReplayFunnel":169,"SacredBark":27,"Mango":13,"aspiration:TomeofQuesting":24,"Snake Skull":184,"hubris:SlimyHat":23,"ClockworkSouvenir":32,"aspiration:StickyExplosives_weak":191,"Replay:Bandana":147,"hubris:Icosahedron":144,"downfall:HeartBlessingBlue":11,"Mummified Hand":43,"Gambling Chip":33,"Runic Pyramid":74,"hubris:KleinBottle":23,"Gremlin Food":74,"BargainBundle":62,"ReplayTheSpireMod:Ninjato":143,"Quantum Egg":56,"ReplayTheSpireMod:Ring of Sloth":97,"Guide Book":147,"Replay:WaspNest":60,"Orichalcum":88,"Odd Mushroom":156,"Calling Bell":88,"Pondfish Scales":18,"Anchor":83,"CaptainsWheel":158,"infinitespire:Satchel":80,"SaiyanSoul":0,"Bag of Marbles":36,"Snack Pack":62,"Membership Card":13,"PureWater":0,"TungstenRod":109,"hubris:AncientText":112,"FossilizedHelix":169,"hubris:Potato":179,"hubris:NiceRug":177},{"TwistedFunnel":591,"infinitespire:BottledMercury":304,"Vampiric Spirits":705,"downfall:HeartBlessingGreen":31,"aspiration:PoetsPen_weak":930,"hubris:MysteriousPyramids":480,"Boot":214,"Sling":992,"Ring of Searing":418,"Blood Vial":426,"Replay:Wanted Poster":818,"infinitespire:ShieldingShard":356,"hubris:HerbalPaste":462,"hubris:AstralHammer":137,"Replay:Bronze Core":277,"MealTicket":307,"hubris:DeckOfHolding":389,"infinitespire:Golems Mask":705,"Fusion Hammer":971,"Replay:Bottled Flurry":563,"Kunai":441,"Replay:Wax Seal":49,"hubris:MobiusCoin":22,"MerchantsRug":214,"Pear":941,"Counterbalance":137,"ReplayTheSpireMod:Ring of Addiction":167,"hubris:SphereOfDissonance":591,"Pen Nib":78,"infinitespire:Magic Flask":235,"aspiration:IroncladSkillbook":246,"aspiration:FrozenJewel":343,"infinitespire:EvilPickle":277,"SlaversCollar":49,"infinitespire:Broken Mirror":585,"Bird Faced Urn":547,"Pandora\u0027s Box":666,"hubris:TenFootPole":883,"infinitespire:PuzzleCube":255,"Unceasing Top":919,"Regal Pillow":94,"aspiration:Lifesprig":323,"Lantern":832,"hubris:Metronome":978,"Torii":22,"Blue Doll":214,"Bag of Preparation":426,"hubris:EmptyBottle":94,"Ancient Tea Set":22,"Cursed Key":542,"Pet Ghost":137,"Replay:Rubber Ducky":126,"Shovel":12,"Ring of Fangs":167,"hubris:Backtick":971,"infinitespire:Bottled Soul":154,"Ring of Peace":418,"aspiration:AnachronicSnailShell":555,"hubris:CuriousFeather":289,"WingedGreaves":683,"Replay:Bottled Eggs":214,"Ring of Panic":480,"InkBottle":523,"aspiration:ChemicalBlood":72,"hubris:GlazedTorus":441,"Ring of the Snake":0,"Potion Belt":431,"Lee\u0027s Waffle":867,"downfall:HeartBlessingRed":31,"Replay:Fungal Core":804,"Damaru":343,"Omamori":167,"hubris:Towel":656,"Busted Crown":632,"Ornamental Fan":742,"Art of War":126,"Garlic":487,"ReplayTheSpireMod:Onyx Gauntlets":971,"Toy Ornithopter":167,"infinitespire:Midas Blood":462,"hubris:BottledRain":773,"Ice Cream":705,"Calipers":517,"hubris:CrystalStatue":555,"Vajra":761,"Centennial Puzzle":181,"DollysMirror":56,"Strawberry":193,"aspiration:ArtOfWarUpgrade":853,"Iron Hammer":718,"Happy Flower":555,"hubris:DuctTape":971,"ReplayTheSpireMod:CursedCoin":314,"Replay:Grab Bag":971,"Oddly Smooth Stone":31,"Ring of Chaos":116,"infinitespire:Beetle Shell":214,"SaiyanHeart":0,"aspiration:SeaSaltIceCream":137,"War Paint":31,"aspiration:HiddenCompartment":394,"Question Card":523,"Replay:Baseball":94,"Bottled Flame":610,"ReplayTheSpireMod:Shallot":545,"Bronze Scales":585,"Molten Egg 2":517,"hubris:PeanutButter":749,"ReplayTheSpireMod:TigerMarble":154,"Black Star":500,"Grinning Jar":773,"aspiration:HatOfInfinitePower":126,"Mirror":610,"Meat on the Bone":467,"Pocketwatch":545,"ReplayFunnel":823,"SacredBark":167,"Mango":56,"aspiration:TomeofQuesting":137,"Snake Skull":909,"hubris:SlimyHat":126,"ClockworkSouvenir":214,"aspiration:StickyExplosives_weak":948,"Replay:Bandana":725,"hubris:Icosahedron":705,"downfall:HeartBlessingBlue":49,"Mummified Hand":249,"Gambling Chip":226,"Runic Pyramid":381,"hubris:KleinBottle":126,"Gremlin Food":381,"BargainBundle":323,"ReplayTheSpireMod:Ninjato":699,"Quantum Egg":297,"ReplayTheSpireMod:Ring of Sloth":480,"Guide Book":725,"Replay:WaspNest":314,"Orichalcum":441,"Odd Mushroom":763,"Calling Bell":441,"Pondfish Scales":94,"Anchor":418,"CaptainsWheel":773,"infinitespire:Satchel":402,"SaiyanSoul":0,"Bag of Marbles":233,"Snack Pack":323,"Membership Card":56,"PureWater":0,"TungstenRod":530,"hubris:AncientText":545,"FossilizedHelix":823,"hubris:Potato":879,"hubris:NiceRug":867}],"Unceasing Top":[46],"Ring of the Snake":[176]},"card_choices":[{"not_picked":["Escape Plan","Backflip"],"picked":"Underhanded Strike","floor":1.0},{"not_picked":["Dagger Throw","Underhanded Strike"],"picked":"Bullet Time","floor":3.0},{"not_picked":["Prepared","Cloak And Dagger"],"picked":"Acrobatics","floor":4.0},{"not_picked":["Flying Knee","Sucker Punch"],"picked":"Tactician","floor":5.0},{"not_picked":["Dodge and Roll","PiercingWail"],"picked":"Choke","floor":7.0},{"not_picked":["Concentrate","Bane"],"picked":"Deadly Poison","floor":10.0},{"not_picked":["Outmaneuver","All Out Attack"],"picked":"Blur","floor":13.0},{"not_picked":["Masterful Stab","Flying Knee"],"picked":"Blade Dance","floor":14.0},{"not_picked":["Glass Knife","Adrenaline"],"picked":"Envenom","floor":16.0},{"not_picked":["Outmaneuver+1","Replay:Poison Smokescreen"],"picked":"Slice","floor":18.0},{"not_picked":["Reflex","Well Laid Plans"],"picked":"Footwork","floor":19.0},{"not_picked":["Outmaneuver","Prepared"],"picked":"Bane+1","floor":22.0},{"not_picked":["Deflect","infinitespire:Neurotoxin"],"picked":"Dagger Throw","floor":24.0},{"not_picked":["Deadly Poison","Caltrops+1"],"picked":"Dagger Throw+1","floor":27.0},{"not_picked":["Dagger Throw+1","Reflex"],"picked":"Dash","floor":28.0},{"not_picked":["Tactician","Dodge and Roll"],"picked":"After Image","floor":29.0},{"not_picked":["Hidden Blade","Backflip+1"],"picked":"Bane+1","floor":31.0},{"not_picked":["Envenom","Atom Bomb"],"picked":"After Image","floor":33.0},{"not_picked":["Deadly Poison","PiercingWail+1"],"picked":"Underhanded Strike+1","floor":35.0},{"not_picked":["Leg Sweep+1","Unload","Acrobatics"],"picked":"SKIP","floor":38.0},{"not_picked":["Hidden Blade+1","Deadly Poison+1","Well Laid Plans+1"],"picked":"SKIP","floor":39.0},{"not_picked":["Corpse Explosion","ReplayTheSpireMod:The Works"],"picked":"Quick Slash+1","floor":41.0},{"not_picked":["Flechettes+1","Flying Knee+1"],"picked":"Sucker Punch","floor":42.0},{"not_picked":["Outmaneuver","Flying Knee"],"picked":"Poisoned Stab+1","floor":44},{"not_picked":["Hidden Blade+1","Calculated Gamble","Dodge and Roll+1"],"picked":"SKIP","floor":45},{"not_picked":["Dagger Throw","Dagger Spray"],"picked":"Eviscerate","floor":46},{"not_picked":["Deflect","Slice","Skewer+1"],"picked":"SKIP","floor":49},{"not_picked":["Endless Agony","Quick Slash+1"],"picked":"Choke","floor":50},{"not_picked":["Outmaneuver+1","Backflip+1"],"picked":"Poisoned Stab+1","floor":56}],"player_experience":561954,"relics_obtained":[{"floor":7.0,"key":"Snake Skull"},{"floor":9.0,"key":"ReplayFunnel"},{"floor":14.0,"key":"Unceasing Top"},{"floor":24.0,"key":"aspiration:StickyExplosives_weak"},{"floor":27.0,"key":"aspiration:SeaSaltIceCream"},{"floor":29.0,"key":"infinitespire:Golems Mask"},{"floor":41.0,"key":"hubris:Metronome"},{"floor":46,"key":"Blood Vial"},{"floor":49,"key":"Pet Ghost"},{"floor":56,"key":"Replay:Rubber Ducky"}],"event_choices":[{"damage_healed":0.0,"max_hp_gain":0.0,"max_hp_loss":0.0,"gold_gain":0.0,"event_name":"WeMeetAgain","player_choice":"Gave Potion","floor":2.0,"gold_loss":0.0,"damage_taken":0.0,"relics_obtained":["hubris:TenFootPole"]},{"damage_healed":0.0,"max_hp_gain":0.0,"max_hp_loss":0.0,"gold_gain":0.0,"event_name":"The Mausoleum","player_choice":"Opened","floor":20.0,"gold_loss":0.0,"damage_taken":0.0,"relics_obtained":["Pear"]},{"cards_removed":["Defend_G"],"damage_healed":0.0,"max_hp_gain":0.0,"max_hp_loss":0.0,"gold_gain":0.0,"event_name":"Purifier","player_choice":"Purged","floor":25.0,"gold_loss":0.0,"damage_taken":0.0},{"damage_healed":0.0,"max_hp_gain":0.0,"max_hp_loss":0.0,"gold_gain":0.0,"event_name":"Lab","player_choice":"Got Potions","floor":36.0,"gold_loss":0.0,"damage_taken":0.0}],"is_beta":false,"boss_relics":[{"not_picked":["Replay:Wanted Poster","aspiration:SecretTechniqueScroll"],"picked":"aspiration:PoetsPen_weak"},{"not_picked":["ReplayTheSpireMod:SealedPack","Cursed Key"],"picked":"Replay:Grab Bag"},{"not_picked":["aspiration:FutureDiary","Velvet Choker"],"picked":"Fusion Hammer"},{"not_picked":["ReplayTheSpireMod:DimensionalGlitch","hubris:CrackedHourglass"],"picked":"ReplayTheSpireMod:Onyx Gauntlets"},{"not_picked":["Calling Bell","SlaversCollar"],"picked":"hubris:Backtick"}],"items_purged_floors":[0,55],"is_endless":false,"potions_floor_spawned":[1,4,7,22,24,27,29,42,44,46,49],"ascension_level":5}}