{"host":"kg61lsvem4dxoat8","time":1610589863,"event":{"mods":["BaseMod","Colored Powertips","Minty Spire (QoL Compilation)","Quick Restart","Rare Cards Sparkle","Relic Stats","slay the spire mod where everything is the same but ironclad has a cowboy hat"],"gold_per_floor":[118,118,118,7,7,51,51,85,85,85,85,101,120,120,120,239,239,260,182,182,2,2,2,2],"floor_reached":23,"language":"ENG","playtime":439,"items_purged":[],"score":353,"play_id":"bdc0a039-8d7c-46c1-8d22-8f1b75ca89d2","local_time":"20210114100423","is_ascension_mode":true,"campfire_choices":[{"data":"Rampage","floor":7,"key":"SMITH"},{"data":"Uppercut","floor":10,"key":"SMITH"},{"data":"Bash","floor":15,"key":"SMITH"}],"circlet_count":0,"master_deck":["Defend_R","Defend_R","Defend_R","Bash+1","Rampage+1","Uppercut+1","Shrug It Off","Bite","Bite","Bite","Bite","Bite","Seeing Red"],"relics":["Burning Blood","NeowsBlessing","Golden Idol","Sundial","PreservedInsect","The Courier","Empty Cage","Lee\u0027s Waffle","MutagenicStrength"],"acts_visited":["Exordium","TheCity"],"potions_floor_usage":[16,23,23],"damage_taken":[{"damage":0,"enemies":"Jaw Worm","floor":1,"turns":1},{"damage":0,"enemies":"3 Sentries","floor":6,"turns":1},{"damage":0,"enemies":"Lagavulin","floor":8,"turns":1},{"damage":9,"enemies":"Small Slimes","floor":12,"turns":4},{"damage":0,"enemies":"Cultist","floor":13,"turns":3},{"damage":46,"enemies":"Hexaghost","floor":16,"turns":8},{"damage":55,"enemies":"3 Byrds","floor":18,"turns":9},{"damage":77,"enemies":"Slavers","floor":23,"turns":6}],"seed_played":"-355540318069780046","potions_obtained":[{"floor":6,"key":"Weak Potion"},{"floor":8,"key":"ElixirPotion"},{"floor":13,"key":"PowerPotion"}],"is_trial":false,"path_per_floor":["M","?","?","$","?","E","R","E","T","R","?","M","M","?","R","B",null,"M","$","?","$","?","E"],"character_chosen":"IRONCLAD","items_purchased":["Rampage","Uppercut","Shrug It Off","Block Potion","Lee\u0027s Waffle","Seeing Red"],"campfire_rested":0,"item_purchase_floors":[4,4,19,19,21,21],"current_hp_per_floor":[78,71,71,71,71,74,74,74,74,74,74,71,74,74,74,34,64,15,15,15,58,58,0,0],"gold":2,"neow_bonus":"THREE_ENEMY_KILL","is_daily":false,"chose_seed":false,"campfire_upgraded":3,"win_rate":0.0,"timestamp":1610589863,"path_taken":["M","?","?","$","?","E","R","E","T","R","?","M","?","?","R","BOSS","M","$","?","$","?","E"],"items_purchased_type":["Card","Card","Card","Potion","Relic","Card"],"build_version":"2020-12-22","purchased_purges":0,"victory":false,"max_hp_per_floor":[80,80,74,74,74,74,74,74,74,74,74,74,74,74,74,74,74,74,74,51,58,58,58,58],"relic_stats":{"Lee\u0027s Waffle":43,"counters":[8,33],"Golden Idol":51,"Sundial":[10],"PreservedInsect":39,"obtain_stats":[{"Lee\u0027s Waffle":21,"NeowsBlessing":0,"Golden Idol":3,"Sundial":6,"MutagenicStrength":22,"PreservedInsect":8,"The Courier":9,"Empty Cage":17,"Burning Blood":0},{"Lee\u0027s Waffle":7,"NeowsBlessing":0,"Golden Idol":1,"Sundial":2,"MutagenicStrength":7,"PreservedInsect":3,"The Courier":3,"Empty Cage":6,"Burning Blood":0},{"Lee\u0027s Waffle":27,"NeowsBlessing":0,"Golden Idol":1,"Sundial":2,"MutagenicStrength":27,"PreservedInsect":3,"The Courier":3,"Empty Cage":18,"Burning Blood":0}],"Burning Blood":30},"card_choices":[{"not_picked":["Iron Wave","Perfected Strike","Headbutt"],"picked":"SKIP","floor":1},{"not_picked":["Blood for Blood","Sword Boomerang","Infernal Blade"],"picked":"SKIP","floor":6},{"not_picked":["Rupture","Iron Wave","Clothesline"],"picked":"SKIP","floor":8},{"not_picked":["Sword Boomerang","Battle Trance","Clothesline"],"picked":"SKIP","floor":12},{"not_picked":["Intimidate","Sword Boomerang","Warcry"],"picked":"SKIP","floor":13},{"not_picked":["Iron Wave","Armaments+1","Warcry"],"picked":"SKIP","floor":18}],"player_experience":1329710,"relics_obtained":[{"floor":6,"key":"Sundial"},{"floor":8,"key":"PreservedInsect"},{"floor":9,"key":"The Courier"}],"event_choices":[{"cards_removed":["Strike_R"],"damage_healed":0,"gold_gain":0,"player_choice":"Card Removal","damage_taken":7,"max_hp_gain":0,"max_hp_loss":0,"event_name":"Golden Wing","floor":2,"gold_loss":0},{"damage_healed":0,"gold_gain":0,"player_choice":"Lose Max HP","damage_taken":0,"relics_obtained":["Golden Idol"],"max_hp_gain":0,"max_hp_loss":6,"event_name":"Golden Idol","floor":3,"gold_loss":0},{"damage_healed":0,"gold_gain":0,"player_choice":"Ignored","damage_taken":0,"max_hp_gain":0,"max_hp_loss":0,"event_name":"Liars Game","floor":5,"gold_loss":0},{"cards_removed":["Strike_R"],"damage_healed":0,"gold_gain":0,"player_choice":"Purged","damage_taken":0,"max_hp_gain":0,"max_hp_loss":0,"event_name":"Purifier","floor":11,"gold_loss":0},{"cards_removed":["Strike_R"],"damage_healed":0,"gold_gain":0,"player_choice":"Forget","damage_taken":0,"max_hp_gain":0,"max_hp_loss":0,"event_name":"Living Wall","floor":14,"gold_loss":0},{"damage_healed":0,"gold_gain":0,"player_choice":"Became a vampire","damage_taken":0,"max_hp_gain":0,"max_hp_loss":23,"event_name":"Vampires","floor":20,"gold_loss":0,"cards_obtained":["Bite","Bite","Bite","Bite","Bite"]},{"damage_healed":0,"gold_gain":0,"player_choice":"Inject Mutagens","damage_taken":0,"relics_obtained":["MutagenicStrength"],"max_hp_gain":0,"max_hp_loss":0,"event_name":"Drug Dealer","floor":22,"gold_loss":0}],"is_beta":false,"boss_relics":[{"not_picked":["Velvet Choker","Pandora\u0027s Box"],"picked":"Empty Cage"}],"items_purged_floors":[],"is_endless":false,"potions_floor_spawned":[6,8,13],"killed_by":"Slavers","ascension_level":7}}