{"host":"ml2ro5l6hu6y0pll","time":1610625380,"event":{"mods":["AchievementEnabler","BaseMod","Colored Map","Colored Powertips","Custom Start","Googly Eyes","Minty Spire (QoL Compilation)","Quick Restart","Rare Cards Sparkle","Relic Stats","StSLib","everything is the same but u backflip on backflip"],"gold_per_floor":[115,190,190,155,171,171,181,212,236,250,277,297,329,351,351,456,456,470,159,177,277,287,287,298,324,349,349,383,283,308,61,61,158,158,175,50,100,124,136,136,170,185,234,84,136,136,150,162,162,162],"floor_reached":51,"language":"ENG","playtime":2502,"items_purged":["Strike_B","Strike_B","Strike_B","Strike_B"],"score":1480,"play_id":"7c78b180-535a-4721-8f59-2470acd6105d","local_time":"20210114115620","is_ascension_mode":true,"campfire_choices":[{"data":"Zap","floor":6,"key":"SMITH"},{"data":"Defragment","floor":15,"key":"SMITH"},{"data":"Defragment","floor":23,"key":"SMITH"},{"floor":27,"key":"REST"},{"data":"Reinforced Body","floor":32,"key":"SMITH"},{"data":"Coolheaded","floor":40,"key":"SMITH"},{"floor":46,"key":"REST"},{"data":"Coolheaded","floor":49,"key":"SMITH"}],"circlet_count":0,"master_deck":["AscendersBane","Defend_B+1","Defend_B","Defend_B","Defend_B","Zap+1","Dualcast","Cold Snap","Glacier+1","Defragment+1","Compile Driver","Ball Lightning","Coolheaded+1","Echo Form","Reinforced Body+1","Glacier","Defragment+1","Coolheaded+1","Ball Lightning","Core Surge","Electrodynamics+1"],"relics":["Cracked Core","StoneCalendar","War Paint","DataDisk","Nunchaku","Anchor","Odd Mushroom","Velvet Choker","Chemical X","Pocketwatch","Blood Vial","Regal Pillow","Boot","Frozen Egg 2","Inserter","CaptainsWheel","Ancient Tea Set","Art of War","Gambling Chip"],"acts_visited":["Exordium","TheCity","TheBeyond"],"potions_floor_usage":[10,11,16,33,50],"damage_taken":[{"damage":9,"enemies":"Small Slimes","floor":1,"turns":3},{"damage":0,"enemies":"2 Louse","floor":5,"turns":3},{"damage":0,"enemies":"Cultist","floor":7,"turns":4},{"damage":6,"enemies":"Lagavulin","floor":8,"turns":7},{"damage":13,"enemies":"Exordium Wildlife","floor":10,"turns":3},{"damage":16,"enemies":"3 Sentries","floor":11,"turns":7},{"damage":0,"enemies":"Looter","floor":12,"turns":3},{"damage":0,"enemies":"Gremlin Nob","floor":13,"turns":3},{"damage":7,"enemies":"The Mushroom Lair","floor":14,"turns":3},{"damage":10,"enemies":"The Guardian","floor":16,"turns":10},{"damage":0,"enemies":"Shell Parasite","floor":18,"turns":6},{"damage":2,"enemies":"Chosen","floor":20,"turns":6},{"damage":0,"enemies":"Snecko","floor":22,"turns":7},{"damage":0,"enemies":"Snake Plant","floor":24,"turns":5},{"damage":9,"enemies":"Book of Stabbing","floor":25,"turns":7},{"damage":10,"enemies":"Slavers","floor":28,"turns":7},{"damage":0,"enemies":"Book of Stabbing","floor":30,"turns":7},{"damage":0,"enemies":"Champ","floor":33,"turns":12},{"damage":4,"enemies":"3 Darklings","floor":35,"turns":5},{"damage":1,"enemies":"Mind Bloom Boss Battle","floor":37,"turns":6},{"damage":0,"enemies":"3 Shapes","floor":39,"turns":2},{"damage":0,"enemies":"Reptomancer","floor":41,"turns":5},{"damage":0,"enemies":"Spire Growth","floor":42,"turns":5},{"damage":17,"enemies":"2 Orb Walkers","floor":45,"turns":4},{"damage":0,"enemies":"3 Darklings","floor":47,"turns":2},{"damage":0,"enemies":"Transient","floor":48,"turns":5},{"damage":0,"enemies":"Donu and Deca","floor":50,"turns":7}],"seed_played":"-8656116379393374764","potions_obtained":[{"floor":5,"key":"GamblersBrew"},{"floor":7,"key":"SkillPotion"},{"floor":11,"key":"GamblersBrew"},{"floor":14,"key":"ColorlessPotion"},{"floor":25,"key":"SpeedPotion"},{"floor":33,"key":"FocusPotion"},{"floor":35,"key":"EssenceOfDarkness"}],"is_trial":false,"path_per_floor":["M","?","?","?","M","R","M","E","T","M","E","M","E","?","R","B",null,"M","$","M","?","M","R","M","E","T","R","E","$","E","$","R","B",null,"M","$","?","T","M","R","E","M","T","$","?","R","M","M","R","B",null],"character_chosen":"DEFECT","items_purchased":["Glacier","Chemical X","Frozen Egg 2"],"campfire_rested":2,"item_purchase_floors":[19,19,31],"current_hp_per_floor":[59,48,48,65,65,65,65,59,59,46,30,30,30,23,23,13,54,54,54,52,52,52,52,52,43,43,63,55,55,57,57,57,59,66,64,64,65,65,67,67,68,68,68,68,51,68,68,68,68,68],"gold":162,"neow_bonus":"ONE_RARE_RELIC","is_daily":false,"chose_seed":false,"campfire_upgraded":6,"win_rate":0.0,"timestamp":1610625380,"path_taken":["M","?","?","?","M","R","M","E","T","M","E","M","E","?","R","BOSS","M","$","M","?","M","R","M","E","T","R","E","?","E","$","R","BOSS","M","$","?","?","M","R","E","M","T","$","?","R","M","M","R","BOSS"],"items_purchased_type":["Card","Relic","Relic"],"build_version":"2020-12-22","purchased_purges":4,"victory":true,"max_hp_per_floor":[68,68,68,68,68,68,68,68,68,68,68,68,68,68,68,68,68,68,68,68,68,68,68,68,68,68,68,68,68,68,68,68,68,68,68,68,68,68,68,68,68,68,68,68,68,68,68,68,68,68],"relic_stats":{"Regal Pillow":0,"Inserter":[20],"counters":[27,144],"StoneCalendar":[168],"War Paint":["Defend_B","Glacier"],"Boot":[9],"Blood Vial":13,"Nunchaku":[15],"Gambling Chip":[11],"Art of War":[7],"Chemical X":[19],"obtain_stats":[{"Regal Pillow":28,"Inserter":34,"Velvet Choker":17,"StoneCalendar":0,"War Paint":8,"Odd Mushroom":14,"Frozen Egg 2":31,"Boot":30,"Ancient Tea Set":41,"Blood Vial":26,"DataDisk":9,"Nunchaku":11,"Anchor":13,"CaptainsWheel":37,"Gambling Chip":45,"Art of War":43,"Chemical X":19,"Cracked Core":0,"Pocketwatch":25},{"Regal Pillow":16,"Inserter":18,"Velvet Choker":10,"StoneCalendar":0,"War Paint":4,"Odd Mushroom":9,"Frozen Egg 2":17,"Boot":17,"Ancient Tea Set":22,"Blood Vial":15,"DataDisk":4,"Nunchaku":6,"Anchor":8,"CaptainsWheel":20,"Gambling Chip":24,"Art of War":23,"Chemical X":11,"Cracked Core":0,"Pocketwatch":15},{"Regal Pillow":84,"Inserter":103,"Velvet Choker":46,"StoneCalendar":0,"War Paint":17,"Odd Mushroom":36,"Frozen Egg 2":91,"Boot":91,"Ancient Tea Set":121,"Blood Vial":77,"DataDisk":17,"Nunchaku":27,"Anchor":33,"CaptainsWheel":114,"Gambling Chip":130,"Art of War":126,"Chemical X":52,"Cracked Core":0,"Pocketwatch":77}],"Pocketwatch":[84]},"card_choices":[{"not_picked":["Gash","Reinforced Body"],"picked":"Cold Snap","floor":1},{"not_picked":["Rip and Tear","Lockon"],"picked":"Glacier","floor":5},{"not_picked":["Consume","White Noise"],"picked":"Defragment","floor":7},{"not_picked":["Beam Cell","Aggregate"],"picked":"Compile Driver","floor":8},{"not_picked":["Steam","Barrage"],"picked":"Ball Lightning","floor":10},{"not_picked":["Blizzard","Reboot","Compile Driver"],"picked":"SKIP","floor":11},{"not_picked":["Gash","Leap"],"picked":"Coolheaded","floor":12},{"not_picked":["Gash","Steam","Streamline"],"picked":"SKIP","floor":13},{"not_picked":["Core Surge","Biased Cognition"],"picked":"Echo Form","floor":16},{"not_picked":["Cold Snap","Lockon+1"],"picked":"Reinforced Body","floor":18},{"not_picked":["Sweeping Beam+1","Gash"],"picked":"Defragment","floor":20},{"not_picked":["Conserve Battery","Aggregate"],"picked":"Coolheaded","floor":22},{"not_picked":["Steam+1","Steam Power+1"],"picked":"Ball Lightning","floor":24},{"not_picked":["Compile Driver","Chaos","Barrage"],"picked":"SKIP","floor":25},{"not_picked":["Fusion","Steam Power+1","Sunder"],"picked":"SKIP","floor":28},{"not_picked":["Double Energy","Go for the Eyes"],"picked":"Core Surge","floor":30},{"not_picked":["Seek","All For One"],"picked":"Electrodynamics+1","floor":33},{"not_picked":["Chill","Hologram+1","Leap"],"picked":"SKIP","floor":35},{"not_picked":["Stack","Genetic Algorithm","Machine Learning+1"],"picked":"SKIP","floor":39},{"not_picked":["Gash","Fusion","Glacier"],"picked":"SKIP","floor":41},{"not_picked":["Leap","Storm+1","Coolheaded+1"],"picked":"SKIP","floor":42},{"not_picked":["Hologram","Cold Snap","Double Energy+1"],"picked":"SKIP","floor":47},{"not_picked":["Chill","Gash+1","Self Repair+1"],"picked":"SKIP","floor":48}],"player_experience":799538,"relics_obtained":[{"floor":8,"key":"War Paint"},{"floor":9,"key":"DataDisk"},{"floor":11,"key":"Nunchaku"},{"floor":13,"key":"Anchor"},{"floor":14,"key":"Odd Mushroom"},{"floor":25,"key":"Pocketwatch"},{"floor":26,"key":"Blood Vial"},{"floor":28,"key":"Regal Pillow"},{"floor":30,"key":"Boot"},{"floor":37,"key":"CaptainsWheel"},{"floor":41,"key":"Ancient Tea Set"},{"floor":43,"key":"Art of War"},{"floor":45,"key":"Gambling Chip"}],"event_choices":[{"damage_healed":0,"gold_gain":75,"player_choice":"Gather Gold","damage_taken":11,"max_hp_gain":0,"max_hp_loss":0,"event_name":"World of Goop","floor":2,"gold_loss":0},{"damage_healed":0,"gold_gain":0,"player_choice":"Ignored","damage_taken":0,"max_hp_gain":0,"max_hp_loss":0,"event_name":"Liars Game","floor":3,"gold_loss":0},{"damage_healed":17,"gold_gain":0,"player_choice":"Healed","damage_taken":0,"max_hp_gain":0,"max_hp_loss":0,"event_name":"The Cleric","floor":4,"gold_loss":35},{"damage_healed":0,"gold_gain":0,"player_choice":"Fought Mushrooms","damage_taken":0,"max_hp_gain":0,"max_hp_loss":0,"event_name":"Mushrooms","floor":14,"gold_loss":0},{"damage_healed":0,"gold_gain":100,"player_choice":"Pray","damage_taken":0,"max_hp_gain":0,"max_hp_loss":0,"event_name":"Golden Shrine","floor":21,"gold_loss":0},{"damage_healed":0,"gold_gain":0,"player_choice":"Fight","damage_taken":0,"max_hp_gain":0,"max_hp_loss":0,"event_name":"MindBloom","floor":37,"gold_loss":0},{"damage_healed":0,"gold_gain":0,"player_choice":"Fight","damage_taken":0,"max_hp_gain":0,"max_hp_loss":0,"event_name":"Mysterious Sphere","floor":45,"gold_loss":0}],"is_beta":false,"boss_relics":[{"not_picked":["Runic Pyramid","Ectoplasm"],"picked":"Velvet Choker"},{"not_picked":["SlaversCollar","Cursed Key"],"picked":"Inserter"}],"items_purged_floors":[19,29,36,44],"is_endless":false,"potions_floor_spawned":[5,7,8,11,14,25,30,33,35,39,41],"ascension_level":12}}