{"host":"1pwde2j81wdvsae3","time":1610596152,"event":{"mods":["BaseMod","Minty Spire (QoL Compilation)","Replay The Spire","Shop Mod","StSLib"],"gold_per_floor":[109,89,104,104,119,119,131,161,186,186,253,253,28,56,56,56,56],"floor_reached":16,"language":"ZHS","playtime":466,"items_purged":[],"score":162,"play_id":"cdac3b14-3408-497b-865e-388ba430a626","local_time":"20210114114912","is_ascension_mode":true,"campfire_choices":[{"data":"Flex","floor":6.0,"key":"SMITH"},{"floor":10.0,"key":"REST"},{"data":"Wild Strike","floor":12.0,"key":"SMITH"},{"data":"Limit Break","floor":15.0,"key":"SMITH"}],"circlet_count":0,"master_deck":["AscendersBane","Strike_R","Strike_R","Strike_R","Strike_R+1","Strike_R","Defend_R","Defend_R+1","Defend_R","Defend_R+1","Bash+1","Wild Strike+1","Flex+1","Sword Boomerang+1","Rupture","Inflame","Shrug It Off","Limit Break+1"],"relics":["Burning Blood","PreservedInsect","Centennial Puzzle","MerchantsRug","Whetstone"],"acts_visited":["Exordium"],"potions_floor_usage":[],"damage_taken":[{"damage":2.0,"enemies":"Small Slimes","floor":1.0,"turns":5.0},{"damage":1.0,"enemies":"Cultist","floor":3.0,"turns":3.0},{"damage":0.0,"enemies":"Jaw Worm","floor":5.0,"turns":3.0},{"damage":9.0,"enemies":"Looter","floor":7.0,"turns":3.0},{"damage":39.0,"enemies":"3 Sentries","floor":8.0,"turns":8.0},{"damage":20.0,"enemies":"Lagavulin","floor":14.0,"turns":4.0},{"damage":50,"enemies":"Slime Boss","floor":16,"turns":10}],"seed_played":"5671804093899833023","potions_obtained":[{"floor":2.0,"key":"Ancient Potion"},{"floor":5.0,"key":"AttackPotion"},{"floor":8.0,"key":"Ancient Potion"}],"is_trial":false,"path_per_floor":["M","?","M","?","M","R","M","E","T","R","?","R","$","E","R","B"],"character_chosen":"IRONCLAD","items_purchased":["MerchantsRug","Fruit Juice","Shrug It Off"],"campfire_rested":1,"item_purchase_floors":[13,13,13],"current_hp_per_floor":[76,76,80,64,70,70,67,34,34,58,58,58,63,49,49,0,0],"gold":56,"neow_bonus":"RANDOM_EVENT","is_daily":false,"chose_seed":false,"campfire_upgraded":3,"win_rate":0.0,"timestamp":1610596152,"path_taken":["M","?","?","?","M","R","M","E","T","R","?","R","?","E","R","BOSS"],"items_purchased_type":["Relic","Potion","Card"],"build_version":"2020-12-22","purchased_purges":0,"victory":false,"max_hp_per_floor":[80,80,80,80,80,80,80,80,80,80,80,80,85,85,85,85,85],"card_choices":[{"not_picked":["Clash","Run Through"],"picked":"Wild Strike","floor":1.0},{"not_picked":["Heavy Blade","Clothesline"],"picked":"Flex","floor":3.0},{"not_picked":["True Grit","Massacre"],"picked":"Sword Boomerang","floor":5.0},{"not_picked":["Body Slam","Warcry"],"picked":"Rupture","floor":7.0},{"not_picked":["Abandon","True Grit"],"picked":"Inflame","floor":8.0},{"not_picked":["Replay:Undeath\u0027s Touch","Headbutt"],"picked":"Limit Break","floor":14.0}],"player_experience":196794,"relics_obtained":[{"floor":8.0,"key":"PreservedInsect"},{"floor":9.0,"key":"Centennial Puzzle"},{"floor":14.0,"key":"Whetstone"}],"event_choices":[{"damage_healed":0.0,"max_hp_gain":0.0,"max_hp_loss":0.0,"gold_gain":0.0,"event_name":"Living Wall","player_choice":"Grow","floor":0.0,"gold_loss":0.0,"damage_taken":0.0,"cards_upgraded":["Bash"]},{"damage_healed":0.0,"max_hp_gain":0.0,"max_hp_loss":0.0,"gold_gain":0.0,"event_name":"The Woman in Blue","player_choice":"Bought 1 Potion","floor":2.0,"gold_loss":0.0,"damage_taken":0.0},{"damage_healed":0.0,"max_hp_gain":0.0,"max_hp_loss":0.0,"gold_gain":0.0,"event_name":"Shining Light","player_choice":"Entered Light","floor":4.0,"gold_loss":0.0,"damage_taken":16.0,"cards_upgraded":["Defend_R","Defend_R"]},{"damage_healed":0.0,"max_hp_gain":0.0,"max_hp_loss":0.0,"gold_gain":67.0,"event_name":"Golden Wing","player_choice":"Gained Gold","floor":11.0,"gold_loss":0.0,"damage_taken":0.0}],"is_beta":false,"boss_relics":[],"items_purged_floors":[],"is_endless":false,"potions_floor_spawned":[5,8],"killed_by":"Slime Boss","ascension_level":10}}