{"host":"5unvcuco0qq3uuek","time":1610667913,"event":{"mods":["BaseMod","Downfall","Minty Spire (QoL Compilation)","Somnambulant","StSLib","The Construct","The Cursed"],"gold_per_floor":[113,113,67,83,83,109,109,89,89,102,102,129,148,165,165,266,266,283,283,295,310,323,350,364,364,364],"floor_reached":25,"language":"ENG","playtime":2417,"items_purged":[],"score":285,"play_id":"90c9a81f-9078-4e4d-b517-4ad64c0849a4","local_time":"20210114184513","is_ascension_mode":false,"campfire_choices":[{"data":"construct:Versatility","floor":7,"key":"SMITH"},{"data":"construct:Autoturret","floor":11,"key":"SMITH"},{"data":"construct:Zapper","floor":15,"key":"SMITH"}],"circlet_count":0,"master_deck":["construct:Strike_Gold","construct:Strike_Gold","construct:Strike_Gold","construct:Strike_Gold","construct:Defend_Gold","construct:Defend_Gold","construct:Defend_Gold","construct:Defend_Gold","construct:Defend_Gold","construct:DefenseMode","construct:Versatility+1","construct:CripplingShot","construct:Autoturret+1","construct:Zapper+1","construct:Reinforce","construct:Reinforce","construct:LaserCore","construct:Analyze","construct:ClockworkEgg","construct:Synchronize+1","construct:FlameCore","construct:Antimatter+1","construct:PointDefense"],"relics":["construct:Cogwheel","NeowsBlessing","The Courier","Centennial Puzzle","Molten Egg 2","Lantern","Empty Cage","Regal Pillow"],"acts_visited":["Exordium","TheCity"],"potions_floor_usage":[12,13,13,16,22,23,23],"damage_taken":[{"damage":0,"enemies":"Small Slimes","floor":1,"turns":1},{"damage":0,"enemies":"2 Louse","floor":4,"turns":1},{"damage":0,"enemies":"3 Sentries","floor":6,"turns":2},{"damage":0,"enemies":"Cultist","floor":10,"turns":10},{"damage":0,"enemies":"Lagavulin","floor":12,"turns":18},{"damage":0,"enemies":"Lots of Slimes","floor":13,"turns":6},{"damage":3,"enemies":"3 Louse","floor":14,"turns":5},{"damage":35,"enemies":"Slime Boss","floor":16,"turns":20},{"damage":5,"enemies":"Spheric Guardian","floor":18,"turns":22},{"damage":0,"enemies":"Chosen","floor":20,"turns":16},{"damage":7,"enemies":"Snecko","floor":21,"turns":9},{"damage":19,"enemies":"Snake Plant","floor":22,"turns":6},{"damage":39,"enemies":"Slavers","floor":23,"turns":10},{"damage":2,"enemies":"Centurion and Healer","floor":24,"turns":11},{"damage":16,"enemies":"Sentry and Sphere","floor":25,"turns":3}],"seed_played":"8915495354107628493","potions_obtained":[{"floor":1,"key":"SkillPotion"},{"floor":6,"key":"Fire Potion"},{"floor":8,"key":"Weak Potion"},{"floor":12,"key":"ColorlessPotion"},{"floor":16,"key":"SkillPotion"},{"floor":19,"key":"Strength Potion"},{"floor":19,"key":"Slimebound:ThreeZeroPotion"},{"floor":19,"key":"DistilledChaos"}],"is_trial":false,"path_per_floor":["M","?","$","M","?","E","R","?","T","M","R","E","M","M","R","B",null,"M","?","M","M","M","E","M","M"],"character_chosen":"THE_CONSTRUCT_MOD","items_purchased":["construct:Autoturret"],"campfire_rested":0,"item_purchase_floors":[3],"current_hp_per_floor":[85,85,85,85,73,73,73,73,73,73,73,73,73,70,70,35,85,80,80,80,73,54,15,13,0,0],"gold":364,"neow_bonus":"THREE_ENEMY_KILL","is_daily":false,"chose_seed":false,"campfire_upgraded":3,"win_rate":0.0,"timestamp":1610667913,"path_taken":["M","?","$","M","?","E","R","?","T","M","R","E","M","M","R","BOSS","M","?","M","M","M","E","M","?"],"items_purchased_type":["Card"],"build_version":"2020-12-22","purchased_purges":0,"victory":false,"max_hp_per_floor":[85,85,85,85,85,85,85,85,85,85,85,85,85,85,85,85,85,85,85,85,85,85,85,85,85,85],"card_choices":[{"not_picked":["construct:Reinforce","construct:HeavyBolt"],"picked":"construct:Versatility","floor":1},{"not_picked":["construct:BatteryAcid","construct:FierceBash"],"picked":"construct:Zapper","floor":4},{"not_picked":["construct:ModeShift","construct:Disrupt"],"picked":"construct:Reinforce","floor":6},{"not_picked":["construct:ModeShift","construct:SweepLaser+1"],"picked":"construct:Reinforce","floor":10},{"not_picked":["construct:Boost+1","construct:VentSteam"],"picked":"construct:LaserCore","floor":12},{"not_picked":["construct:Missile+1","construct:Versatility+1"],"picked":"construct:Analyze","floor":13},{"not_picked":["construct:ShiftStrike+1","construct:SuppressiveFire+1"],"picked":"construct:Enhance","floor":14},{"not_picked":["construct:GoldenBullet+1","construct:MemoryTap"],"picked":"construct:ClockworkEgg","floor":16},{"not_picked":["construct:MetalShell","construct:Construct_Overclock","construct:SaveState"],"picked":"SKIP","floor":18},{"not_picked":["construct:Construct_Overclock","construct:Backup"],"picked":"construct:Synchronize+1","floor":20},{"not_picked":["construct:Accumulate+1","construct:HeavyBolt+1","construct:ChargeShot+1"],"picked":"SKIP","floor":21},{"not_picked":["construct:OmegaCannon+1","construct:SweepLaser+1"],"picked":"construct:FlameCore","floor":22},{"not_picked":["construct:Disrupt","construct:Overcharge+1"],"picked":"construct:Antimatter+1","floor":23},{"not_picked":["construct:Accumulate+1","construct:Analyze+1"],"picked":"construct:PointDefense","floor":24}],"player_experience":546733,"relics_obtained":[{"floor":6,"key":"Centennial Puzzle"},{"floor":9,"key":"Molten Egg 2"},{"floor":12,"key":"Lantern"},{"floor":23,"key":"Regal Pillow"}],"event_choices":[{"damage_healed":0,"gold_gain":0,"cards_transformed":["construct:Strike_Gold"],"player_choice":"Change","damage_taken":0,"max_hp_gain":0,"max_hp_loss":0,"event_name":"Living Wall","floor":2,"gold_loss":0,"cards_obtained":["construct:CripplingShot"]},{"damage_healed":0,"gold_gain":0,"player_choice":"Success","damage_taken":12,"relics_obtained":["The Courier"],"max_hp_gain":0,"max_hp_loss":0,"event_name":"Scrap Ooze","floor":5,"gold_loss":0},{"damage_healed":0,"gold_gain":0,"player_choice":"Bought 1 Potion","damage_taken":0,"max_hp_gain":0,"max_hp_loss":0,"event_name":"The Woman in Blue","floor":8,"gold_loss":0},{"damage_healed":0,"gold_gain":0,"player_choice":"Got Potions","damage_taken":0,"max_hp_gain":0,"max_hp_loss":0,"event_name":"Lab","floor":19,"gold_loss":0}],"is_beta":false,"boss_relics":[{"not_picked":["Tiny House","Cursed Key"],"picked":"Empty Cage"}],"items_purged_floors":[],"is_endless":false,"potions_floor_spawned":[1,6,12,16,20],"killed_by":"Sentry and Sphere","ascension_level":0}}