{"host":"p9t7qd83igtcp2bh","time":1610617808,"event":{"mods":["2.2 Compatiblity","AchievementEnabler","BaseMod","Colored Map","Colored Powertips","Custom Start","DeckTracker","Keyboard Shortcuts","Minty Spire (QoL Compilation)","Permanent Neow","StSLib","SuperFastMode","everything is the same but u backflip on backflip"],"gold_per_floor":[158,191,228,278,310,361,90,90,90],"floor_reached":8,"language":"KOR","playtime":444,"items_purged":[],"score":117,"play_id":"c4f30b49-fb6f-40ea-b8f2-a9400e5dfdcf","local_time":"20210114185008","is_ascension_mode":true,"campfire_choices":[],"circlet_count":0,"master_deck":["AscendersBane","Strike_B","Strike_B","Strike_B","Strike_B","Defend_B","Defend_B","Defend_B","Defend_B","Zap","Dualcast","HandOfGreed","Sweeping Beam","Melter","Beam Cell"],"relics":["Cracked Core","Letter Opener","Regal Pillow"],"acts_visited":["Exordium"],"potions_floor_usage":[6,7],"damage_taken":[{"damage":1,"enemies":"2 Louse","floor":1,"turns":4},{"damage":0,"enemies":"Jaw Worm","floor":2,"turns":3},{"damage":1,"enemies":"Cultist","floor":3,"turns":3},{"damage":5,"enemies":"Exordium Wildlife","floor":4,"turns":4},{"damage":18,"enemies":"Exordium Thugs","floor":5,"turns":5},{"damage":20,"enemies":"Lagavulin","floor":6,"turns":5},{"damage":5,"enemies":"3 Sentries","floor":8,"turns":2}],"seed_played":"8878163554256131052","potions_obtained":[{"floor":1,"key":"DuplicationPotion"},{"floor":4,"key":"Strength Potion"}],"is_trial":false,"path_per_floor":["M","M","M","M","M","E","$","E"],"character_chosen":"DEFECT","items_purchased":["Fruit Juice","Regal Pillow"],"campfire_rested":0,"item_purchase_floors":[7,7],"current_hp_per_floor":[45,45,44,39,21,1,6,1,1],"gold":90,"neow_bonus":"RANDOM_COLORLESS_2","is_daily":false,"chose_seed":false,"campfire_upgraded":0,"win_rate":0.0,"timestamp":1610617808,"path_taken":["M","M","M","M","M","E","$","E"],"items_purchased_type":["Potion","Relic"],"build_version":"2020-12-22","purchased_purges":0,"victory":false,"max_hp_per_floor":[71,71,71,71,71,71,76,76,76],"card_choices":[{"not_picked":["Thinking Ahead","Violence"],"picked":"HandOfGreed","floor":0},{"not_picked":["Lockon","Ball Lightning"],"picked":"Sweeping Beam","floor":1},{"not_picked":["Barrage","Steam","Chaos"],"picked":"SKIP","floor":2},{"not_picked":["Leap","Sweeping Beam"],"picked":"Melter","floor":3},{"not_picked":["Barrage","Thunder Strike","Rebound"],"picked":"SKIP","floor":4},{"not_picked":["Stack","Hologram"],"picked":"Beam Cell","floor":5},{"not_picked":["Sunder","Loop","Redo"],"picked":"SKIP","floor":6}],"player_experience":645368,"relics_obtained":[{"floor":6,"key":"Letter Opener"}],"event_choices":[],"is_beta":false,"boss_relics":[],"items_purged_floors":[],"is_endless":false,"potions_floor_spawned":[1,4],"killed_by":"3 Sentries","ascension_level":19}}