{"host":"4ek4eq5z32z3zgvw","time":1610643219,"event":{"mods":["2.2 Compatiblity","AchievementEnabler","Act Like it!","AlwaysNeverKeys","Aspiration","BaseMod","Better Match","Better Note","Better Sensory Stone","Better Third Choice","BetterRewards","Block Reminder","Colored Map","Colored Powertips","DeckTracker","Defuse TimeMaze Blight","Downfall","Energized Spire","Halation","Hubris","Infinite Spire","Minty Spire (QoL Compilation)","Permanent Neow","Quick Restart","Rare Cards Sparkle","Relic Filter","Relic Sorter","Replay The Spire","Shop Mod","Spikes Relics","StSLib","SuperFastMode","Synergy Search","Unceasing Turn Reminder","UnlockEverythingMod","egg","vexMod"],"gold_per_floor":[99,111,121,137,154,183,183,202,37,56,81,81,81,142,159,258,258,258,272,272,30,30,48,48,148,198,198,21,41,41,41,58,155,155,155,32,52,102,121,133,133,133,18,68,98,98,148,148,158,158],"floor_reached":51,"language":"ENG","playtime":3002,"items_purged":["Slimebound:Strike_Slimebound"],"score":766,"play_id":"af6962d2-6fb7-4b5b-a19b-c11274270d53","local_time":"20210114105339","is_ascension_mode":false,"campfire_choices":[{"data":"Slimebound:CorrosiveSpit","floor":1,"key":"SMITH"},{"data":"Slimebound:Replication","floor":13,"key":"SMITH"},{"data":"Slimebound:OneTwoCombo","floor":18,"key":"SMITH"},{"data":"expansioncontent:QuickStudy","floor":30,"key":"SMITH"},{"data":"Slimebound:DuplicatedForm","floor":42,"key":"SMITH"},{"data":"Enlightenment","floor":46,"key":"SMITH"}],"circlet_count":0,"master_deck":["Slimebound:Strike_Slimebound+1","Slimebound:Strike_Slimebound+1","Slimebound:Tackle","Slimebound:Defend_Slimebound","Slimebound:Defend_Slimebound","Slimebound:Split+1","Slimebound:CorrosiveSpit+1","Slimebound:FormOfPuddle","Slimebound:SlimeSpikes","Slimebound:SplitBruiser","Slimebound:Replication+1","Slimebound:SplitMire","Slimebound:Gluttony","Slimebound:FinishingTackle","Slimebound:SamplingLick","Slimebound:DouseInSlime","infinitespire:Starlight","Slimebound:MegaLick","Slimebound:OneTwoCombo+1","Slimebound:Repurpose","Slimebound:LevelUp","Slimebound:GrowthPunch","Slimebound:Nibble","Slimebound:Equalize","Slimebound:RejuvenatingLick","expansioncontent:QuickStudy+1","expansioncontent:DefensiveStance","Slimebound:SlimeSlap","Slimebound:Prepare","Slimebound:SlimeTap","Slimebound:RejuvenatingLick","Slimebound:OozeBath","Slimebound:DuplicatedForm+1","Slimebound:GoopTackle","Slimebound:Replication+1","Slimebound:SlimeBarrage+1","Slimebound:ProtectTheBoss","Enlightenment+1","Slimebound:Darklings","Slimebound:LeadByExample+1"],"relics":["Slimebound:AbsorbEndCombat","aspiration:DSix","energizedSpire:EnergizedDie","Whetstone","Pear","Lee\u0027s Waffle","ReplayTheSpireMod:Ninjato","The Courier","downfall:CloakOfManyFaces","CultistMask","FaceOfCleric","NlothsMask","GremlinMask","SsserpentHead","hubris:RunicObelisk","DollysMirror","halation:EternalFortune","hubris:TinFlute","ClockworkSouvenir","PreservedInsect"],"acts_visited":["Exordium","TheCity","TheBeyond"],"potions_floor_usage":[5,6,11,16,20,28,28,29,29,33,50],"damage_taken":[{"damage":11,"enemies":"Cultist","floor":2,"turns":4},{"damage":14,"enemies":"infinitespire:Voidling","floor":3,"turns":4},{"damage":10,"enemies":"Jaw Worm","floor":4,"turns":5},{"damage":11,"enemies":"Blue Slaver","floor":5,"turns":2},{"damage":39,"enemies":"Lagavulin","floor":6,"turns":4},{"damage":16,"enemies":"3 Louse","floor":8,"turns":3},{"damage":12,"enemies":"downfall:FleeingMerchant","floor":9,"turns":4},{"damage":13,"enemies":"2 Fungi Beasts","floor":10,"turns":3},{"damage":41,"enemies":"3 Sentries","floor":11,"turns":5},{"damage":43,"enemies":"3 Sentries","floor":14,"turns":6},{"damage":17,"enemies":"Blue Slaver","floor":15,"turns":3},{"damage":63,"enemies":"downfall:Silent","floor":16,"turns":8},{"damage":16,"enemies":"Spheric Guardian","floor":19,"turns":3},{"damage":55,"enemies":"Centurion and Healer","floor":20,"turns":4},{"damage":25,"enemies":"downfall:FleeingMerchant","floor":21,"turns":4},{"damage":19,"enemies":"Snecko","floor":23,"turns":3},{"damage":18,"enemies":"downfall:FaceTrader","floor":25,"turns":4},{"damage":44,"enemies":"downfall:FleeingMerchant","floor":28,"turns":5},{"damage":22,"enemies":"Snake Plant","floor":29,"turns":3},{"damage":18,"enemies":"Chosen and Byrds","floor":31,"turns":5},{"damage":12,"enemies":"Cultist and Chosen","floor":32,"turns":6},{"damage":27,"enemies":"downfall:Ironclad","floor":33,"turns":7},{"damage":57,"enemies":"3 Darklings","floor":37,"turns":4},{"damage":9,"enemies":"3 Shapes","floor":39,"turns":4},{"damage":49,"enemies":"Spire Growth","floor":40,"turns":3},{"damage":55,"enemies":"R_Hoarder","floor":45,"turns":8},{"damage":63,"enemies":"Maw","floor":48,"turns":6},{"damage":72,"enemies":"Writhing Mass","floor":49,"turns":4},{"damage":48,"enemies":"downfall:Watcher","floor":50,"turns":8}],"seed_played":"-2275225138032124258","potions_obtained":[{"floor":3,"key":"champ:CounterPotion"},{"floor":5,"key":"Fire Potion"},{"floor":10,"key":"Weak Potion"},{"floor":11,"key":"SpeedPotion"},{"floor":15,"key":"Ancient Potion"},{"floor":19,"key":"champ:CounterPotion"},{"floor":22,"key":"Flashbang"},{"floor":22,"key":"Weak Potion"},{"floor":29,"key":"Weak Potion"},{"floor":45,"key":"SpeedPotion"},{"floor":48,"key":"Adrenaline Potion"},{"floor":49,"key":"Energy Potion"}],"is_trial":false,"path_per_floor":["R_BF","M","M","M","M","E","T","M","$","M","E","?","R","?","M","B",null,"R","M","M","$","?","M","T","?","T","?","$","M","R","M","M","B",null,"R_BF","$","M","?","M","M","T","R","$","?","E","R","?","M","M","B",null],"character_chosen":"SLIMEBOUND","items_purchased":["Lee\u0027s Waffle","Slimebound:LevelUp","Slimebound:ThreeZeroPotion","Slimebound:GrowthPunch","expansioncontent:QuickStudy","expansioncontent:DefensiveStance","Slimebound:SlimeSlap","Slimebound:Prepare","Slimebound:SlimeTap","EssenceOfSteel","Elixir","DollysMirror","ClockworkSouvenir"],"campfire_rested":0,"item_purchase_floors":[9,21,21,21,28,28,28,28,28,28,28,36,43],"current_hp_per_floor":[60,58,58,60,53,34,44,44,77,77,60,41,41,36,41,32,77,77,77,61,77,77,77,77,77,77,77,78,76,76,80,81,82,82,82,82,79,82,87,80,80,80,80,80,86,86,86,90,64,92],"gold":158,"neow_bonus":"UPGRADE_CARD","is_daily":false,"chose_seed":false,"campfire_upgraded":6,"win_rate":0.0,"timestamp":1610643219,"path_taken":["R_BF","M","M","?","M","E","T","?","$","M","E","?","R","?","M","BOSS","R","M","M","$","?","M","T","?","?","?","$","M","R","?","M","BOSS","R_BF","$","M","?","M","M","T","R","$","?","E","R","?","M","M","BOSS"],"items_purchased_type":["Relic","Card","Potion","Card","Card","Card","Card","Card","Card","Potion","Potion","Relic","Relic"],"build_version":"2020-12-22","purchased_purges":1,"victory":true,"max_hp_per_floor":[60,60,60,60,60,60,70,70,77,77,77,77,77,77,77,77,77,77,77,77,77,77,77,77,77,77,77,78,79,79,80,81,82,82,82,82,83,86,87,88,88,88,88,88,89,89,89,90,91,92],"card_choices":[{"not_picked":["Slimebound:PressTheAttack","Slimebound:BestDefense"],"picked":"Slimebound:FormOfPuddle","floor":2},{"not_picked":["Slimebound:BestDefense","Slimebound:Prepare"],"picked":"Slimebound:SlimeSpikes","floor":3},{"not_picked":["Slimebound:Schlurp","Slimebound:LeechEnergy"],"picked":"Slimebound:SplitBruiser","floor":4},{"not_picked":["Slimebound:RainOfGoop","Slimebound:RollThrough"],"picked":"Slimebound:Replication","floor":5},{"not_picked":["Slimebound:FirmFortitude","Slimebound:Gluttony"],"picked":"Slimebound:SplitMire","floor":6},{"not_picked":["Slimebound:SplitMire","Slimebound:BestDefense"],"picked":"Slimebound:Gluttony","floor":8},{"not_picked":["Slimebound:SplitMire","Slimebound:SplitBruiser"],"picked":"Slimebound:FinishingTackle","floor":9},{"not_picked":["Slimebound:ViciousTackle","Slimebound:SplitLeeching"],"picked":"Slimebound:SamplingLick","floor":10},{"not_picked":["Slimebound:HauntingLick","Slimebound:SlimeSlap"],"picked":"Slimebound:DouseInSlime","floor":11},{"not_picked":["infinitespire:DeathsTouch","infinitespire:SevenWalls"],"picked":"infinitespire:Starlight","floor":12},{"not_picked":["Slimebound:SplitAcid","Slimebound:ForwardTackle"],"picked":"Slimebound:MegaLick","floor":14},{"not_picked":["Slimebound:PressTheAttack","Slimebound:LeechingTouch","Slimebound:BestDefense"],"picked":"SKIP","floor":15},{"not_picked":["Slimebound:DouseInSlime","Slimebound:Teamwork"],"picked":"Slimebound:OneTwoCombo","floor":16},{"not_picked":["Slimebound:SplitAcid","Slimebound:GoopSpray","Slimebound:ComboTackle"],"picked":"SKIP","floor":19},{"not_picked":["Slimebound:ViciousTackle","Slimebound:TongueLash","Slimebound:GrowthPunch+1"],"picked":"SKIP","floor":20},{"not_picked":["Slimebound:Prepare","Slimebound:LeechEnergy"],"picked":"Slimebound:Repurpose","floor":21},{"not_picked":["Slimebound:BestDefense","Slimebound:GrowthPunch+1"],"picked":"Slimebound:Nibble","floor":23},{"not_picked":["Slimebound:LeechingTouch","Slimebound:ViciousTackle"],"picked":"Slimebound:RejuvenatingLick","floor":28},{"not_picked":["Slimebound:ItLooksTasty","Slimebound:SplitMire"],"picked":"Slimebound:RejuvenatingLick","floor":29},{"not_picked":["Slimebound:Chomp","Slimebound:RollThrough+1","Slimebound:SplitBruiser"],"picked":"SKIP","floor":31},{"not_picked":["Slimebound:SplitBruiser","Slimebound:SamplingLick"],"picked":"Slimebound:OozeBath","floor":32},{"not_picked":["Slimebound:Overexert","Slimebound:MassFeed"],"picked":"Slimebound:DuplicatedForm","floor":33},{"not_picked":["Slimebound:Grow","Slimebound:LeechEnergy+1","Slimebound:GoopSpray+1"],"picked":"SKIP","floor":37},{"not_picked":["Slimebound:Equalize+1","Slimebound:SamplingLick"],"picked":"Slimebound:SlimeBarrage+1","floor":39},{"not_picked":["Slimebound:SplitLeeching","Slimebound:LeechingTouch"],"picked":"Slimebound:ProtectTheBoss","floor":40},{"not_picked":["PlatinumSkin","Good Instincts"],"picked":"Enlightenment","floor":44},{"not_picked":["Slimebound:ItLooksTasty+1","Slimebound:LeechEnergy+1","Slimebound:FinishingTackle+1"],"picked":"SKIP","floor":45},{"not_picked":["Slimebound:FormOfPuddle","Slimebound:GoopSpray+1","Slimebound:SlimeSpikes"],"picked":"SKIP","floor":48},{"not_picked":["Slimebound:FirmFortitude+1","Slimebound:FinishingTackle"],"picked":"Slimebound:LeadByExample+1","floor":49}],"player_experience":603046,"relics_obtained":[{"floor":6,"key":"Whetstone"},{"floor":7,"key":"Pear"},{"floor":11,"key":"ReplayTheSpireMod:Ninjato"},{"floor":14,"key":"The Courier"},{"floor":24,"key":"aspiration:DSix"},{"floor":25,"key":"downfall:CloakOfManyFaces"},{"floor":41,"key":"hubris:TinFlute"},{"floor":45,"key":"PreservedInsect"}],"event_choices":[{"damage_healed":0,"gold_gain":0,"player_choice":"Got Potions","damage_taken":0,"max_hp_gain":0,"max_hp_loss":0,"event_name":"Lab","floor":22,"gold_loss":0},{"damage_healed":0,"gold_gain":0,"cards_transformed":["Slimebound:Defend_Slimebound"],"player_choice":"Transformed","damage_taken":0,"max_hp_gain":0,"max_hp_loss":0,"event_name":"Transmorgrifier","floor":27,"gold_loss":0,"cards_obtained":["Slimebound:Equalize"]},{"damage_healed":0,"gold_gain":3,"player_choice":"1","damage_taken":0,"max_hp_gain":0,"max_hp_loss":0,"event_name":"betterStone:BetterStone","floor":44,"gold_loss":0}],"is_beta":false,"boss_relics":[{"not_picked":["hubris:HollowSoul","vexMod:TanglingVine"],"picked":"energizedSpire:EnergizedDie"},{"not_picked":["aspiration:RunicSpoon","aspiration:RitualDagger"],"picked":"hubris:RunicObelisk"}],"items_purged_floors":[21],"is_endless":false,"potions_floor_spawned":[3,5,10,11,15,19,23,29,45,48,49],"ascension_level":0}}