{"host":"04hh9gplt9wkfmr1","time":1610637267,"event":{"mods":["AchievementEnabler","BaseMod","Colored Map","KOR Keyword Fix","Minty Spire (QoL Compilation)","Rare Cards Sparkle","SuperFastMode"],"gold_per_floor":[363,313,331,308,383,414,414,429,429,429,484,484,516,532,532,629,629,639,653,752,787,807,807,807,807,861,861,879,896,896,896],"floor_reached":30,"language":"KOR","playtime":1464,"items_purged":[],"score":238,"play_id":"21ae0a0f-9151-443f-8621-c05b7646db4d","local_time":"20210115001427","is_ascension_mode":false,"campfire_choices":[{"floor":7.0,"key":"REST"},{"data":"Eruption","floor":10.0,"key":"SMITH"},{"data":"BattleHymn","floor":12.0,"key":"SMITH"},{"floor":15.0,"key":"REST"},{"floor":23,"key":"REST"},{"data":"DeusExMachina","floor":25,"key":"SMITH"},{"data":"LikeWater","floor":27,"key":"SMITH"}],"circlet_count":0,"master_deck":["Strike_P","Strike_P","Strike_P","Strike_P","Defend_P","Defend_P","Defend_P","Defend_P","Eruption+1","Vigilance","WindmillStrike","InnerPeace","Consecrate","Perseverance","LikeWater+1","BattleHymn+1","InnerPeace","Meditate","DeusExMachina+1","ClearTheMind","Evaluate","Crescendo+1","EmptyFist","CrushJoints","WaveOfTheHand+1"],"relics":["HolyWater","InkBottle","Bottled Lightning","Boot","Pen Nib","Red Mask","MutagenicStrength","Centennial Puzzle"],"acts_visited":["Exordium","TheCity"],"potions_floor_usage":[28,28,28],"damage_taken":[{"damage":7.0,"enemies":"Cultist","floor":1.0,"turns":4.0},{"damage":4.0,"enemies":"2 Louse","floor":3.0,"turns":2.0},{"damage":21.0,"enemies":"Lagavulin","floor":6.0,"turns":6.0},{"damage":0.0,"enemies":"Small Slimes","floor":8.0,"turns":4.0},{"damage":7.0,"enemies":"3 Sentries","floor":11.0,"turns":8.0},{"damage":17.0,"enemies":"Gremlin Nob","floor":13.0,"turns":4.0},{"damage":7.0,"enemies":"Blue Slaver","floor":14.0,"turns":4.0},{"damage":27.0,"enemies":"The Guardian","floor":16.0,"turns":8.0},{"damage":15,"enemies":"2 Thieves","floor":18,"turns":3},{"damage":3,"enemies":"Shell Parasite","floor":19,"turns":5},{"damage":16,"enemies":"Masked Bandits","floor":21,"turns":4},{"damage":8,"enemies":"Shelled Parasite and Fungi","floor":22,"turns":4},{"damage":5,"enemies":"Snecko","floor":28,"turns":3},{"damage":16,"enemies":"Centurion and Healer","floor":29,"turns":6},{"damage":35,"enemies":"Book of Stabbing","floor":30,"turns":3}],"seed_played":"4717784343669621710","potions_obtained":[{"floor":3.0,"key":"StancePotion"},{"floor":8.0,"key":"LiquidMemories"},{"floor":14.0,"key":"Ambrosia"},{"floor":16.0,"key":"DistilledChaos"},{"floor":21,"key":"ColorlessPotion"},{"floor":22,"key":"PowerPotion"}],"is_trial":false,"path_per_floor":["M","?","M","$","?","E","R","M","T","R","?","R","E","M","R","B",null,"M","M","?","?","M","R","?","R","T","R","M","M","E"],"character_chosen":"WATCHER","items_purchased":["Consecrate"],"campfire_rested":3,"item_purchase_floors":[4],"current_hp_per_floor":[65,65,61,61,50,29,50,50,50,50,43,43,26,19,40,13,72,57,54,54,38,30,51,51,51,51,51,46,30,0,0],"gold":896,"neow_bonus":"TWO_FIFTY_GOLD","is_daily":false,"chose_seed":false,"campfire_upgraded":4,"win_rate":0.0,"timestamp":1610637267,"path_taken":["M","?","M","$","?","E","R","M","T","R","?","R","E","M","R","BOSS","M","M","?","?","?","R","?","R","T","R","M","M","E"],"items_purchased_type":["Card"],"build_version":"2020-12-22","purchased_purges":0,"victory":false,"max_hp_per_floor":[72,72,72,72,72,72,72,72,72,72,72,72,72,72,72,72,72,72,72,72,72,72,72,72,72,72,72,72,72,72,72],"card_choices":[{"not_picked":["EmptyBody","FollowUp"],"picked":"WindmillStrike","floor":1.0},{"not_picked":["BattleHymn","SashWhip"],"picked":"InnerPeace","floor":3.0},{"not_picked":["SashWhip","BowlingBash"],"picked":"Perseverance","floor":6.0},{"not_picked":["ClearTheMind","FollowUp"],"picked":"LikeWater","floor":8.0},{"not_picked":["ThirdEye","SashWhip"],"picked":"BattleHymn","floor":11.0},{"not_picked":["CutThroughFate","Pray"],"picked":"InnerPeace","floor":13.0},{"not_picked":["Consecrate","BowlingBash"],"picked":"Meditate","floor":14.0},{"not_picked":["Scrawl","LessonLearned"],"picked":"DeusExMachina","floor":16.0},{"not_picked":["DeceiveReality","Consecrate"],"picked":"ClearTheMind","floor":18},{"not_picked":["Consecrate","SashWhip"],"picked":"Evaluate","floor":19},{"not_picked":["FlyingSleeves+1","WaveOfTheHand"],"picked":"Crescendo+1","floor":21},{"not_picked":["Consecrate","Protect"],"picked":"EmptyFist","floor":22},{"not_picked":["Brilliance","EmptyFist"],"picked":"CrushJoints","floor":28},{"not_picked":["CarveReality","Worship+1"],"picked":"WaveOfTheHand+1","floor":29}],"player_experience":26781,"relics_obtained":[{"floor":6.0,"key":"InkBottle"},{"floor":9.0,"key":"Bottled Lightning"},{"floor":11.0,"key":"Boot"},{"floor":13.0,"key":"Pen Nib"},{"floor":21,"key":"Red Mask"},{"floor":26,"key":"Centennial Puzzle"}],"event_choices":[{"cards_removed":["Regret"],"damage_healed":0.0,"max_hp_gain":0.0,"max_hp_loss":0.0,"gold_gain":0.0,"event_name":"The Cleric","player_choice":"Card Removal","floor":2.0,"gold_loss":50.0,"damage_taken":0.0},{"damage_healed":0.0,"max_hp_gain":0.0,"max_hp_loss":0.0,"gold_gain":75.0,"event_name":"World of Goop","player_choice":"Gather Gold","floor":5.0,"gold_loss":0.0,"damage_taken":11.0},{"damage_healed":0.0,"max_hp_gain":0.0,"max_hp_loss":0.0,"gold_gain":0.0,"event_name":"Dead Adventurer","player_choice":"Searched \u00272\u0027 times","floor":11.0,"gold_loss":0.0,"damage_taken":0.0},{"damage_healed":0,"gold_gain":99,"player_choice":"Stole From Cult","damage_taken":0,"max_hp_gain":0,"max_hp_loss":0,"event_name":"Nest","floor":20,"gold_loss":0},{"damage_healed":0,"gold_gain":0,"player_choice":"Fought Bandits","damage_taken":0,"max_hp_gain":0,"max_hp_loss":0,"event_name":"Masked Bandits","floor":21,"gold_loss":0},{"damage_healed":0,"gold_gain":0,"player_choice":"Inject Mutagens","damage_taken":0,"relics_obtained":["MutagenicStrength"],"max_hp_gain":0,"max_hp_loss":0,"event_name":"Drug Dealer","floor":24,"gold_loss":0}],"is_beta":false,"boss_relics":[{"not_picked":["SlaversCollar","Tiny House"],"picked":"HolyWater"}],"items_purged_floors":[],"is_endless":false,"potions_floor_spawned":[3,8,14,16,21,22],"killed_by":"Book of Stabbing","ascension_level":0}}