{"host":"zxkjcgzis4pm3za5","time":1610646894,"event":{"mods":["AchievementEnabler","Act Like it!","BaseMod","Colored Map","Colored Powertips","Friendly Minions","GifTheSpireLib","Minty Spire (QoL Compilation)","Quick Restart","RNG Fix","Random Character Button","Relic Sorter","Relic Stats","StSLib"],"gold_per_floor":[211,231,156,156,170,187,219,219,245,263,413,413,254,280,280,359,359,379,391,391,409,409,439,46,64,91,91,126,126,126],"floor_reached":29,"language":"ENG","playtime":994,"items_purged":["Doubt","Strike_R"],"score":478,"play_id":"2378e7ad-ac7a-40de-9263-127aa17c4df9","local_time":"20210114232454","is_ascension_mode":true,"campfire_choices":[{"data":"Anger","floor":8,"key":"SMITH"},{"data":"Combust","floor":12,"key":"SMITH"},{"floor":15,"key":"REST"},{"floor":27,"key":"REST"}],"circlet_count":0,"master_deck":["AscendersBane","Strike_R","Strike_R","Defend_R+1","Defend_R","Defend_R","Defend_R","Bash","Uppercut+1","Burning Pact","Combust+1","Wild Strike","Anger+1","Power Through","Dropkick","Shrug It Off+1","Blood for Blood","Offering+1","Armaments+1","Seeing Red+1","Heavy Blade+1","Pummel","Rupture","Dual Wield","Dark Embrace","Hemokinesis"],"relics":["Burning Blood","Shuriken","Boot","Orichalcum","Fusion Hammer","Omamori","Vajra","Toy Ornithopter","War Paint"],"acts_visited":["TheCity"],"potions_floor_usage":[14,16,18,23,23,29],"damage_taken":[{"damage":8,"enemies":"Small Slimes","floor":1,"turns":6},{"damage":4,"enemies":"Cultist","floor":2,"turns":3},{"damage":4,"enemies":"Jaw Worm","floor":5,"turns":4},{"damage":18,"enemies":"Gremlin Gang","floor":6,"turns":4},{"damage":30,"enemies":"3 Sentries","floor":7,"turns":6},{"damage":15,"enemies":"2 Fungi Beasts","floor":10,"turns":4},{"damage":17,"enemies":"Lagavulin","floor":14,"turns":5},{"damage":28,"enemies":"Slime Boss","floor":16,"turns":7},{"damage":15,"enemies":"Spheric Guardian","floor":18,"turns":4},{"damage":6,"enemies":"Chosen","floor":19,"turns":4},{"damage":15,"enemies":"Snecko","floor":21,"turns":5},{"damage":34,"enemies":"Book of Stabbing","floor":23,"turns":5},{"damage":7,"enemies":"Snake Plant","floor":25,"turns":4},{"damage":36,"enemies":"Slavers","floor":28,"turns":7},{"damage":14,"enemies":"Shelled Parasite and Fungi","floor":29,"turns":1}],"seed_played":"8640285719277664026","potions_obtained":[{"floor":1,"key":"SteroidPotion"},{"floor":5,"key":"PowerPotion"},{"floor":7,"key":"ColorlessPotion"},{"floor":14,"key":"BlessingOfTheForge"},{"floor":16,"key":"Block Potion"},{"floor":18,"key":"EssenceOfSteel"},{"floor":19,"key":"EssenceOfSteel"},{"floor":28,"key":"PowerPotion"}],"is_trial":false,"path_per_floor":["M","M","?","?","M","M","E","R","T","M","?","R","$","E","R","B",null,"M","M","?","M","?","E","$","M","T","R","E","M"],"character_chosen":"IRONCLAD","items_purchased":["Dropkick","Shrug It Off","Rupture","Vajra","Dual Wield"],"campfire_rested":2,"item_purchase_floors":[13,13,24,24,24],"current_hp_per_floor":[66,68,68,68,70,58,34,34,34,25,25,25,25,14,36,14,60,51,51,51,42,42,14,14,13,13,35,7,0,0],"gold":126,"neow_bonus":"HUNDRED_GOLD","is_daily":false,"chose_seed":false,"campfire_upgraded":2,"win_rate":0.0,"timestamp":1610646894,"path_taken":["M","M","?","?","M","M","E","R","T","M","?","R","$","E","R","BOSS","M","M","?","M","?","E","$","?","T","R","E","?"],"items_purchased_type":["Card","Card","Card","Relic","Card"],"build_version":"2020-12-22","purchased_purges":2,"victory":false,"max_hp_per_floor":[75,75,75,75,75,75,75,75,75,75,75,75,75,75,75,75,75,75,75,75,75,75,75,75,75,75,75,75,75,75],"relic_stats":{"counters":[15,69],"Shuriken":[13],"Orichalcum":[102],"War Paint":["Shrug It Off","Defend_R"],"Boot":[19],"obtain_stats":[{"Shuriken":7,"Vajra":24,"Fusion Hammer":17,"Omamori":23,"Orichalcum":14,"War Paint":28,"Boot":9,"Burning Blood":0,"Toy Ornithopter":26},{"Shuriken":5,"Vajra":12,"Fusion Hammer":8,"Omamori":12,"Orichalcum":7,"War Paint":14,"Boot":5,"Burning Blood":0,"Toy Ornithopter":13},{"Shuriken":23,"Vajra":57,"Fusion Hammer":39,"Omamori":57,"Orichalcum":32,"War Paint":68,"Boot":23,"Burning Blood":0,"Toy Ornithopter":61}],"Burning Blood":84,"Toy Ornithopter":5},"card_choices":[{"not_picked":["Intimidate","Armaments"],"picked":"Uppercut","floor":1},{"not_picked":["Sword Boomerang","Sentinel"],"picked":"Burning Pact","floor":2},{"not_picked":["Iron Wave","Clothesline"],"picked":"Combust","floor":5},{"not_picked":["Infernal Blade","Thunderclap"],"picked":"Wild Strike","floor":6},{"not_picked":["Perfected Strike","Juggernaut"],"picked":"Anger","floor":7},{"not_picked":["Thunderclap","Havoc"],"picked":"Power Through","floor":10},{"not_picked":["Bludgeon","Sentinel"],"picked":"Blood for Blood","floor":14},{"not_picked":["Demon Form","Limit Break"],"picked":"Offering","floor":16},{"not_picked":["Clash","Dark Embrace"],"picked":"Armaments+1","floor":18},{"not_picked":["Cleave","Infernal Blade"],"picked":"Seeing Red+1","floor":19},{"not_picked":["Thunderclap","Hemokinesis"],"picked":"Heavy Blade+1","floor":21},{"not_picked":["Twin Strike","Shrug It Off"],"picked":"Pummel","floor":23},{"not_picked":["True Grit","Havoc"],"picked":"Dark Embrace","floor":25},{"not_picked":["Spot Weakness","Second Wind"],"picked":"Hemokinesis","floor":28}],"player_experience":221599,"relics_obtained":[{"floor":7,"key":"Shuriken"},{"floor":9,"key":"Boot"},{"floor":14,"key":"Orichalcum"},{"floor":23,"key":"Omamori"},{"floor":26,"key":"Toy Ornithopter"},{"floor":28,"key":"War Paint"}],"event_choices":[{"cards_removed":["Strike_R"],"damage_healed":0,"gold_gain":0,"player_choice":"Card Removal","damage_taken":0,"max_hp_gain":0,"max_hp_loss":0,"event_name":"The Cleric","floor":3,"gold_loss":75},{"damage_healed":0,"gold_gain":0,"player_choice":"Grow","damage_taken":0,"max_hp_gain":0,"max_hp_loss":0,"event_name":"Living Wall","floor":4,"gold_loss":0,"cards_upgraded":["Uppercut"]},{"damage_healed":0,"gold_gain":150,"player_choice":"AGREE","damage_taken":0,"max_hp_gain":0,"max_hp_loss":0,"event_name":"Liars Game","floor":11,"gold_loss":0,"cards_obtained":["Doubt"]},{"cards_removed":["Strike_R"],"damage_healed":0,"gold_gain":0,"player_choice":"Elegance","damage_taken":0,"max_hp_gain":0,"max_hp_loss":0,"event_name":"Back to Basics","floor":20,"gold_loss":0},{"damage_healed":0,"gold_gain":0,"player_choice":"Upgraded","damage_taken":0,"max_hp_gain":0,"max_hp_loss":0,"event_name":"Upgrade Shrine","floor":22,"gold_loss":0,"cards_upgraded":["Offering"]}],"is_beta":false,"boss_relics":[{"not_picked":["Runic Dome","Black Blood"],"picked":"Fusion Hammer"}],"items_purged_floors":[13,24],"is_endless":false,"potions_floor_spawned":[1,5,7,14,16,18,19,28],"killed_by":"Shelled Parasite and Fungi","ascension_level":15}}