{"host":"f0gpob8hq9vgebej","time":1610582689,"event":{"mods":["AchievementEnabler","BaseMod","Minty Spire (QoL Compilation)","Quick Restart","SuperFastMode"],"gold_per_floor":[111,127,140,140,158,158,158,158,183,203,230,230,240,240,240,337,337,354,130,130,145,1,1,1,1,26,38,38],"floor_reached":27,"language":"KOR","playtime":430,"items_purged":["Strike_B"],"score":253,"play_id":"74cf907a-23f1-438e-ae92-dd3d065881ed","local_time":"20210114090449","is_ascension_mode":true,"campfire_choices":[{"data":"Zap","floor":6.0,"key":"SMITH"},{"data":"Barrage","floor":8.0,"key":"SMITH"},{"data":"Ball Lightning","floor":12.0,"key":"SMITH"},{"floor":15.0,"key":"REST"},{"data":"Creative AI","floor":23.0,"key":"SMITH"},{"data":"Double Energy","floor":25.0,"key":"SMITH"}],"circlet_count":0,"master_deck":["Strike_B","Strike_B","Defend_B","Defend_B","Defend_B","Zap+1","Dualcast","Barrage+1","Ball Lightning+1","Creative AI+1","Force Field","Writhe","Double Energy+1","Conserve Battery"],"relics":["Cracked Core","Oddly Smooth Stone","Boot","SlaversCollar","Art of War","Blood Vial","Orrery","MawBank"],"acts_visited":["TheCity"],"potions_floor_usage":[27,27],"damage_taken":[{"damage":12.0,"enemies":"Small Slimes","floor":1.0,"turns":4.0},{"damage":4.0,"enemies":"2 Louse","floor":2.0,"turns":2.0},{"damage":2.0,"enemies":"Jaw Worm","floor":3.0,"turns":3.0},{"damage":12.0,"enemies":"3 Louse","floor":5.0,"turns":4.0},{"damage":0.0,"enemies":"Looter","floor":10.0,"turns":3.0},{"damage":22.0,"enemies":"3 Sentries","floor":11.0,"turns":6.0},{"damage":13.0,"enemies":"Blue Slaver","floor":13.0,"turns":3.0},{"damage":18.0,"enemies":"Slime Boss","floor":16.0,"turns":8.0},{"damage":12.0,"enemies":"Chosen","floor":18.0,"turns":4.0},{"damage":27.0,"enemies":"Spheric Guardian","floor":21.0,"turns":4.0},{"damage":33,"enemies":"Slavers","floor":27,"turns":2}],"seed_played":"8133386464726735621","potions_obtained":[{"floor":2.0,"key":"Regen Potion"},{"floor":3.0,"key":"BlessingOfTheForge"},{"floor":5.0,"key":"SteroidPotion"},{"floor":10.0,"key":"SpeedPotion"},{"floor":18.0,"key":"SteroidPotion"}],"is_trial":false,"path_per_floor":["M","M","M","?","M","R","?","R","T","M","E","R","M","?","R","B",null,"M","$","?","M","$","R","?","R","T","E"],"character_chosen":"DEFECT","items_purchased":["Art of War","Orrery"],"campfire_rested":1,"item_purchase_floors":[19,22],"current_hp_per_floor":[56,52,50,50,38,38,38,38,38,38,31,31,18,18,38,20,68,56,56,56,31,31,31,31,31,31,0,0],"gold":38,"neow_bonus":"REMOVE_TWO","is_daily":false,"chose_seed":false,"campfire_upgraded":5,"win_rate":0.0,"timestamp":1610582689,"path_taken":["M","M","M","?","M","R","?","R","T","M","E","R","M","?","R","BOSS","M","$","?","M","$","R","?","R","T","E"],"items_purchased_type":["Relic","Relic"],"build_version":"2020-12-22","purchased_purges":1,"victory":false,"max_hp_per_floor":[68,68,68,68,68,68,68,68,68,68,68,68,68,68,68,68,68,68,68,68,68,68,68,68,68,68,68,68],"card_choices":[{"not_picked":["Barrage","Rebound","Chaos"],"picked":"SKIP","floor":1.0},{"not_picked":["Rebound","Chaos"],"picked":"Barrage","floor":1.0},{"not_picked":["Gash","Cold Snap","Sweeping Beam"],"picked":"SKIP","floor":2.0},{"not_picked":["Cold Snap","Hello World","Stack"],"picked":"SKIP","floor":3.0},{"not_picked":["Sweeping Beam","Rebound","Beam Cell"],"picked":"SKIP","floor":5.0},{"not_picked":["BootSequence","Turbo"],"picked":"Ball Lightning","floor":10.0},{"not_picked":["Gash","Stack","Steam Power"],"picked":"SKIP","floor":11.0},{"not_picked":["Darkness","Sweeping Beam","Beam Cell"],"picked":"SKIP","floor":13.0},{"not_picked":["Meteor Strike","Thunder Strike"],"picked":"Creative AI","floor":16.0},{"not_picked":["Beam Cell+1","Hologram"],"picked":"Force Field","floor":18.0},{"not_picked":["Redo","Streamline+1","Steam Power"],"picked":"SKIP","floor":21.0},{"not_picked":["Cold Snap","Redo"],"picked":"Double Energy","floor":22.0},{"not_picked":["Machine Learning","Double Energy"],"picked":"Conserve Battery","floor":22.0}],"player_experience":149503,"relics_obtained":[{"floor":9.0,"key":"Oddly Smooth Stone"},{"floor":11.0,"key":"Boot"},{"floor":26.0,"key":"MawBank"}],"event_choices":[{"damage_healed":0.0,"max_hp_gain":0.0,"max_hp_loss":0.0,"gold_gain":0.0,"event_name":"Golden Idol","player_choice":"Ignored","floor":4.0,"gold_loss":0.0,"damage_taken":0.0},{"damage_healed":0.0,"max_hp_gain":0.0,"max_hp_loss":0.0,"gold_gain":0.0,"event_name":"Shining Light","player_choice":"Ignored","floor":7.0,"gold_loss":0.0,"damage_taken":0.0},{"damage_healed":0.0,"max_hp_gain":0.0,"max_hp_loss":0.0,"gold_gain":0.0,"event_name":"Liars Game","player_choice":"Ignored","floor":14.0,"gold_loss":0.0,"damage_taken":0.0},{"damage_healed":0.0,"max_hp_gain":0.0,"max_hp_loss":0.0,"gold_gain":0.0,"event_name":"The Mausoleum","player_choice":"Opened","floor":20.0,"gold_loss":0.0,"damage_taken":0.0,"relics_obtained":["Blood Vial"],"cards_obtained":["Writhe"]},{"damage_healed":0.0,"max_hp_gain":0.0,"max_hp_loss":0.0,"gold_gain":0.0,"event_name":"Vampires","player_choice":"Ignored","floor":24.0,"gold_loss":0.0,"damage_taken":0.0}],"is_beta":false,"boss_relics":[{"not_picked":["Sozu","SacredBark"],"picked":"SlaversCollar"}],"items_purged_floors":[19],"is_endless":false,"potions_floor_spawned":[2,3,5,10,18],"killed_by":"Slavers","ascension_level":4}}