{"host":"wwo1kwxjf4eyz37q","time":1610636187,"event":{"mods":["AchievementEnabler","BaseMod","Colored Map","Minty Spire (QoL Compilation)","Quick Restart","SuperFastMode"],"gold_per_floor":[18,18,18,29,39,39,39,71,148,160,193,193,218,228,228,332,332,349,359,370,381,68,94,94,124,149,149,149,177,177,26,26,123,423,433,453,1,14,64,64,76,76,100,100,113,113,131,131,131,131],"floor_reached":51,"language":"KOR","playtime":2015,"items_purged":["Strike_P","Decay","Strike_P"],"score":1020,"play_id":"192a2285-a78d-44f9-b28d-eb843a3bba8e","local_time":"20210114235627","is_ascension_mode":true,"campfire_choices":[{"data":"Eruption","floor":6.0,"key":"SMITH"},{"floor":12.0,"key":"REST"},{"data":"Eruption","floor":15.0,"key":"SMITH"},{"floor":24.0,"key":"REST"},{"floor":28.0,"key":"REST"},{"floor":30.0,"key":"REST"},{"data":"1","floor":32.0,"key":"LIFT"},{"data":"2","floor":40,"key":"LIFT"},{"data":"3","floor":42,"key":"LIFT"},{"floor":46,"key":"REST"},{"floor":49,"key":"REST"}],"circlet_count":0,"master_deck":["Strike_P+1","Strike_P+1","Defend_P","Defend_P+1","Defend_P","Defend_P","Eruption+1","Vigilance+1","Brilliance","Eruption+1","Halt+1","Meditate","Adaptation","LessonLearned+1","Vault+1","CurseOfTheBell","Vault+1"],"relics":["PureWater","Art of War","Matryoshka","Lantern","CaptainsWheel","Fusion Hammer","Bottled Tornado","Anchor","Girya","InkBottle","Damaru","Du-Vu Doll","Calling Bell","Bronze Scales","Yang","Old Coin","TeardropLocket","Unceasing Top","Shuriken","Bag of Preparation"],"acts_visited":["Exordium","TheCity","TheBeyond"],"potions_floor_usage":[50,50,50,50],"damage_taken":[{"damage":0.0,"enemies":"Cultist","floor":1.0,"turns":2.0},{"damage":0.0,"enemies":"Small Slimes","floor":4.0,"turns":2.0},{"damage":0.0,"enemies":"Jaw Worm","floor":5.0,"turns":4.0},{"damage":28.0,"enemies":"Lagavulin","floor":8.0,"turns":3.0},{"damage":11.0,"enemies":"Large Slime","floor":10.0,"turns":3.0},{"damage":0.0,"enemies":"Gremlin Nob","floor":11.0,"turns":2.0},{"damage":23.0,"enemies":"Lagavulin","floor":13.0,"turns":4.0},{"damage":0.0,"enemies":"3 Louse","floor":14.0,"turns":2.0},{"damage":8.0,"enemies":"Slime Boss","floor":16.0,"turns":6.0},{"damage":0.0,"enemies":"Spheric Guardian","floor":18.0,"turns":2.0},{"damage":22.0,"enemies":"2 Thieves","floor":19.0,"turns":4.0},{"damage":0.0,"enemies":"Cultist and Chosen","floor":20.0,"turns":4.0},{"damage":23.0,"enemies":"Snecko","floor":21.0,"turns":5.0},{"damage":2.0,"enemies":"Book of Stabbing","floor":23.0,"turns":4.0},{"damage":17.0,"enemies":"Slavers","floor":25.0,"turns":7.0},{"damage":3.0,"enemies":"Gremlin Leader","floor":29.0,"turns":6.0},{"damage":47.0,"enemies":"Automaton","floor":33.0,"turns":8.0},{"damage":7.0,"enemies":"3 Shapes","floor":35.0,"turns":4.0},{"damage":0.0,"enemies":"3 Darklings","floor":36.0,"turns":6.0},{"damage":0,"enemies":"Spire Growth","floor":38,"turns":4},{"damage":5,"enemies":"Mind Bloom Boss Battle","floor":39,"turns":9},{"damage":10,"enemies":"Maw","floor":41,"turns":8},{"damage":0,"enemies":"Transient","floor":45,"turns":7},{"damage":17,"enemies":"3 Darklings","floor":47,"turns":6},{"damage":16,"enemies":"Donu and Deca","floor":50,"turns":6}],"seed_played":"191747935670107971","potions_obtained":[{"floor":1.0,"key":"BlessingOfTheForge"},{"floor":5.0,"key":"Block Potion"},{"floor":13.0,"key":"EssenceOfSteel"},{"floor":19.0,"key":"Block Potion"},{"floor":25.0,"key":"AttackPotion"},{"floor":33.0,"key":"EntropicBrew"},{"floor":36.0,"key":"DuplicationPotion"},{"floor":38,"key":"PowerPotion"},{"floor":39,"key":"DuplicationPotion"}],"is_trial":false,"path_per_floor":["M","?","$","M","M","R","?","E","T","M","E","R","E","M","R","B",null,"M","M","M","M","$","E","R","E","T","?","R","E","R","$","R","B",null,"M","M","$","M","?","R","M","R","T","?","M","R","M","?","R","B",null],"character_chosen":"WATCHER","items_purchased":["Bottled Tornado","SkillPotion","TeardropLocket","LiquidMemories"],"campfire_rested":6,"item_purchase_floors":[22,31,37,37],"current_hp_per_floor":[65,65,65,65,65,65,65,37,37,26,26,47,24,24,24,16,58,58,36,36,13,13,11,32,15,15,15,36,33,54,54,54,7,56,49,49,49,49,44,44,34,34,34,34,34,55,38,38,58,42],"gold":131,"neow_bonus":"THREE_RARE_CARDS","is_daily":false,"chose_seed":false,"campfire_upgraded":2,"win_rate":0.0,"timestamp":1610636187,"path_taken":["M","?","$","?","M","R","?","E","T","M","E","R","E","M","R","BOSS","M","M","M","M","$","E","R","E","T","?","R","E","R","$","R","BOSS","M","M","$","M","?","R","M","R","T","?","M","R","M","?","R","BOSS"],"items_purchased_type":["Relic","Potion","Relic","Potion"],"build_version":"2020-12-22","purchased_purges":3,"victory":true,"max_hp_per_floor":[72,72,72,72,72,72,72,72,72,72,72,72,72,72,72,72,72,72,72,72,72,72,72,72,72,72,72,72,72,72,72,72,72,72,72,72,72,72,72,72,72,72,72,72,72,72,72,68,68,68],"card_choices":[{"not_picked":["Ragnarok","Alpha"],"picked":"Brilliance","floor":0.0},{"not_picked":["DeceiveReality","Indignation","FollowUp"],"picked":"SKIP","floor":1.0},{"not_picked":["Meditate","CrushJoints","Prostrate"],"picked":"SKIP","floor":4.0},{"not_picked":["Meditate","CrushJoints","Prostrate"],"picked":"SKIP","floor":4.0},{"not_picked":["Consecrate","JustLucky","ThirdEye"],"picked":"SKIP","floor":5.0},{"not_picked":["Establishment","EmptyFist","Nirvana"],"picked":"SKIP","floor":8.0},{"not_picked":["Swivel","Evaluate"],"picked":"Halt","floor":10.0},{"not_picked":["Vengeance","ThirdEye","CutThroughFate"],"picked":"SKIP","floor":11.0},{"not_picked":["CrushJoints","Pray"],"picked":"Meditate","floor":13.0},{"not_picked":["Conclude","Prostrate"],"picked":"Adaptation","floor":14.0},{"not_picked":["Devotion","DevaForm"],"picked":"LessonLearned","floor":16.0},{"not_picked":["Study","Prostrate","FlyingSleeves"],"picked":"SKIP","floor":18.0},{"not_picked":["EmptyFist","Crescendo+1","FlurryOfBlows+1"],"picked":"SKIP","floor":19.0},{"not_picked":["SignatureMove","CutThroughFate+1","PathToVictory"],"picked":"SKIP","floor":20.0},{"not_picked":["Protect","Nirvana+1","Crescendo"],"picked":"SKIP","floor":21.0},{"not_picked":["Meditate","FollowUp+1","ForeignInfluence+1"],"picked":"SKIP","floor":23.0},{"not_picked":["Worship","SashWhip","Prostrate"],"picked":"SKIP","floor":25.0},{"not_picked":["Conclude","WindmillStrike","EmptyBody+1"],"picked":"SKIP","floor":29.0},{"not_picked":["Establishment","Omniscience"],"picked":"Vault","floor":33.0},{"not_picked":["Protect","EmptyFist+1","CrushJoints+1"],"picked":"SKIP","floor":35.0},{"not_picked":["ClearTheMind+1","Halt","FlyingSleeves+1"],"picked":"SKIP","floor":36.0},{"not_picked":["Weave","Prostrate","Protect"],"picked":"SKIP","floor":38},{"not_picked":["Prostrate","LikeWater+1"],"picked":"Vault","floor":39},{"not_picked":["FlurryOfBlows+1","Weave+1","PathToVictory"],"picked":"SKIP","floor":41},{"not_picked":["Pray","Prostrate","Halt"],"picked":"SKIP","floor":45},{"not_picked":["Prostrate+1","PathToVictory+1","ReachHeaven+1"],"picked":"SKIP","floor":47}],"player_experience":226786,"relics_obtained":[{"floor":8.0,"key":"Art of War"},{"floor":9.0,"key":"Matryoshka"},{"floor":11.0,"key":"Lantern"},{"floor":13.0,"key":"CaptainsWheel"},{"floor":23.0,"key":"Anchor"},{"floor":25.0,"key":"Girya"},{"floor":26.0,"key":"InkBottle"},{"floor":26.0,"key":"Damaru"},{"floor":29.0,"key":"Du-Vu Doll"},{"floor":34.0,"key":"Bronze Scales"},{"floor":34.0,"key":"Yang"},{"floor":34.0,"key":"Old Coin"},{"floor":39,"key":"Unceasing Top"},{"floor":43,"key":"Shuriken"},{"floor":43,"key":"Bag of Preparation"}],"event_choices":[{"damage_healed":0.0,"max_hp_gain":0.0,"max_hp_loss":0.0,"gold_gain":0.0,"event_name":"Match and Keep!","player_choice":"1 cards matched","floor":2.0,"gold_loss":0.0,"damage_taken":0.0,"cards_obtained":["Eruption"]},{"damage_healed":0.0,"max_hp_gain":0.0,"max_hp_loss":0.0,"gold_gain":0.0,"event_name":"The Cleric","player_choice":"Leave","floor":7.0,"gold_loss":0.0,"damage_taken":0.0},{"damage_healed":0.0,"max_hp_gain":0.0,"max_hp_loss":0.0,"gold_gain":0.0,"event_name":"Forgotten Altar","player_choice":"Smashed Altar","floor":27.0,"gold_loss":0.0,"damage_taken":0.0,"cards_obtained":["Decay"]},{"damage_healed":0,"gold_gain":0,"player_choice":"Fight","damage_taken":0,"max_hp_gain":0,"max_hp_loss":0,"event_name":"MindBloom","floor":39,"gold_loss":0},{"damage_healed":0,"gold_gain":0,"player_choice":"Ignored","damage_taken":0,"max_hp_gain":0,"max_hp_loss":0,"event_name":"Tomb of Lord Red Mask","floor":44,"gold_loss":0},{"damage_healed":0,"gold_gain":0,"player_choice":"Max HP","damage_taken":0,"max_hp_gain":0,"max_hp_loss":4,"event_name":"Winding Halls","floor":48,"gold_loss":0}],"is_beta":false,"boss_relics":[{"not_picked":["Philosopher\u0027s Stone","Snecko Eye"],"picked":"Fusion Hammer"},{"not_picked":["Pandora\u0027s Box","Runic Dome"],"picked":"Calling Bell"}],"items_purged_floors":[22,31,37],"is_endless":false,"potions_floor_spawned":[1,5,13,19,25,33,36,38,39,47],"ascension_level":7}}