{"host":"i7jfea87xc8lz16p","time":1610651547,"event":{"mods":["AchievementEnabler","BaseMod","Colored Powertips","Minty Spire (QoL Compilation)","Relic Stats"],"gold_per_floor":[167,167,180,192,210,240,240,253,253,271,224,237,237,267,267,342,342,358,358,358,333,97,126,136,171,171,171,200,218,218,251,251,251,251],"floor_reached":33,"language":"ENG","playtime":1423,"items_purged":["Bite"],"score":709,"play_id":"a37b7fa7-94c0-4df7-95eb-7bb0f51abe17","local_time":"20210114201227","is_ascension_mode":true,"campfire_choices":[{"data":"Bash","floor":7,"key":"SMITH"},{"floor":13,"key":"REST"},{"data":"Inflame","floor":15,"key":"SMITH"},{"floor":27,"key":"REST"},{"data":"Anger","floor":30,"key":"SMITH"},{"floor":32,"key":"REST"}],"circlet_count":0,"master_deck":["AscendersBane","Defend_R+1","Defend_R+1","Defend_R+1","Defend_R+1","Bash+1","Iron Wave","Anger+1","Pommel Strike","Dropkick","Clothesline","Shrug It Off","Inflame+1","Reaper","Bite","Bite","Bite","Bite","Cleave","Rage","Warcry","Disarm","Offering"],"relics":["Tiny House","White Beast Statue","FossilizedHelix","TungstenRod","SlaversCollar","Happy Flower","Mercury Hourglass","Vajra","Calipers","Frozen Egg 2","Red Mask"],"acts_visited":["Exordium","TheCity"],"potions_floor_usage":[6,14,18,23,25,31,33,33],"damage_taken":[{"damage":9,"enemies":"2 Louse","floor":1,"turns":2},{"damage":0,"enemies":"Cultist","floor":3,"turns":2},{"damage":7,"enemies":"Jaw Worm","floor":4,"turns":3},{"damage":14,"enemies":"Large Slime","floor":5,"turns":5},{"damage":25,"enemies":"3 Sentries","floor":6,"turns":7},{"damage":2,"enemies":"2 Fungi Beasts","floor":8,"turns":3},{"damage":2,"enemies":"3 Louse","floor":10,"turns":4},{"damage":0,"enemies":"Blue Slaver","floor":12,"turns":3},{"damage":0,"enemies":"Gremlin Nob","floor":14,"turns":3},{"damage":20,"enemies":"Hexaghost","floor":16,"turns":9},{"damage":29,"enemies":"3 Byrds","floor":18,"turns":7},{"damage":5,"enemies":"2 Thieves","floor":21,"turns":4},{"damage":44,"enemies":"Slavers","floor":23,"turns":6},{"damage":14,"enemies":"Snecko","floor":24,"turns":6},{"damage":22,"enemies":"Gremlin Leader","floor":25,"turns":6},{"damage":37,"enemies":"Book of Stabbing","floor":28,"turns":6},{"damage":19,"enemies":"Chosen and Byrds","floor":29,"turns":7},{"damage":36,"enemies":"Masked Bandits","floor":31,"turns":4},{"damage":57,"enemies":"Champ","floor":33,"turns":7}],"seed_played":"1390445412098112783","potions_obtained":[{"floor":0,"key":"DuplicationPotion"},{"floor":3,"key":"Strength Potion"},{"floor":6,"key":"SteroidPotion"},{"floor":14,"key":"Energy Potion"},{"floor":16,"key":"SkillPotion"},{"floor":18,"key":"PowerPotion"},{"floor":23,"key":"HeartOfIron"},{"floor":24,"key":"Block Potion"},{"floor":25,"key":"Dexterity Potion"},{"floor":28,"key":"CultistPotion"},{"floor":31,"key":"SneckoOil"}],"is_trial":false,"path_per_floor":["M","?","M","M","M","E","R","M","T","M","?","M","R","E","R","B",null,"M","?","?","M","$","E","M","E","T","R","E","M","R","?","R","B"],"character_chosen":"IRONCLAD","items_purchased":["Happy Flower"],"campfire_rested":3,"item_purchase_floors":[22],"current_hp_per_floor":[64,64,64,57,43,18,18,16,16,14,14,14,38,38,38,18,65,42,42,42,43,43,27,22,24,24,40,21,18,18,11,27,0,0],"gold":251,"neow_bonus":"BOSS_RELIC","is_daily":false,"chose_seed":false,"campfire_upgraded":3,"win_rate":0.0,"timestamp":1610651547,"path_taken":["M","?","M","M","M","E","R","?","T","M","?","M","R","E","R","BOSS","M","?","?","M","$","E","M","E","T","R","E","M","R","?","R","BOSS"],"items_purchased_type":["Relic"],"build_version":"2020-12-22","purchased_purges":1,"victory":false,"max_hp_per_floor":[80,80,80,80,80,80,80,80,80,80,80,80,80,80,80,80,80,80,56,56,56,56,56,56,56,56,56,56,56,56,56,56,56,56],"relic_stats":{"Happy Flower":[14],"counters":[19,92],"obtain_stats":[{"SlaversCollar":17,"Tiny House":0,"Calipers":26,"Happy Flower":22,"Vajra":25,"Red Mask":31,"Frozen Egg 2":28,"Burning Blood":0,"White Beast Statue":6,"FossilizedHelix":9,"TungstenRod":14,"Mercury Hourglass":23},{"SlaversCollar":10,"Tiny House":0,"Calipers":15,"Happy Flower":12,"Vajra":15,"Red Mask":18,"Frozen Egg 2":16,"Burning Blood":0,"White Beast Statue":5,"FossilizedHelix":6,"TungstenRod":9,"Mercury Hourglass":13},{"SlaversCollar":41,"Tiny House":0,"Calipers":70,"Happy Flower":52,"Vajra":70,"Red Mask":85,"Frozen Egg 2":76,"Burning Blood":0,"White Beast Statue":19,"FossilizedHelix":22,"TungstenRod":32,"Mercury Hourglass":58}],"TungstenRod":49,"Mercury Hourglass":[151]},"card_choices":[{"not_picked":["Power Through","Evolve"],"picked":"Iron Wave","floor":0},{"not_picked":["Whirlwind","Rampage"],"picked":"Anger","floor":1},{"not_picked":["Armaments","Headbutt"],"picked":"Pommel Strike","floor":3},{"not_picked":["Double Tap","Flex"],"picked":"Dropkick","floor":4},{"not_picked":["Seeing Red","Headbutt"],"picked":"Clothesline","floor":5},{"not_picked":["Perfected Strike","Rupture","Seeing Red"],"picked":"SKIP","floor":6},{"not_picked":["Carnage","Thunderclap"],"picked":"Shrug It Off","floor":8},{"not_picked":["Entrench","Wild Strike","Armaments"],"picked":"SKIP","floor":10},{"not_picked":["Anger","Entrench"],"picked":"Inflame","floor":12},{"not_picked":["Iron Wave","Dropkick","Clothesline"],"picked":"SKIP","floor":14},{"not_picked":["Bludgeon","Juggernaut"],"picked":"Reaper","floor":16},{"not_picked":["Clothesline","Blood for Blood","Clash"],"picked":"SKIP","floor":18},{"not_picked":["Heavy Blade","Body Slam"],"picked":"Cleave","floor":21},{"not_picked":["Seeing Red","Whirlwind"],"picked":"Rage","floor":23},{"not_picked":["Headbutt","Flex","Clash"],"picked":"SKIP","floor":24},{"not_picked":["Rage","Cleave"],"picked":"Warcry","floor":25},{"not_picked":["Thunderclap+1","Headbutt"],"picked":"Disarm","floor":28},{"not_picked":["Shrug It Off","Iron Wave"],"picked":"Offering","floor":29}],"player_experience":1775898,"relics_obtained":[{"floor":6,"key":"White Beast Statue"},{"floor":9,"key":"FossilizedHelix"},{"floor":14,"key":"TungstenRod"},{"floor":23,"key":"Mercury Hourglass"},{"floor":25,"key":"Vajra"},{"floor":26,"key":"Calipers"},{"floor":28,"key":"Frozen Egg 2"},{"floor":31,"key":"Red Mask"}],"event_choices":[{"cards_removed":["Strike_R"],"damage_healed":0,"gold_gain":0,"player_choice":"Purged","damage_taken":0,"max_hp_gain":0,"max_hp_loss":0,"event_name":"Purifier","floor":2,"gold_loss":0},{"damage_healed":0,"gold_gain":0,"player_choice":"Left Gold","damage_taken":0,"max_hp_gain":0,"max_hp_loss":0,"event_name":"World of Goop","floor":11,"gold_loss":47},{"damage_healed":0,"gold_gain":0,"player_choice":"Became a vampire","damage_taken":0,"max_hp_gain":0,"max_hp_loss":24,"event_name":"Vampires","floor":19,"gold_loss":0,"cards_obtained":["Bite","Bite","Bite","Bite","Bite"]},{"damage_healed":0,"gold_gain":0,"player_choice":"Simplicity","damage_taken":0,"max_hp_gain":0,"max_hp_loss":0,"event_name":"Back to Basics","floor":20,"gold_loss":0,"cards_upgraded":["Defend_R","Defend_R","Defend_R","Defend_R"]},{"damage_healed":0,"gold_gain":0,"player_choice":"Fought Bandits","damage_taken":0,"max_hp_gain":0,"max_hp_loss":0,"event_name":"Masked Bandits","floor":31,"gold_loss":0}],"is_beta":false,"boss_relics":[{"not_picked":["Cursed Key","Empty Cage"],"picked":"SlaversCollar"}],"items_purged_floors":[22],"is_endless":false,"potions_floor_spawned":[3,4,6,8,10,12,14,16,18,21,23,24,25,28,29,31],"killed_by":"Champ","ascension_level":20}}