{"host":"4qkvkh7pd9qr2mca","time":1610662368,"event":{"mods":["AchievementEnabler","Act Like it!","BaseMod","Colored Map","Colored Powertips","Highlight Path","Minty Spire (QoL Compilation)","Pale of the Ancients","Permanent Neow","Quick Restart","Relic Stats","StSLib","SuperFastMode"],"gold_per_floor":[116,130,146,58,73,102,115,115,115,115,143,155,167,196,208,220,220],"floor_reached":16,"language":"ENG","playtime":617,"items_purged":[],"score":224,"play_id":"92cc6cc1-dacd-405d-8fda-7f95f98f5481","local_time":"20210114231248","is_ascension_mode":true,"campfire_choices":[{"floor":8,"key":"REST"},{"data":"After Image","floor":10,"key":"SMITH"},{"floor":12,"key":"REST"},{"data":"Accuracy","floor":15,"key":"SMITH"}],"circlet_count":0,"master_deck":["AscendersBane","Strike_G","Strike_G","Strike_G","Strike_G","Strike_G","Defend_G","Defend_G","Defend_G","Defend_G","Defend_G","Survivor","Neutralize+1","After Image+1","Dagger Throw+1","Calculated Gamble","Accuracy+1","Noxious Fumes","Skewer","Dash","Blade Dance","Burst","Dodge and Roll"],"relics":["Ring of the Snake","Whetstone","Strawberry","MawBank"],"acts_visited":["Exordium"],"potions_floor_usage":[3,16,16],"damage_taken":[{"damage":4,"enemies":"2 Louse","floor":1,"turns":3},{"damage":4,"enemies":"Small Slimes","floor":2,"turns":5},{"damage":0,"enemies":"Jaw Worm","floor":3,"turns":5},{"damage":8,"enemies":"3 Louse","floor":5,"turns":5},{"damage":26,"enemies":"3 Sentries","floor":6,"turns":9},{"damage":7,"enemies":"Blue Slaver","floor":7,"turns":5},{"damage":13,"enemies":"Lagavulin","floor":11,"turns":7},{"damage":7,"enemies":"Red Slaver","floor":14,"turns":5},{"damage":36,"enemies":"Hexaghost","floor":16,"turns":9}],"seed_played":"2342318139794510545","potions_obtained":[{"floor":2,"key":"DistilledChaos"},{"floor":7,"key":"SneckoOil"},{"floor":11,"key":"SkillPotion"},{"floor":14,"key":"DuplicationPotion"}],"is_trial":false,"path_per_floor":["M","M","M","$","M","E","M","R","T","R","E","R","?","M","R","B"],"character_chosen":"THE_SILENT","items_purchased":["Noxious Fumes"],"campfire_rested":2,"item_purchase_floors":[4],"current_hp_per_floor":[55,51,51,51,43,17,10,28,35,35,22,42,42,35,35,0,0],"gold":220,"neow_bonus":"THREE_RARE_CARDS","is_daily":false,"chose_seed":false,"campfire_upgraded":2,"win_rate":0.0,"timestamp":1610662368,"path_taken":["M","M","M","$","M","E","M","R","T","R","E","R","?","M","R","BOSS"],"items_purchased_type":["Card"],"build_version":"2020-12-22","purchased_purges":0,"victory":false,"max_hp_per_floor":[60,60,60,60,60,60,60,60,67,67,67,67,67,67,67,67,67],"relic_stats":{"counters":[9,53],"Whetstone":["Neutralize","Dagger Throw"],"MawBank":60,"obtain_stats":[{"Strawberry":9,"Whetstone":6,"MawBank":11,"Ring of the Snake":0},{"Strawberry":6,"Whetstone":5,"MawBank":7,"Ring of the Snake":0},{"Strawberry":32,"Whetstone":27,"MawBank":39,"Ring of the Snake":0}],"Ring of the Snake":[18]},"card_choices":[{"not_picked":["Venomology","Envenom"],"picked":"After Image","floor":0},{"not_picked":["Deadly Poison","Acrobatics"],"picked":"Dagger Throw","floor":1},{"not_picked":["Eviscerate","Caltrops"],"picked":"Calculated Gamble","floor":2},{"not_picked":["PiercingWail","Slice"],"picked":"Accuracy","floor":3},{"not_picked":["Prepared","Outmaneuver"],"picked":"Skewer","floor":5},{"not_picked":["Deflect","Outmaneuver"],"picked":"Dash","floor":6},{"not_picked":["Outmaneuver","Catalyst"],"picked":"Blade Dance","floor":7},{"not_picked":["Sucker Punch","Calculated Gamble"],"picked":"Burst","floor":11},{"not_picked":["Setup","Bouncing Flask"],"picked":"Dodge and Roll","floor":14}],"player_experience":554000,"relics_obtained":[{"floor":6,"key":"Whetstone"},{"floor":9,"key":"Strawberry"},{"floor":11,"key":"MawBank"}],"event_choices":[{"damage_healed":0,"gold_gain":0,"player_choice":"Ignored","damage_taken":0,"max_hp_gain":0,"max_hp_loss":0,"event_name":"Liars Game","floor":13,"gold_loss":0}],"is_beta":false,"boss_relics":[],"items_purged_floors":[],"is_endless":false,"potions_floor_spawned":[2,7,11,14],"killed_by":"Hexaghost","ascension_level":20}}