{"host":"fa35vd3kig5td25x","time":1610644635,"event":{"mods":["BaseMod","Colored Powertips","Minty Spire (QoL Compilation)","Relic Stats","Slay the Relics Exporter"],"gold_per_floor":[362,376,376,22,39,39,39,69,96,114,132,166,166,177,177,251,251,261,280,42,42,55,55,89,109,160,160,160,195,195,208,208,208,208],"floor_reached":33,"language":"ENG","playtime":1598,"items_purged":["Strike_G","Strike_G"],"score":594,"play_id":"baf5f2f1-27a0-4f9e-9860-bdb0d90ca176","local_time":"20210114181715","is_ascension_mode":true,"campfire_choices":[{"data":"Dagger Spray","floor":6,"key":"SMITH"},{"data":"Dagger Spray","floor":15,"key":"SMITH"},{"floor":23,"key":"REST"},{"floor":28,"key":"REST"},{"data":"Well Laid Plans","floor":32,"key":"SMITH"}],"circlet_count":0,"master_deck":["AscendersBane","Strike_G","Strike_G","Defend_G","Defend_G","Defend_G+1","Defend_G","Defend_G+1","Survivor","Neutralize","Poisoned Stab+1","Dagger Spray+1","Adrenaline","Masterful Stab","Acrobatics","Deadly Poison","Dagger Throw","Footwork+1","Dash","Dagger Spray+1","Corpse Explosion","Deadly Poison+1","Well Laid Plans+1","Adrenaline","Crippling Poison","Leg Sweep","Leg Sweep"],"relics":["Ring of the Snake","Strawberry","Oddly Smooth Stone","Art of War","Velvet Choker","Lantern","War Paint"],"acts_visited":["Exordium","TheCity"],"potions_floor_usage":[8,12,16,16,29,29,33],"damage_taken":[{"damage":0,"enemies":"2 Louse","floor":1,"turns":5},{"damage":7,"enemies":"Small Slimes","floor":2,"turns":3},{"damage":0,"enemies":"Cultist","floor":5,"turns":3},{"damage":20,"enemies":"Lagavulin","floor":8,"turns":7},{"damage":3,"enemies":"3 Louse","floor":10,"turns":3},{"damage":2,"enemies":"Exordium Thugs","floor":11,"turns":4},{"damage":2,"enemies":"Gremlin Nob","floor":12,"turns":3},{"damage":0,"enemies":"2 Fungi Beasts","floor":14,"turns":3},{"damage":6,"enemies":"Slime Boss","floor":16,"turns":9},{"damage":8,"enemies":"Spheric Guardian","floor":18,"turns":4},{"damage":4,"enemies":"Chosen","floor":19,"turns":4},{"damage":27,"enemies":"Snake Plant","floor":22,"turns":4},{"damage":14,"enemies":"Gremlin Leader","floor":24,"turns":6},{"damage":0,"enemies":"Snecko","floor":25,"turns":5},{"damage":17,"enemies":"Slavers","floor":29,"turns":3},{"damage":0,"enemies":"3 Cultists","floor":31,"turns":3},{"damage":39,"enemies":"Champ","floor":33,"turns":13}],"seed_played":"8738957265956064716","potions_obtained":[{"floor":10,"key":"Dexterity Potion"},{"floor":11,"key":"DistilledChaos"},{"floor":14,"key":"FearPotion"},{"floor":24,"key":"BlessingOfTheForge"},{"floor":25,"key":"SkillPotion"},{"floor":29,"key":"Weak Potion"},{"floor":31,"key":"Strength Potion"}],"is_trial":false,"path_per_floor":["M","M","?","$","M","R","?","E","T","M","M","E","?","M","R","B",null,"M","M","$","?","M","R","E","M","T","?","R","E","?","M","R","B"],"character_chosen":"THE_SILENT","items_purchased":["Adrenaline","Fire Potion","SteroidPotion","Well Laid Plans","FearPotion"],"campfire_rested":2,"item_purchase_floors":[4,4,4,20,20],"current_hp_per_floor":[59,52,52,52,52,52,52,39,39,36,34,32,32,32,32,26,57,49,45,45,45,18,38,24,24,24,24,44,27,27,27,27,0,0],"gold":208,"neow_bonus":"TWO_FIFTY_GOLD","is_daily":false,"chose_seed":false,"campfire_upgraded":3,"win_rate":0.0,"timestamp":1610644635,"path_taken":["M","M","?","$","M","R","?","E","T","M","M","E","?","?","R","BOSS","M","M","$","?","?","R","E","M","T","?","R","E","?","M","R","BOSS"],"items_purchased_type":["Card","Potion","Potion","Card","Potion"],"build_version":"2020-12-22","purchased_purges":2,"victory":false,"max_hp_per_floor":[60,60,60,60,60,60,60,67,67,67,67,67,67,67,67,67,67,67,67,67,67,67,67,67,67,67,67,67,67,67,67,67,67,67],"relic_stats":{"counters":[17,82],"Art of War":[9],"War Paint":["Defend_G","Defend_G"],"obtain_stats":[{"Lantern":24,"Strawberry":8,"Oddly Smooth Stone":9,"Velvet Choker":17,"Art of War":12,"War Paint":29,"Ring of the Snake":0},{"Lantern":13,"Strawberry":4,"Oddly Smooth Stone":4,"Velvet Choker":9,"Art of War":7,"War Paint":15,"Ring of the Snake":0},{"Lantern":58,"Strawberry":18,"Oddly Smooth Stone":18,"Velvet Choker":40,"Art of War":28,"War Paint":66,"Ring of the Snake":0}],"Ring of the Snake":[34]},"card_choices":[{"not_picked":["Terror","Accuracy"],"picked":"Poisoned Stab","floor":1},{"not_picked":["Dagger Throw","Bane"],"picked":"Dagger Spray","floor":2},{"not_picked":["Blade Dance","Cloak And Dagger"],"picked":"Masterful Stab","floor":5},{"not_picked":["Acrobatics","Deflect","Setup"],"picked":"SKIP","floor":8},{"not_picked":["Deflect","Setup"],"picked":"Acrobatics","floor":8},{"not_picked":["Acrobatics","PiercingWail"],"picked":"Deadly Poison","floor":10},{"not_picked":["Concentrate","Acrobatics"],"picked":"Dagger Throw","floor":11},{"not_picked":["Prepared","Bane"],"picked":"Footwork","floor":12},{"not_picked":["Dodge and Roll","Cloak And Dagger"],"picked":"Dagger Spray","floor":14},{"not_picked":["Die Die Die","Burst"],"picked":"Corpse Explosion","floor":16},{"not_picked":["Tactician","Riddle With Holes","Outmaneuver+1"],"picked":"SKIP","floor":18},{"not_picked":["Infinite Blades+1","Caltrops"],"picked":"Deadly Poison+1","floor":19},{"not_picked":["Expertise","Blade Dance+1"],"picked":"Crippling Poison","floor":22},{"not_picked":["Skewer","Venomology"],"picked":"Leg Sweep","floor":24},{"not_picked":["Tactician","Backstab+1","Acrobatics"],"picked":"SKIP","floor":25},{"not_picked":["Prepared","Quick Slash","Dagger Throw"],"picked":"SKIP","floor":29},{"not_picked":["Setup","Prepared+1"],"picked":"Leg Sweep","floor":31}],"player_experience":2920826,"relics_obtained":[{"floor":8,"key":"Strawberry"},{"floor":9,"key":"Oddly Smooth Stone"},{"floor":12,"key":"Art of War"},{"floor":24,"key":"Lantern"},{"floor":29,"key":"War Paint"}],"event_choices":[{"damage_healed":0,"gold_gain":0,"player_choice":"Grow","damage_taken":0,"max_hp_gain":0,"max_hp_loss":0,"event_name":"Living Wall","floor":3,"gold_loss":0,"cards_upgraded":["Poisoned Stab"]},{"damage_healed":0,"gold_gain":0,"player_choice":"Ignored","damage_taken":0,"max_hp_gain":0,"max_hp_loss":0,"event_name":"Liars Game","floor":7,"gold_loss":0},{"damage_healed":0,"gold_gain":0,"cards_transformed":["Strike_G"],"player_choice":"Transformed","damage_taken":0,"max_hp_gain":0,"max_hp_loss":0,"event_name":"Transmorgrifier","floor":13,"gold_loss":0,"cards_obtained":["Dash"]},{"damage_healed":0,"gold_gain":0,"player_choice":"Copied","damage_taken":0,"max_hp_gain":0,"max_hp_loss":0,"event_name":"Duplicator","floor":21,"gold_loss":0,"cards_obtained":["Adrenaline"]},{"damage_healed":0,"gold_gain":0,"player_choice":"Ignored","damage_taken":0,"max_hp_gain":0,"max_hp_loss":0,"event_name":"Vampires","floor":27,"gold_loss":0},{"damage_healed":0,"gold_gain":0,"player_choice":"Forge","damage_taken":0,"max_hp_gain":0,"max_hp_loss":0,"event_name":"Accursed Blacksmith","floor":30,"gold_loss":0,"cards_upgraded":["Footwork"]}],"is_beta":false,"boss_relics":[{"not_picked":["Sozu","SacredBark"],"picked":"Velvet Choker"}],"items_purged_floors":[4,20],"is_endless":false,"potions_floor_spawned":[5,10,11,14,24,25,29,31],"killed_by":"Champ","ascension_level":20}}