{"host":"x21cvmfdo17nyhii","time":1610583448,"event":{"mods":["AchievementEnabler","BaseMod","Colored Map","Colored Powertips","DeckTracker","Highlight Path","Minty Spire (QoL Compilation)","Quick Restart","Rare Cards Sparkle","SuperFastMode"],"gold_per_floor":[159,174,5,5,23,23,23,23,23,23,43,43,59,76,76,178,178,197,197,211,74,93,93,106,0,46,60,12,28,46,46,46],"floor_reached":31,"language":"ENG","playtime":981,"items_purged":["Strike_R"],"score":231,"play_id":"f260c346-be41-4118-8759-b08bf90b603e","local_time":"20210113161728","is_ascension_mode":false,"campfire_choices":[{"data":"Body Slam","floor":6.0,"key":"SMITH"},{"data":"Shockwave","floor":8.0,"key":"SMITH"},{"data":"Shrug It Off","floor":10.0,"key":"SMITH"},{"data":"Dual Wield","floor":12.0,"key":"SMITH"},{"data":"Shrug It Off","floor":15.0,"key":"SMITH"},{"floor":23.0,"key":"REST"}],"circlet_count":0,"master_deck":["Strike_R","Strike_R","Strike_R","Strike_R+1","Defend_R","Defend_R","Defend_R","Defend_R","Bash","Shockwave+1","Cleave","Shrug It Off+1","Body Slam+1","Dual Wield+1","Shrug It Off+1","Offering","Shrug It Off","Body Slam","Barricade","Intimidate"],"relics":["Tiny House"],"acts_visited":["Exordium","TheCity"],"potions_floor_usage":[27,29,29],"damage_taken":[{"damage":4.0,"enemies":"Cultist","floor":1.0,"turns":3.0},{"damage":1.0,"enemies":"Jaw Worm","floor":2.0,"turns":3.0},{"damage":1.0,"enemies":"2 Louse","floor":5.0,"turns":3.0},{"damage":0.0,"enemies":"Exordium Wildlife","floor":11.0,"turns":3.0},{"damage":7.0,"enemies":"Exordium Thugs","floor":13.0,"turns":4.0},{"damage":0.0,"enemies":"2 Fungi Beasts","floor":14.0,"turns":4.0},{"damage":44.0,"enemies":"The Guardian","floor":16.0,"turns":15.0},{"damage":9.0,"enemies":"3 Byrds","floor":18.0,"turns":5.0},{"damage":33.0,"enemies":"Spheric Guardian","floor":20.0,"turns":8.0},{"damage":21.0,"enemies":"Centurion and Healer","floor":22.0,"turns":6.0},{"damage":30.0,"enemies":"Shelled Parasite and Fungi","floor":24.0,"turns":7.0},{"damage":25,"enemies":"Sentry and Sphere","floor":27,"turns":4},{"damage":7,"enemies":"Cultist and Chosen","floor":29,"turns":7},{"damage":22,"enemies":"Centurion and Healer","floor":30,"turns":9},{"damage":4,"enemies":"Snake Plant","floor":31,"turns":1}],"seed_played":"-4655402071694066754","potions_obtained":[{"floor":0.0,"key":"FairyPotion"},{"floor":1.0,"key":"Explosive Potion"},{"floor":5.0,"key":"EssenceOfSteel"},{"floor":14.0,"key":"Regen Potion"},{"floor":18.0,"key":"Swift Potion"},{"floor":27,"key":"SneckoOil"}],"is_trial":false,"path_per_floor":["M","M","$","?","M","R","$","R","T","R","M","R","M","M","R","B",null,"M","?","M","$","M","R","M","?","T","M","$","M","M","M"],"character_chosen":"IRONCLAD","items_purchased":["Shrug It Off","Body Slam","Barricade","Energy Potion"],"campfire_rested":1,"item_purchase_floors":[3,3,21,28],"current_hp_per_floor":[81,80,80,80,79,79,79,79,79,79,79,79,72,72,72,28,85,76,76,43,43,36,61,31,31,31,6,6,24,2,0,0],"gold":46,"neow_bonus":"BOSS_RELIC","is_daily":false,"chose_seed":false,"campfire_upgraded":5,"win_rate":0.0,"timestamp":1610583448,"path_taken":["M","?","$","?","M","R","?","R","T","R","M","R","M","?","R","BOSS","M","?","M","$","M","R","M","?","T","M","?","M","M","M"],"items_purchased_type":["Card","Card","Card","Potion"],"build_version":"2020-12-22","purchased_purges":1,"victory":false,"max_hp_per_floor":[85,85,85,85,85,85,85,85,85,85,85,85,85,85,85,85,85,85,85,85,85,85,85,85,85,85,85,85,85,85,85,85],"card_choices":[{"not_picked":["Dark Embrace","Warcry"],"picked":"Shockwave","floor":0.0},{"not_picked":["Pommel Strike","Combust"],"picked":"Cleave","floor":1.0},{"not_picked":["Warcry","Anger","Battle Trance"],"picked":"SKIP","floor":2.0},{"not_picked":["Heavy Blade","Clothesline","Clash"],"picked":"SKIP","floor":5.0},{"not_picked":["Twin Strike","Clothesline"],"picked":"Dual Wield","floor":11.0},{"not_picked":["Second Wind","Body Slam"],"picked":"Shrug It Off","floor":13.0},{"not_picked":["Perfected Strike","Sword Boomerang","Inflame"],"picked":"SKIP","floor":14.0},{"not_picked":["Fiend Fire","Bludgeon"],"picked":"Offering","floor":16.0},{"not_picked":["True Grit","Anger"],"picked":"Shrug It Off","floor":18.0},{"not_picked":["Battle Trance","Iron Wave","Pummel"],"picked":"SKIP","floor":20.0},{"not_picked":["Wild Strike","Reaper","Dropkick"],"picked":"SKIP","floor":22.0},{"not_picked":["Armaments","Twin Strike","Evolve+1"],"picked":"SKIP","floor":24.0},{"not_picked":["Twin Strike+1","Shrug It Off","Heavy Blade"],"picked":"SKIP","floor":27},{"not_picked":["True Grit","Thunderclap","Rupture+1"],"picked":"SKIP","floor":29},{"not_picked":["Pommel Strike","Sword Boomerang"],"picked":"Intimidate","floor":30}],"player_experience":349513,"relics_obtained":[],"event_choices":[{"damage_healed":0.0,"max_hp_gain":0.0,"max_hp_loss":0.0,"gold_gain":0.0,"event_name":"Golden Idol","player_choice":"Ignored","floor":4.0,"gold_loss":0.0,"damage_taken":0.0},{"damage_healed":0.0,"max_hp_gain":0.0,"max_hp_loss":0.0,"gold_gain":0.0,"event_name":"The Library","player_choice":"Read","floor":19.0,"gold_loss":0.0,"damage_taken":0.0,"cards_obtained":["Body Slam"]},{"damage_healed":0.0,"max_hp_gain":0.0,"max_hp_loss":0.0,"gold_gain":0.0,"event_name":"Masked Bandits","player_choice":"Paid Fearfully","floor":25.0,"gold_loss":106.0,"damage_taken":0.0}],"is_beta":false,"boss_relics":[{"not_picked":["Mark of Pain","Philosopher\u0027s Stone","Tiny House"]}],"items_purged_floors":[3],"is_endless":false,"potions_floor_spawned":[1,5,14,18,20,27],"killed_by":"Snake Plant","ascension_level":0}}