{"host":"4hkuu26ltn0le3bk","time":1610651531,"event":{"mods":["100% Spire Juice","Arknights The Spire","Astrologer","BaseMod","BetterRewards","Clockwork Mod","Colored Map","Colored Powertips","Downfall","Friendly Minions","Gremlin Mod","Hermit","Marisa????????","Minty Spire (QoL Compilation)","Quick Restart","StSLib","Td1madao Mod","The Bug Knight","The Construct","The Cursed","The Disciple","The Factory","The Hierophant","The Jungle","The Servant 0.9.4"],"gold_per_floor":[114,114,114,133,208,208,221,221,221,239,250,250,250,266,266,266,266],"floor_reached":16,"language":"ENG","playtime":680,"items_purged":[],"score":92,"play_id":"3246ab44-84a2-497d-bdae-1b91f3577f22","local_time":"20210114141211","is_ascension_mode":false,"campfire_choices":[{"data":"ats:Emotion Absorption","floor":6,"key":"SMITH"},{"data":"ats:Defend Order","floor":8,"key":"SMITH"},{"floor":15,"key":"RECALL"}],"circlet_count":0,"master_deck":["ats:Strike C","ats:Strike G+1","ats:Strike S","ats:Strike V","ats:Armor Crushing Shot+1","ats:Defend","ats:Defend","ats:Defend","ats:Emotion Absorption+1","ats:Leaping Hammer","ats:Apocalypse","ats:Poison Spread","ats:Shell Defense","ats:Apocalypse"],"relics":["ats:Sanity","NeowsBlessing","Whetstone"],"acts_visited":["Exordium"],"potions_floor_usage":[],"damage_taken":[{"damage":0,"enemies":"Cultist","floor":1,"turns":1},{"damage":0,"enemies":"Jaw Worm","floor":4,"turns":1},{"damage":0,"enemies":"Small Slimes","floor":7,"turns":1},{"damage":22,"enemies":"Looter","floor":10,"turns":4},{"damage":18,"enemies":"Exordium Wildlife","floor":11,"turns":3},{"damage":17,"enemies":"Gremlin Gang","floor":14,"turns":7},{"damage":86,"enemies":"The Guardian","floor":16,"turns":12}],"seed_played":"-7899939677483081630","potions_obtained":[{"floor":4,"key":"Strength Potion"},{"floor":10,"key":"champ:CounterPotion"}],"is_trial":false,"path_per_floor":["M","$","?","M","?","R","M","R","T","M","M","?","T","M","R","B"],"character_chosen":"DOCTOR_CLASS","items_purchased":[],"campfire_rested":0,"item_purchase_floors":[],"current_hp_per_floor":[72,72,72,72,61,61,61,61,61,47,29,22,22,25,25,0,0],"gold":266,"neow_bonus":"THREE_ENEMY_KILL","is_daily":false,"chose_seed":false,"campfire_upgraded":2,"win_rate":0.0,"timestamp":1610651531,"path_taken":["M","$","?","?","?","R","M","R","T","M","M","?","?","M","R","BOSS"],"items_purchased_type":[],"build_version":"2020-12-22","purchased_purges":0,"victory":false,"max_hp_per_floor":[72,72,72,72,72,72,72,72,72,72,72,72,72,72,72,72,72],"card_choices":[{"not_picked":["ats:Composite Medical Shells","ats:Poison Spread"],"picked":"ats:Leaping Hammer","floor":1},{"not_picked":["ats:Assault Order","ats:Apocalypse"],"picked":"ats:Defend Order","floor":4},{"not_picked":["ats:Ignite","ats:Rapid Magazine"],"picked":"ats:Apocalypse","floor":7},{"not_picked":["ats:Wolf Pack","ats:Cat Scratch"],"picked":"ats:Poison Spread","floor":10},{"not_picked":["ats:Leaping Hammer","ats:Disruption Kick"],"picked":"ats:Shell Defense","floor":11},{"not_picked":["ats:Hammer On","ats:Magnetic Hammer"],"picked":"ats:Apocalypse","floor":14}],"player_experience":198426,"relics_obtained":[{"floor":13,"key":"Whetstone"}],"event_choices":[{"cards_removed":["ats:Defend"],"damage_healed":0,"gold_gain":0,"player_choice":"Offered Basic","damage_taken":0,"max_hp_gain":0,"max_hp_loss":0,"event_name":"Bonfire Elementals","floor":3,"gold_loss":0},{"damage_healed":0,"gold_gain":75,"player_choice":"Gather Gold","damage_taken":11,"max_hp_gain":0,"max_hp_loss":0,"event_name":"World of Goop","floor":5,"gold_loss":0},{"cards_removed":["ats:Defend Order"],"damage_healed":0,"gold_gain":0,"player_choice":"Card Removal","damage_taken":7,"max_hp_gain":0,"max_hp_loss":0,"event_name":"Golden Wing","floor":12,"gold_loss":0}],"is_beta":false,"boss_relics":[],"items_purged_floors":[],"is_endless":false,"potions_floor_spawned":[4,10],"killed_by":"The Guardian","ascension_level":0}}