{"host":"s8k08j4eybfen9r6","time":1610613938,"event":{"mods":["Aspiration","BaseMod","Better Altar","Better Match","Better Note","Better Sensory Stone","Better Skull","Better Third Choice","BetterRewards","Downfall","Duelist Mod","Hubris","Jedi Mod","Minty Spire (QoL Compilation)","MostiFishMod","Rare Cards Sparkle","Shop Mod","Spicy Shops","StSLib","The Animator"],"gold_per_floor":[115,115,115,133,147,176,176,205,228,22,22,54,68,80,80,178,178,196,111,111,128,145,172,172,205,255,255,255],"floor_reached":27,"language":"ENG","playtime":4261,"items_purged":[],"score":326,"play_id":"13efa7f2-35c8-46e6-9e9e-c3ab27d0e5d7","local_time":"20210114184538","is_ascension_mode":true,"campfire_choices":[{"data":"jedi:reiji","floor":7,"key":"SMITH"},{"data":"Tempest","floor":11,"key":"SMITH"},{"data":"MostiFishMod:SeaWaves","floor":15,"key":"SMITH"},{"floor":24,"key":"RECALL"}],"circlet_count":0,"master_deck":["Strike_B","Strike_B","Strike_B","Strike_B","Defend_B","Defend_B","Defend_B","Defend_B","Zap","Dualcast","jedi:BurstLightning","Tempest+1","jedi:locknload","jedi:reiji+1","Capacitor","aspiration:Polymerization","Thunder Strike","Decay","MostiFishMod:SeaWaves+1","MostiFishMod:ReadyAimFire","Glacier","Defragment","hubris:NaturalOne","Turbo+1"],"relics":["Cracked Core","DaveBox","NeowsBlessing","HaiYi:Twilight","SynthV:TestCard","Mercury Hourglass","Blue Candle","Vajra","Bag of Preparation","Pen Nib","aspiration:FutureDiary","Lantern","hubris:Icosahedron","Ancient Tea Set","SynthV:C4","Anchor"],"acts_visited":["Exordium","TheCity"],"potions_floor_usage":[8,13,16,27],"damage_taken":[{"damage":0,"enemies":"Jaw Worm","floor":1,"turns":1},{"damage":0,"enemies":"2 Louse","floor":4,"turns":1},{"damage":0,"enemies":"Cultist","floor":5,"turns":1},{"damage":16,"enemies":"Gremlin Nob","floor":6,"turns":3},{"damage":8,"enemies":"3 Sentries","floor":8,"turns":5},{"damage":0,"enemies":"Gremlin Nob","floor":12,"turns":2},{"damage":3,"enemies":"3 Louse","floor":13,"turns":2},{"damage":11,"enemies":"Lots of Slimes","floor":14,"turns":2},{"damage":2,"enemies":"Slime Boss","floor":16,"turns":6},{"damage":21,"enemies":"3 Byrds","floor":18,"turns":3},{"damage":11,"enemies":"Shell Parasite","floor":21,"turns":3},{"damage":0,"enemies":"3 Cultists","floor":22,"turns":2},{"damage":30,"enemies":"Slavers","floor":23,"turns":2},{"damage":13,"enemies":"theDuelist:KaibaA2","floor":25,"turns":2},{"damage":5,"enemies":"Shelled Parasite and Fungi","floor":27,"turns":1}],"seed_played":"-1077893067143278338","potions_obtained":[{"floor":6,"key":"Fire Potion"},{"floor":12,"key":"Block Potion"},{"floor":13,"key":"Fruit Juice"},{"floor":14,"key":"Strength Potion"},{"floor":21,"key":"Explosive Potion"},{"floor":23,"key":"jedi:tentaclejuice"}],"is_trial":false,"path_per_floor":["M","?","$","M","M","E","R","E","T","$","R","E","M","M","R","B",null,"M","?","?","M","M","E","R","E","T","M"],"character_chosen":"DEFECT","items_purchased":["Thunder Strike","Bag of Preparation"],"campfire_rested":0,"item_purchase_floors":[10,10],"current_hp_per_floor":[75,75,75,75,75,59,59,51,51,51,51,51,53,42,42,40,80,59,59,59,48,48,18,18,5,5,0,0],"gold":255,"neow_bonus":"THREE_ENEMY_KILL","is_daily":false,"chose_seed":false,"campfire_upgraded":3,"win_rate":0.0,"timestamp":1610613938,"path_taken":["M","?","$","M","M","E","R","E","T","$","R","E","M","M","R","BOSS","M","?","?","?","M","E","R","E","T","M"],"items_purchased_type":["Card","Relic"],"build_version":"2020-12-22","purchased_purges":0,"victory":false,"max_hp_per_floor":[75,75,75,75,75,75,75,75,75,75,75,75,80,80,80,80,80,80,80,80,80,80,80,80,80,80,80,80],"card_choices":[{"not_picked":["Cold Snap","Barrage"],"picked":"jedi:BurstLightning","floor":1},{"not_picked":["Ball Lightning","Storm","Coolheaded","Steam"],"picked":"jedi:locknload","floor":4},{"not_picked":["Hologram","Turbo","MostiFishMod:Overload","Compile Driver"],"picked":"jedi:reiji","floor":5},{"not_picked":["Redo","Leap","jedi:BurstFrost","Steam"],"picked":"Capacitor","floor":6},{"not_picked":["jedi:overflow","Auto Shields","Chill","jedi:BurstLightning"],"picked":"aspiration:Polymerization","floor":8},{"not_picked":["Blizzard","Chaos","Sweeping Beam","Capacitor"],"picked":"MostiFishMod:SeaWaves","floor":12},{"not_picked":["hubris:PowerSurge","Redo","Steam Power","Scrape","Compile Driver"],"picked":"SKIP","floor":13},{"not_picked":["Stack","Sweeping Beam","jedi:markofdeath","Steam","jedi:BurstFrost"],"picked":"SKIP","floor":14},{"not_picked":["Multi-Cast","hubris:Prefetch","Amplify","jedi:BurstDark"],"picked":"MostiFishMod:ReadyAimFire","floor":16},{"not_picked":["Heatsinks","Beam Cell","Skim+1","Aggregate"],"picked":"Glacier","floor":18},{"not_picked":["Rip and Tear","Redo","jedi:BurstFrost+1","Steam","MostiFishMod:LinkProtocol"],"picked":"SKIP","floor":21},{"not_picked":["Steam","Redo","Doom and Gloom","Rebound+1"],"picked":"Defragment","floor":22},{"not_picked":["Loop","Beam Cell","MostiFishMod:Culaccino","jedi:locknload","Coolheaded"],"picked":"SKIP","floor":23},{"not_picked":["Skim+1","Sweeping Beam","Gash+1","Multi-Cast"],"picked":"Turbo+1","floor":25}],"player_experience":424199,"relics_obtained":[{"floor":1,"key":"SynthV:TestCard"},{"floor":6,"key":"Mercury Hourglass"},{"floor":8,"key":"Blue Candle"},{"floor":9,"key":"Vajra"},{"floor":12,"key":"Pen Nib"},{"floor":23,"key":"Ancient Tea Set"},{"floor":25,"key":"SynthV:C4"},{"floor":26,"key":"Anchor"}],"event_choices":[{"damage_healed":0,"gold_gain":0,"player_choice":"Obtained Relic","damage_taken":0,"relics_obtained":["Lantern"],"max_hp_gain":0,"max_hp_loss":0,"event_name":"Addict","floor":19,"gold_loss":85}],"is_beta":false,"boss_relics":[{"not_picked":["GreenFoldingFan","RhineCircuit"],"picked":"aspiration:FutureDiary"}],"items_purged_floors":[],"is_endless":false,"potions_floor_spawned":[6,12,13,14,21,23,25],"killed_by":"Shelled Parasite and Fungi","ascension_level":2}}