{"host":"51fyd6gkml7xavq8","time":1610622618,"event":{"mods":["BaseMod","BetterRewards","Colored Map","Energized Spire","Infinite Spire","Minty Spire (QoL Compilation)","Replay The Spire","Shop Mod","Spicy Shops","StSLib","The Blue Laboratory","[IsaacMod]????"],"gold_per_floor":[110,121,131,131,147,147,157,157,157,186,206,31,31,54,54,159,159,185,185,205,226,248,292,292,333,333,333,258,326,326,185,185,197,197],"floor_reached":33,"language":"ENG","playtime":1927,"items_purged":["Dualcast","Languid"],"score":501,"play_id":"f4deb165-63ef-4bd2-8a23-44a04704012b","local_time":"20210114081018","is_ascension_mode":true,"campfire_choices":[{"data":"Cold Snap","floor":6,"key":"SMITH"},{"data":"Cold Snap","floor":8,"key":"SMITH"},{"data":"ReplayTheSpireMod:Fabricate Wheel","floor":15,"key":"SMITH"},{"data":"Defragment","floor":24,"key":"SMITH"},{"data":"Self Repair","floor":27,"key":"SMITH"},{"floor":30,"key":"REST"},{"data":"Streamline","floor":32,"key":"SMITH"}],"circlet_count":0,"master_deck":["Strike_B","Strike_B","Strike_B","Strike_B","Defend_B","Defend_B","Defend_B","Defend_B","Zap","Sunder","Cold Snap+1","Cold Snap+1","Defragment+1","Self Repair+1","Echo Form","Core Surge","Writhe","Doubt","Streamline+1"],"relics":["Cracked Core","HushsDoor","PokeGo","Divine Protection","PillsDrop","MerchantsRug","Replay:Bandana","Prayer Wheel","Lantern","Cables","Unceasing Top","ReplayTheSpireMod:Ring of Addiction","Ring of Fury","Chameleon Ring","Gambling Chip","MaYiHuaBei","Juzu Bracelet","The Courier","Ice Cream"],"acts_visited":["Exordium","TheCity"],"potions_floor_usage":[23,25],"damage_taken":[{"damage":0.0,"enemies":"Small Slimes","floor":1.0,"turns":1.0},{"damage":0,"enemies":"Cultist","floor":2,"turns":2},{"damage":4,"enemies":"2 Louse","floor":3,"turns":2},{"damage":7,"enemies":"Large Slime","floor":5,"turns":6},{"damage":0,"enemies":"Exordium Wildlife","floor":7,"turns":3},{"damage":1,"enemies":"Lagavulin","floor":10,"turns":4},{"damage":1,"enemies":"Exordium Thugs","floor":11,"turns":4},{"damage":0,"enemies":"Blue Slaver","floor":14,"turns":3},{"damage":13,"enemies":"Slime Boss","floor":16,"turns":14},{"damage":23,"enemies":"Chosen","floor":18,"turns":5},{"damage":0,"enemies":"3 Byrds","floor":20,"turns":5},{"damage":0,"enemies":"Centurion and Healer","floor":22,"turns":5},{"damage":25,"enemies":"Gremlin Leader","floor":23,"turns":7},{"damage":13,"enemies":"Book of Stabbing","floor":25,"turns":4},{"damage":59,"enemies":"Collector","floor":33,"turns":5}],"seed_played":"3256129487598267006","potions_obtained":[{"floor":1,"key":"blueLaboratory:BubblePotion"},{"floor":5,"key":"blueLaboratory:PhilterOfMotion"},{"floor":7,"key":"Energy Potion"},{"floor":10,"key":"LiquidMemories"},{"floor":18,"key":"LifebloodPotion"},{"floor":19,"key":"blueLaboratory:BottleOfVodka"},{"floor":19,"key":"blueLaboratory:PhilterOfMotion"},{"floor":19,"key":"blueLaboratory:TeslaPotion"}],"is_trial":false,"path_per_floor":["M","M","M","$","M","R","M","R","T","E","M","$","?","M","R","B",null,"M","?","M","?","M","E","R","E","T","R","?","?","R","$","R","B"],"character_chosen":"DEFECT","items_purchased":["Sunder","MerchantsRug","ReplayTheSpireMod:Fabricate Wheel","Ice Cream"],"campfire_rested":1,"item_purchase_floors":[0,12,12,31],"current_hp_per_floor":[68,68,64,64,57,57,57,57,57,56,55,55,40,40,40,34,65,49,49,63,45,52,41,41,28,28,28,28,13,34,34,34,0,0],"gold":197,"neow_bonus":"","is_daily":false,"chose_seed":false,"campfire_upgraded":6,"win_rate":0.0,"timestamp":1610622618,"path_taken":["M","M","M","$","M","R","M","R","T","E","M","$","?","?","R","BOSS","M","?","M","?","M","E","R","E","T","R","?","?","R","$","R","BOSS"],"items_purchased_type":["Card","Relic","Card","Relic"],"build_version":"2020-12-22","purchased_purges":2,"victory":false,"max_hp_per_floor":[75,75,75,75,75,75,75,75,75,75,75,75,75,75,75,75,75,75,75,75,75,75,73,73,73,73,73,73,71,71,71,69,69,69],"card_choices":[{"not_picked":["Redo","Panic Button"],"picked":"Cold Snap","floor":1},{"not_picked":["Conserve Battery","Go for the Eyes","Crystallizer"],"picked":"SKIP","floor":2},{"not_picked":["Crystallizer","Steam","Blizzard"],"picked":"SKIP","floor":3},{"not_picked":["Storm","FTL","Tempest"],"picked":"SKIP","floor":5},{"not_picked":["Force Field","Sweeping Beam"],"picked":"Cold Snap","floor":7},{"not_picked":["Amplify","BootSequence"],"picked":"Defragment","floor":10},{"not_picked":["Loop","Sweeping Beam","Storm"],"picked":"SKIP","floor":11},{"not_picked":["Blizzard","Go for the Eyes"],"picked":"Self Repair","floor":14},{"not_picked":["Amplify","Machine Learning"],"picked":"Core Surge","floor":16},{"not_picked":["Spreading Infection","Voices"],"picked":"Writhe","floor":17},{"not_picked":["Normality","Decay"],"picked":"Languid","floor":17},{"not_picked":["Languid","CurseOfTheBell"],"picked":"ReplayTheSpireMod:Splinters","floor":17},{"not_picked":["Machine Learning","Stack","Doom and Gloom+1"],"picked":"SKIP","floor":18},{"not_picked":["Skim","ReplayGash","Rebound+1"],"picked":"SKIP","floor":18},{"not_picked":["Beam Cell","Aggregate","Rebound"],"picked":"SKIP","floor":20},{"not_picked":["FTL+1","Glacier+1","Undo"],"picked":"SKIP","floor":20},{"not_picked":["Go for the Eyes","Reinforced Body"],"picked":"Streamline","floor":22},{"not_picked":["Heatsinks","Gash","Conserve Battery+1"],"picked":"SKIP","floor":22},{"not_picked":["ReplayTheSpireMod:System Scan","Redo","Static Discharge+1"],"picked":"SKIP","floor":23},{"not_picked":["Gash","Recycle","Coolheaded"],"picked":"SKIP","floor":25}],"player_experience":517152,"relics_obtained":[{"floor":9,"key":"Divine Protection"},{"floor":10,"key":"PillsDrop"},{"floor":19,"key":"ReplayTheSpireMod:Ring of Addiction"},{"floor":19,"key":"Ring of Fury"},{"floor":19,"key":"Potion Belt"},{"floor":19,"key":"Chameleon Ring"},{"floor":21,"key":"Gambling Chip"},{"floor":23,"key":"MaYiHuaBei"},{"floor":25,"key":"Juzu Bracelet"},{"floor":26,"key":"The Courier"}],"event_choices":[{"cards_removed":["ReplayTheSpireMod:Splinters"],"damage_healed":0,"gold_gain":0,"player_choice":"Gave Gold","damage_taken":0,"max_hp_gain":0,"max_hp_loss":0,"event_name":"Beggar","floor":28,"gold_loss":75}],"is_beta":false,"boss_relics":[{"not_picked":["Black Star","energizedSpire:MagnifyingGlass"],"picked":"Replay:Ancient Bell"},{"not_picked":["Dream Catcher","Pet Ghost"],"picked":"Lantern"},{"not_picked":["TuHaoJin","Ornamental Fan"],"picked":"Cables"},{"not_picked":["Replay:PocketPolymizer","Girya"],"picked":"Unceasing Top"},{"not_picked":[]}],"items_purged_floors":[0,31],"is_endless":false,"potions_floor_spawned":[1,5,7,10,18],"killed_by":"Collector","ascension_level":6}}