{"host":"wogey4gsknv4ot2d","time":1610659659,"event":{"mods":["AchievementEnabler","BaseMod","Bestiary","Colored Map","Colored Powertips","Googly Eyes","Key Reminder","Minty Spire (QoL Compilation)","Permanent Neow","Rare Cards Sparkle","Relic Stats","The IronCluck","slay the spire mod where everything is the same but ironclad has a cowboy hat"],"gold_per_floor":[19,19,31,31,31,62,90,104,104,133,133,133,214,224,224,326,326,336,37,52,52,67,97,97,114,166,178,190,202,129,241,253,366,378,405,435,447,474,486,498,510,522,587,613,625,625],"floor_reached":45,"language":"ENG","playtime":1430,"items_purged":[],"score":524,"play_id":"3bc826ac-235c-48ab-a480-a6fd0991aa27","local_time":"20210114152739","is_ascension_mode":false,"campfire_choices":[{"floor":11,"key":"REST"},{"data":"Bludgeon","floor":15,"key":"SMITH"},{"data":"Immolate","floor":24,"key":"SMITH"},{"data":"Inflame","floor":27,"key":"SMITH"},{"data":"Shockwave","floor":32,"key":"SMITH"},{"data":"Bludgeon","floor":41,"key":"SMITH"}],"circlet_count":0,"master_deck":["Strike_R","Strike_R","Strike_R+1","Strike_R","Defend_R","Defend_R","Defend_R","Bash","Pommel Strike","Clash","Double Tap","Bludgeon+1","Flame Barrier","Thunderclap","Shockwave+1","Immolate+1","Inflame+1","Wild Strike","Pommel Strike+1","Thunderclap+1","Inflame+1","Dropkick","Hemokinesis","Limit Break","Carnage+1","Cleave+1","Iron Wave","Bludgeon+1","Rupture","Pommel Strike+1","Anger+1","Madness","Madness","Heavy Blade","Clothesline+1"],"relics":["Burning Blood","WingedGreaves","Sundial","HornCleat","InkBottle","Incense Burner","Matryoshka","Mark of Pain","TungstenRod","Prayer Wheel","Self Forming Clay","MawBank","Toy Ornithopter","Ginger","Meat on the Bone","Sozu","Potion Belt","Bag of Marbles"],"acts_visited":["Exordium","TheCity","TheBeyond"],"potions_floor_usage":[6,16,22,31,45],"damage_taken":[{"damage":10,"enemies":"Cultist","floor":1,"turns":4},{"damage":1,"enemies":"Jaw Worm","floor":3,"turns":3},{"damage":26,"enemies":"Lagavulin","floor":6,"turns":5},{"damage":18,"enemies":"Gremlin Nob","floor":7,"turns":4},{"damage":0,"enemies":"2 Louse","floor":8,"turns":3},{"damage":25,"enemies":"Lagavulin","floor":10,"turns":5},{"damage":4,"enemies":"Blue Slaver","floor":14,"turns":3},{"damage":40,"enemies":"Hexaghost","floor":16,"turns":9},{"damage":0,"enemies":"Spheric Guardian","floor":18,"turns":3},{"damage":8,"enemies":"Chosen","floor":20,"turns":2},{"damage":12,"enemies":"Centurion and Healer","floor":22,"turns":4},{"damage":3,"enemies":"Gremlin Leader","floor":23,"turns":4},{"damage":18,"enemies":"Snecko","floor":25,"turns":5},{"damage":0,"enemies":"Colosseum Slavers","floor":31,"turns":1},{"damage":5,"enemies":"Colosseum Nobs","floor":31,"turns":4},{"damage":30,"enemies":"Champ","floor":33,"turns":9},{"damage":8,"enemies":"3 Shapes","floor":35,"turns":3},{"damage":3,"enemies":"3 Darklings","floor":36,"turns":4},{"damage":2,"enemies":"4 Shapes","floor":38,"turns":4},{"damage":15,"enemies":"Spire Growth","floor":44,"turns":4},{"damage":80,"enemies":"Giant Head","floor":45,"turns":8}],"seed_played":"-6469528421554565879","potions_obtained":[{"floor":3,"key":"Ancient Potion"},{"floor":10,"key":"BloodPotion"},{"floor":18,"key":"DistilledChaos"},{"floor":20,"key":"Swift Potion"},{"floor":25,"key":"Explosive Potion"}],"is_trial":false,"path_per_floor":["M","$","M","?","?","E","E","M","T","E","R","?","T","M","R","B",null,"M","$","M","?","M","E","R","M","T","R","?","$","?","?","R","B",null,"M","M","?","M","?","$","R","?","T","M","E"],"character_chosen":"IRONCLAD","items_purchased":["TungstenRod"],"campfire_rested":1,"item_purchase_floors":[19],"current_hp_per_floor":[76,76,80,80,80,60,48,54,54,35,59,59,59,61,61,43,80,80,80,78,78,72,75,75,63,63,63,49,49,49,61,61,49,85,83,85,85,85,85,85,85,75,75,66,0,0],"gold":625,"neow_bonus":"ONE_RARE_RELIC","is_daily":false,"chose_seed":false,"campfire_upgraded":5,"win_rate":0.0,"timestamp":1610659659,"path_taken":["M","$","M","?","?","E","E","?","T","E","R","?","?","?","R","BOSS","M","$","M","?","M","E","R","M","T","R","?","?","?","?","R","BOSS","M","M","?","?","?","$","R","?","T","M","E"],"items_purchased_type":["Relic"],"build_version":"2020-12-22","purchased_purges":0,"victory":false,"max_hp_per_floor":[80,80,80,80,80,80,80,80,80,80,80,80,80,80,80,80,80,80,80,80,80,80,80,80,80,80,80,85,85,85,85,85,85,85,85,85,85,85,85,85,85,85,85,85,85,85],"relic_stats":{"counters":[21,91],"Self Forming Clay":[36],"Ginger":[4],"MawBank":228,"Burning Blood":108,"Sozu":0,"Sundial":[6],"Prayer Wheel":5,"obtain_stats":[{"Potion Belt":43,"Self Forming Clay":26,"Incense Burner":10,"Ginger":31,"MawBank":26,"Burning Blood":0,"Sozu":34,"HornCleat":7,"Matryoshka":13,"Sundial":6,"Prayer Wheel":23,"WingedGreaves":0,"Mark of Pain":17,"Bag of Marbles":43,"InkBottle":9,"TungstenRod":19,"Toy Ornithopter":30,"Meat on the Bone":31},{"Potion Belt":19,"Self Forming Clay":13,"Incense Burner":6,"Ginger":15,"MawBank":13,"Burning Blood":0,"Sozu":16,"HornCleat":4,"Matryoshka":6,"Sundial":3,"Prayer Wheel":12,"WingedGreaves":0,"Mark of Pain":8,"Bag of Marbles":19,"InkBottle":5,"TungstenRod":9,"Toy Ornithopter":13,"Meat on the Bone":15},{"Potion Belt":79,"Self Forming Clay":54,"Incense Burner":24,"Ginger":59,"MawBank":54,"Burning Blood":0,"Sozu":68,"HornCleat":16,"Matryoshka":24,"Sundial":12,"Prayer Wheel":49,"WingedGreaves":0,"Mark of Pain":36,"Bag of Marbles":79,"InkBottle":19,"TungstenRod":39,"Toy Ornithopter":54,"Meat on the Bone":59}],"InkBottle":[21],"TungstenRod":28,"Toy Ornithopter":10,"Meat on the Bone":12},"card_choices":[{"not_picked":["Flex","Wild Strike"],"picked":"Pommel Strike","floor":1},{"not_picked":["True Grit","Shrug It Off"],"picked":"Clash","floor":3},{"not_picked":["Reckless Charge","Flex"],"picked":"Bludgeon","floor":6},{"not_picked":["Berserk","Heavy Blade"],"picked":"Flame Barrier","floor":7},{"not_picked":["Dropkick","Dual Wield"],"picked":"Metallicize","floor":8},{"not_picked":["Feel No Pain","Dark Embrace"],"picked":"Thunderclap","floor":10},{"not_picked":["Cleave","Ghostly Armor"],"picked":"Shockwave","floor":14},{"not_picked":["Double Tap","Juggernaut"],"picked":"Immolate","floor":16},{"not_picked":["True Grit","Sever Soul"],"picked":"Inflame","floor":18},{"not_picked":["Warcry","Battle Trance"],"picked":"Wild Strike","floor":20},{"not_picked":["Warcry","Sever Soul+1"],"picked":"Pommel Strike+1","floor":22},{"not_picked":["Power Through","Flex"],"picked":"Thunderclap+1","floor":23},{"not_picked":["Demon Form","Pommel Strike"],"picked":"Inflame+1","floor":25},{"not_picked":["Warcry","Sever Soul"],"picked":"Dropkick","floor":25},{"not_picked":["Power Through","Pommel Strike"],"picked":"Hemokinesis","floor":31},{"not_picked":["Fiend Fire","Impervious"],"picked":"Limit Break","floor":33},{"not_picked":["Sword Boomerang+1","Clothesline+1"],"picked":"Carnage+1","floor":35},{"not_picked":["Whirlwind","Anger+1"],"picked":"Cleave+1","floor":35},{"not_picked":["Heavy Blade+1","Seeing Red+1"],"picked":"Iron Wave","floor":36},{"not_picked":["Metallicize+1","Clothesline"],"picked":"Bludgeon","floor":36},{"not_picked":["Blood for Blood+1","Sever Soul"],"picked":"Pommel Strike+1","floor":38},{"not_picked":["Havoc+1","Carnage"],"picked":"Anger+1","floor":38},{"not_picked":["True Grit","Body Slam"],"picked":"Heavy Blade","floor":44},{"not_picked":["Headbutt","Fire Breathing"],"picked":"Clothesline+1","floor":44}],"player_experience":31534,"relics_obtained":[{"floor":6,"key":"Sundial"},{"floor":7,"key":"HornCleat"},{"floor":9,"key":"InkBottle"},{"floor":10,"key":"Incense Burner"},{"floor":13,"key":"Matryoshka"},{"floor":23,"key":"Prayer Wheel"},{"floor":26,"key":"Self Forming Clay"},{"floor":26,"key":"MawBank"},{"floor":31,"key":"Ginger"},{"floor":31,"key":"Meat on the Bone"},{"floor":43,"key":"Potion Belt"},{"floor":43,"key":"Bag of Marbles"}],"event_choices":[{"damage_healed":0,"gold_gain":0,"player_choice":"Grow","damage_taken":0,"max_hp_gain":0,"max_hp_loss":0,"event_name":"Living Wall","floor":4,"gold_loss":0,"cards_upgraded":["Strike_R"]},{"damage_healed":0,"gold_gain":0,"cards_transformed":["Defend_R"],"player_choice":"Transformed","damage_taken":0,"max_hp_gain":0,"max_hp_loss":0,"event_name":"Transmorgrifier","floor":5,"gold_loss":0,"cards_obtained":["Double Tap"]},{"damage_healed":0,"gold_gain":0,"player_choice":"Ignored","damage_taken":0,"max_hp_gain":0,"max_hp_loss":0,"event_name":"Liars Game","floor":12,"gold_loss":0},{"damage_healed":0,"gold_gain":0,"player_choice":"Ignored","damage_taken":0,"max_hp_gain":0,"max_hp_loss":0,"event_name":"Vampires","floor":21,"gold_loss":0},{"damage_healed":0,"gold_gain":0,"player_choice":"Shed Blood","damage_taken":20,"max_hp_gain":5,"max_hp_loss":0,"event_name":"Forgotten Altar","floor":28,"gold_loss":0},{"damage_healed":0,"gold_gain":0,"player_choice":"Obtained Relic","damage_taken":0,"relics_obtained":["Toy Ornithopter"],"max_hp_gain":0,"max_hp_loss":0,"event_name":"Addict","floor":30,"gold_loss":85},{"damage_healed":0,"gold_gain":0,"player_choice":"Fight","damage_taken":0,"max_hp_gain":0,"max_hp_loss":0,"event_name":"Colosseum","floor":31,"gold_loss":0},{"damage_healed":0,"gold_gain":0,"player_choice":"Fought Nobs","damage_taken":0,"max_hp_gain":0,"max_hp_loss":0,"event_name":"Colosseum","floor":31,"gold_loss":0},{"damage_healed":0,"gold_gain":0,"cards_transformed":["Strike_R"],"player_choice":"Transformed","damage_taken":0,"max_hp_gain":0,"max_hp_loss":0,"event_name":"Transmorgrifier","floor":37,"gold_loss":0,"cards_obtained":["Rupture"]},{"cards_removed":["Metallicize"],"damage_healed":0,"gold_gain":0,"player_choice":"Removed Power","damage_taken":0,"max_hp_gain":0,"max_hp_loss":0,"event_name":"Falling","floor":39,"gold_loss":0},{"damage_healed":0,"gold_gain":0,"player_choice":"Embrace Madness","damage_taken":11,"max_hp_gain":0,"max_hp_loss":0,"event_name":"Winding Halls","floor":42,"gold_loss":0,"cards_obtained":["Madness","Madness"]}],"is_beta":false,"boss_relics":[{"not_picked":["Coffee Dripper","Philosopher\u0027s Stone"],"picked":"Mark of Pain"},{"not_picked":["Busted Crown","Snecko Eye"],"picked":"Sozu"}],"items_purged_floors":[],"is_endless":false,"potions_floor_spawned":[3,10,16,18,20,25,31,44],"killed_by":"Giant Head","ascension_level":0}}