{"host":"1a3cjta80tad0aqj","time":1610624265,"event":{"mods":["2.2 Compatiblity","AchievementEnabler","BaseMod","Colored Map","DeckTracker","KOR Keyword Fix","Keyboard Shortcuts","Minty Spire (QoL Compilation)","Permanent Neow","Quick Restart","Random Character Button","StSLib","SuperFastMode","everything is the same but u backflip on backflip"],"gold_per_floor":[214,60,60,11,21,21,46,46,46,5,20,20,20,30,30,134,134,154,166,166,166,91,91,110,110,135,135,135,85,85,85],"floor_reached":30,"language":"KOR","playtime":999,"items_purged":["Defend_P"],"score":384,"play_id":"8fd90f5c-6153-47fe-b123-1e33d632ac6d","local_time":"20210114203745","is_ascension_mode":true,"campfire_choices":[{"data":"ClearTheMind","floor":6.0,"key":"SMITH"},{"floor":15.0,"key":"REST"},{"data":"Blasphemy","floor":23.0,"key":"SMITH"},{"floor":27.0,"key":"REST"},{"data":"MentalFortress","floor":28.0,"key":"SMITH"}],"circlet_count":0,"master_deck":["Strike_P","Strike_P","Strike_P","Strike_P","Defend_P+1","Defend_P","Eruption+1","Vigilance","ClearTheMind+1","FollowUp","BowlingBash","Tantrum","Blasphemy+1","CurseOfTheBell","EmptyBody","Halt+1","MentalFortress+1","CutThroughFate","SashWhip"],"relics":["PureWater","Dream Catcher","The Courier","Damaru","Calling Bell","Pen Nib","Singing Bowl","WingedGreaves","Smiling Mask"],"acts_visited":["Exordium","TheCity"],"potions_floor_usage":[30,30],"damage_taken":[{"damage":0.0,"enemies":"Cultist","floor":1.0,"turns":3.0},{"damage":0.0,"enemies":"Small Slimes","floor":5.0,"turns":2.0},{"damage":35.0,"enemies":"3 Sentries","floor":7.0,"turns":10.0},{"damage":0.0,"enemies":"Jaw Worm","floor":11.0,"turns":3.0},{"damage":3.0,"enemies":"Blue Slaver","floor":14.0,"turns":4.0},{"damage":0.0,"enemies":"Slime Boss","floor":16.0,"turns":5.0},{"damage":18.0,"enemies":"Shell Parasite","floor":18.0,"turns":7.0},{"damage":14.0,"enemies":"3 Byrds","floor":19.0,"turns":5.0},{"damage":0.0,"enemies":"Snake Plant","floor":24.0,"turns":1.0},{"damage":100057,"enemies":"Book of Stabbing","floor":30,"turns":8}],"seed_played":"-7499978776399186027","potions_obtained":[{"floor":1.0,"key":"LiquidMemories"},{"floor":7.0,"key":"Fruit Juice"},{"floor":11.0,"key":"Ambrosia"},{"floor":19.0,"key":"Ancient Potion"},{"floor":24.0,"key":"SkillPotion"},{"floor":25.0,"key":"LiquidMemories"},{"floor":25.0,"key":"Block Potion"}],"is_trial":false,"path_per_floor":["M","$","?","$","M","R","E","?","T","$","M","$","$","M","R","B",null,"M","M","?","?","?","R","M","?","T","R","R","$","E"],"character_chosen":"WATCHER","items_purchased":["Dream Catcher","SpeedPotion","Block Potion"],"campfire_rested":2,"item_purchase_floors":[2,4,10],"current_hp_per_floor":[65,65,51,51,51,51,21,21,21,21,21,21,21,18,41,41,68,50,36,36,36,36,36,36,36,36,59,59,59,0,0],"gold":85,"neow_bonus":"HUNDRED_GOLD","is_daily":false,"chose_seed":false,"campfire_upgraded":3,"win_rate":0.0,"timestamp":1610624265,"path_taken":["M","?","?","$","M","R","E","?","T","$","M","?","$","M","R","BOSS","M","M","?","?","?","R","?","?","T","R","R","$","E"],"items_purchased_type":["Relic","Potion","Potion"],"build_version":"2020-12-22","purchased_purges":1,"victory":false,"max_hp_per_floor":[72,72,72,72,72,72,77,77,77,77,77,77,77,77,77,77,77,77,77,77,77,77,77,77,77,77,77,77,77,77,77],"card_choices":[{"not_picked":["ReachHeaven","ForeignInfluence"],"picked":"ClearTheMind","floor":1.0},{"not_picked":["Study","Protect","PathToVictory"],"picked":"SKIP","floor":5.0},{"not_picked":["SandsOfTime","Nirvana"],"picked":"FollowUp","floor":7.0},{"not_picked":["Weave","CrushJoints"],"picked":"BowlingBash","floor":11.0},{"not_picked":["BowlingBash","Conclude","Prostrate"],"picked":"SKIP","floor":14.0},{"not_picked":["InnerPeace","Sanctity"],"picked":"Tantrum","floor":15.0},{"not_picked":["LessonLearned","Alpha"],"picked":"Blasphemy","floor":16.0},{"not_picked":["WreathOfFlame+1","Crescendo"],"picked":"EmptyBody","floor":18.0},{"not_picked":["SashWhip","CutThroughFate"],"picked":"Halt+1","floor":19.0},{"not_picked":["PathToVictory+1","CrushJoints"],"picked":"CutThroughFate","floor":24.0},{"not_picked":["Conclude","InnerPeace+1"],"picked":"SashWhip","floor":27.0}],"player_experience":626710,"relics_obtained":[{"floor":7.0,"key":"The Courier"},{"floor":9.0,"key":"Damaru"},{"floor":17.0,"key":"Pen Nib"},{"floor":17.0,"key":"Singing Bowl"},{"floor":17.0,"key":"WingedGreaves"},{"floor":26.0,"key":"Smiling Mask"}],"event_choices":[{"damage_healed":0.0,"max_hp_gain":0.0,"max_hp_loss":0.0,"gold_gain":0.0,"event_name":"Shining Light","player_choice":"Entered Light","floor":3.0,"gold_loss":0.0,"damage_taken":14.0,"cards_upgraded":["Eruption","Defend_P"]},{"damage_healed":0.0,"max_hp_gain":0.0,"max_hp_loss":0.0,"gold_gain":0.0,"event_name":"Dead Adventurer","player_choice":"Searched \u00270\u0027 times","floor":8.0,"gold_loss":0.0,"damage_taken":0.0},{"damage_healed":0.0,"max_hp_gain":0.0,"max_hp_loss":0.0,"gold_gain":0.0,"event_name":"The Library","player_choice":"Read","floor":20.0,"gold_loss":0.0,"damage_taken":0.0,"cards_obtained":["MentalFortress"]},{"damage_healed":0.0,"max_hp_gain":0.0,"max_hp_loss":0.0,"gold_gain":0.0,"event_name":"Vampires","player_choice":"Ignored","floor":21.0,"gold_loss":0.0,"damage_taken":0.0},{"cards_removed":["Defend_P"],"damage_healed":0.0,"max_hp_gain":0.0,"max_hp_loss":0.0,"gold_gain":0.0,"event_name":"Beggar","player_choice":"Gave Gold","floor":22.0,"gold_loss":75.0,"damage_taken":0.0},{"damage_healed":0.0,"max_hp_gain":0.0,"max_hp_loss":0.0,"gold_gain":0.0,"event_name":"Lab","player_choice":"Got Potions","floor":25.0,"gold_loss":0.0,"damage_taken":0.0}],"is_beta":false,"boss_relics":[{"not_picked":["Busted Crown","Black Star"],"picked":"Calling Bell"}],"items_purged_floors":[29],"is_endless":false,"potions_floor_spawned":[1,7,11,14,19,24],"killed_by":"Book of Stabbing","ascension_level":8}}