{"host":"njruw0b0uprlitpx","time":1610661373,"event":{"mods":["2.2 Compatiblity","Bartender","BaseMod","Better Altar","Better Match","Better Note","Better Sensory Stone","Better Skull","Better Third Choice","BetterRewards","Block Reminder","Colored Map","Colored Powertips","Energized Spire","Jedi Mod","Keyboard Shortcuts","Minty Spire (QoL Compilation)","Quick Restart","Rare Cards Sparkle","Relic Stats","Replay The Spire","SacredBarkPlus","Spicy Shops","StSLib","SuperFastMode","The Construct","The Dragon Tamer","The Hierophant","The Marked","The Mystic","Wandering Minibosses"],"gold_per_floor":[109,127,202,202,217,248,248,263,263,280,305,305,317,332,332,405,405,422,2,22,35,35,35,49,80,80,106,205,205,232,246,246,324,324,343,359,90,105,105,105,131,131,178,178,192,206,206,206,206,206],"floor_reached":51,"language":"ENG","playtime":2070,"items_purged":["Strike_Bartender","Defend_Bartender","Defend_Bartender"],"score":1777,"play_id":"6e45284d-02b5-4be3-a642-fb121cb8c9d4","local_time":"20210114155613","is_ascension_mode":true,"campfire_choices":[{"floor":7,"key":"REST"},{"floor":12,"key":"REST"},{"data":"OpoOpo_Form","floor":15,"key":"SMITH"},{"floor":23,"key":"REST"},{"data":"Dolphin_Blow","floor":29,"key":"SMITH"},{"data":"Form_Shift","floor":32,"key":"SMITH"},{"data":"Momentum","floor":40,"key":"SMITH"},{"data":"High_Tide","floor":42,"key":"SMITH"},{"data":"Combo_Master","floor":47,"key":"SMITH"},{"data":"mysticmod:MagicWeapon","floor":49,"key":"SMITH"}],"circlet_count":0,"master_deck":["AscendersBane","Strike_Bartender","Strike_Bartender","Strike_Bartender","Defend_Bartender+1","Defend_Bartender","Somersault","OpoOpo_Form+1","Stick_and_Move","Momentum+1","Feint+1","Power_Up_Punch","Axe_Heel_Kick","High_Tide+1","Vortex","Ball_Of_Ice","Ripple","Windup","Combo_Master+1","Power_Up_Punch","Ball_Of_Ice","Ripple","mysticmod:MagicWeapon+1","Form_Shift+1","Dolphin_Blow+1","Dancing_Jab","Ripple+1","Form_Shift+1","Rising_Crane","Dart+1","Alacrity+1","Perfect_Balance+1","Power_Up_Punch","Raptor_Form+1","Bitters+1"],"relics":["Sneakers","ReplayTheSpireMod:TigerMarble","Piano_Music","Mango","jedi:crownofsimplicity","Bag of Marbles","Calipers","jedi:archwizardhat","Meat on the Bone","StrikeDummy","War Paint","Painkiller Herb","Replay:Wax Seal","Lantern","Darkstone Periapt","jedi:matchstick","Toxic Egg 2","Toy Ornithopter","Honey Jar","ReplayTheSpireMod:CursedCoin","Replay:Bottled Flurry","Vajra","Replay:Baseball"],"acts_visited":["Exordium","TheCity","TheBeyond"],"potions_floor_usage":[11,16,16,33,33,48,50,50],"damage_taken":[{"damage":0,"enemies":"Cultist","floor":1,"turns":3},{"damage":4,"enemies":"Jaw Worm","floor":2,"turns":3},{"damage":0,"enemies":"2 Louse","floor":5,"turns":2},{"damage":15,"enemies":"Gremlin Nob","floor":6,"turns":3},{"damage":14,"enemies":"Exordium Thugs","floor":8,"turns":4},{"damage":3,"enemies":"Looter","floor":10,"turns":2},{"damage":9,"enemies":"3 Sentries","floor":11,"turns":6},{"damage":6,"enemies":"Exordium Wildlife","floor":13,"turns":3},{"damage":9,"enemies":"2 Fungi Beasts","floor":14,"turns":2},{"damage":26,"enemies":"The Guardian","floor":16,"turns":6},{"damage":3,"enemies":"Shell Parasite","floor":18,"turns":3},{"damage":0,"enemies":"Chosen","floor":20,"turns":3},{"damage":19,"enemies":"Sentry and Sphere","floor":21,"turns":4},{"damage":8,"enemies":"Centurion and Healer","floor":24,"turns":3},{"damage":0,"enemies":"Gremlin Leader","floor":25,"turns":4},{"damage":0,"enemies":"Replay:Snechameleon","floor":27,"turns":3},{"damage":5,"enemies":"Slavers","floor":30,"turns":4},{"damage":0,"enemies":"Chosen and Byrds","floor":31,"turns":3},{"damage":4,"enemies":"Automaton","floor":33,"turns":6},{"damage":4,"enemies":"Orb Walker","floor":35,"turns":4},{"damage":0,"enemies":"3 Shapes","floor":36,"turns":3},{"damage":3,"enemies":"Writhing Mass","floor":38,"turns":2},{"damage":0,"enemies":"Giant Head","floor":41,"turns":3},{"damage":0,"enemies":"Transient","floor":45,"turns":4},{"damage":0,"enemies":"3 Darklings","floor":46,"turns":2},{"damage":0,"enemies":"4 Shapes","floor":48,"turns":1},{"damage":20,"enemies":"Donu and Deca","floor":50,"turns":4}],"seed_played":"1352926890643732087","potions_obtained":[{"floor":10,"key":"Weak Potion"},{"floor":13,"key":"EssenceOfSteel"},{"floor":21,"key":"Ancient Potion"},{"floor":24,"key":"Cursed Concoction"},{"floor":31,"key":"Reflective Coating"},{"floor":36,"key":"ColorlessPotion"},{"floor":38,"key":"SmokeBomb"},{"floor":46,"key":"Fire Potion"}],"is_trial":false,"path_per_floor":["M","M","?","?","M","E","R","M","T","M","E","R","M","M","R","B",null,"?","T","?","?","?","T","?","E","T","E","?","T","E","?","T","B",null,"?","?","T","?","?","T","E","T","T","?","?","?","T","?","T","B",null],"character_chosen":"BARTENDER","items_purchased":["ReplayTheSpireMod:TigerMarble","Piano_Music","OpoOpo_Form","Stick_and_Move","jedi:crownofsimplicity","Bag of Marbles","Momentum","FearPotion","AttackPotion","Replay:Wax Seal","Lantern","Combo_Master","Power_Up_Punch","Ball_Of_Ice","ReplayTheSpireMod:CursedCoin","Alacrity+1","Replay:Bottled Flurry","Strength Potion","Adrenaline Potion"],"campfire_rested":3,"item_purchase_floors":[0,0,0,0,0,0,0,0,0,19,19,19,19,19,37,37,37,37,37],"current_hp_per_floor":[73,69,58,58,58,43,66,52,52,49,40,63,57,48,48,34,68,65,65,65,50,50,73,65,65,65,65,65,65,60,60,60,66,76,72,72,78,75,75,75,75,75,75,75,75,75,75,78,78,58],"gold":206,"neow_bonus":"","is_daily":false,"chose_seed":false,"campfire_upgraded":7,"win_rate":0.0,"timestamp":1610661373,"path_taken":["M","?","?","?","?","E","R","M","T","M","E","R","M","M","R","BOSS","?","T","?","?","?","T","?","E","T","E","?","T","E","?","T","BOSS","?","?","T","?","?","T","E","T","T","?","?","?","T","?","T","BOSS"],"items_purchased_type":["Relic","Relic","Card","Card","Relic","Relic","Card","Potion","Potion","Relic","Relic","Card","Card","Card","Relic","Card","Relic","Potion","Potion"],"build_version":"2020-12-22","purchased_purges":3,"victory":true,"max_hp_per_floor":[79,79,79,79,79,79,79,79,79,79,79,79,79,79,79,79,79,79,79,79,79,79,79,79,79,79,79,79,79,79,79,79,79,79,79,79,85,85,81,81,81,81,81,78,78,78,78,78,78,78],"relic_stats":{"Darkstone Periapt":6,"counters":[45,165],"War Paint":["Defend_Bartender","Defend_Bartender","Defend_Bartender","Feint"],"obtain_stats":[{"Darkstone Periapt":25,"Lantern":39,"Calipers":0,"Piano_Music":0,"CeramicFish":10,"Vajra":41,"Mango":0,"Painkiller Herb":17,"jedi:archwizardhat":4,"Dream Catcher":7,"Nunchaku":39,"jedi:paperlyon":17,"Honey Jar":34,"jedi:matchstick":26,"Replay:Bottled Flurry":37,"Replay:Wax Seal":19,"Toxic Egg 2":27,"Ring of the Snake":0,"NeowsBlessing":0,"ReplayTheSpireMod:CursedCoin":39,"Oddly Smooth Stone":19,"jedi:gremlinknob":40,"jedi:crownofsimplicity":0,"War Paint":11,"White Beast Statue":9,"Pondfish Scales":39,"Replay:Baseball":43,"Orrery":19,"ReplayTheSpireMod:TigerMarble":0,"Bag of Marbles":0,"StrikeDummy":9,"Toy Ornithopter":30,"Meat on the Bone":6},{"Darkstone Periapt":33,"Lantern":12,"Calipers":18,"Piano_Music":18,"CeramicFish":5,"Vajra":41,"Mango":18,"Painkiller Herb":28,"jedi:archwizardhat":20,"Dream Catcher":4,"Nunchaku":12,"jedi:paperlyon":8,"Honey Jar":37,"jedi:matchstick":33,"Replay:Bottled Flurry":39,"Replay:Wax Seal":29,"Toxic Egg 2":34,"Ring of the Snake":0,"NeowsBlessing":0,"ReplayTheSpireMod:CursedCoin":12,"Oddly Smooth Stone":9,"jedi:gremlinknob":13,"jedi:crownofsimplicity":18,"War Paint":25,"White Beast Statue":4,"Pondfish Scales":12,"Replay:Baseball":41,"Orrery":9,"ReplayTheSpireMod:TigerMarble":18,"Bag of Marbles":18,"StrikeDummy":23,"Toy Ornithopter":35,"Meat on the Bone":22},{"Darkstone Periapt":126,"Lantern":53,"Calipers":75,"Piano_Music":75,"CeramicFish":16,"Vajra":154,"Mango":75,"Painkiller Herb":109,"jedi:archwizardhat":81,"Dream Catcher":8,"Nunchaku":53,"jedi:paperlyon":36,"Honey Jar":142,"jedi:matchstick":126,"Replay:Bottled Flurry":149,"Replay:Wax Seal":112,"Toxic Egg 2":129,"Ring of the Snake":0,"NeowsBlessing":0,"ReplayTheSpireMod:CursedCoin":53,"Oddly Smooth Stone":41,"jedi:gremlinknob":58,"jedi:crownofsimplicity":75,"War Paint":98,"White Beast Statue":8,"Pondfish Scales":53,"Replay:Baseball":154,"Orrery":41,"ReplayTheSpireMod:TigerMarble":75,"Bag of Marbles":75,"StrikeDummy":90,"Toy Ornithopter":133,"Meat on the Bone":86}],"Toy Ornithopter":13,"Meat on the Bone":12},"card_choices":[{"not_picked":["With_A_Twist","Free_Pour"],"picked":"Feint","floor":1},{"not_picked":["Sucker_Punch","Ball_Of_Ice"],"picked":"Power_Up_Punch","floor":2},{"not_picked":["Fight_Dirty","ThreeSidedStar","Bitters"],"picked":"SKIP","floor":5},{"not_picked":["Phantom_Blow","ThreeSidedStar","Storage"],"picked":"SKIP","floor":6},{"not_picked":["Sucker_Punch","Pony_Shot"],"picked":"Axe_Heel_Kick","floor":8},{"not_picked":["Press_Forward","With_A_Twist"],"picked":"High_Tide","floor":10},{"not_picked":["Scowl","Cross"],"picked":"Vortex","floor":11},{"not_picked":["Phantom_Blow","Vortex"],"picked":"Ball_Of_Ice","floor":13},{"not_picked":["RockBreaker","Meditate"],"picked":"Ripple","floor":14},{"not_picked":["Top_Shelf","Beat_Rush"],"picked":"Windup","floor":16},{"not_picked":["Press_Forward","Stick_and_Move","On_The_Rocks"],"picked":"SKIP","floor":18},{"not_picked":["Bloodbath_Bartender","Dart"],"picked":"Ripple","floor":20},{"not_picked":["Greased_Lightning","ThreeSidedStar","On_The_Rocks"],"picked":"SKIP","floor":21},{"not_picked":["Meteodrive","Insight_B"],"picked":"Form_Shift","floor":24},{"not_picked":["Mirage","Sucker_Punch"],"picked":"Dolphin_Blow","floor":25},{"not_picked":["ThreeSidedStar","Step_Of_The_Wind+1","Feint+1"],"picked":"SKIP","floor":27},{"not_picked":["Sucker_Punch","Center_Self+1"],"picked":"Dancing_Jab","floor":30},{"not_picked":["On_The_Rocks+1","Bloodbath_Bartender+1"],"picked":"Ripple+1","floor":31},{"not_picked":["Storage","Patience"],"picked":"Form_Shift+1","floor":33},{"not_picked":["Meditate+1","Press_Forward+1","With_A_Twist+1"],"picked":"Rising_Crane","floor":35},{"not_picked":["Perfect_Balance+1","Fight_Dirty+1","Glare+1"],"picked":"Dart+1","floor":36},{"not_picked":["Meteodrive","Scoop+1","Bicycle_Kick"],"picked":"Perfect_Balance+1","floor":38},{"not_picked":["Pony_Shot","Free_Pour+1","Phantom_Blow"],"picked":"Power_Up_Punch","floor":41},{"not_picked":["Meteodrive","Perfect_Balance+1","On_The_Rocks+1"],"picked":"Raptor_Form+1","floor":45},{"not_picked":["Cross","Dancing_Jab","Surge+1"],"picked":"Bitters+1","floor":46}],"player_experience":1480166,"relics_obtained":[{"floor":6,"key":"Meat on the Bone"},{"floor":9,"key":"StrikeDummy"},{"floor":11,"key":"War Paint"},{"floor":25,"key":"Darkstone Periapt"},{"floor":26,"key":"jedi:matchstick"},{"floor":27,"key":"Toxic Egg 2"},{"floor":30,"key":"Toy Ornithopter"},{"floor":41,"key":"Vajra"},{"floor":43,"key":"Replay:Baseball"}],"event_choices":[{"damage_healed":0,"gold_gain":75,"player_choice":"Gold","damage_taken":11,"max_hp_gain":0,"max_hp_loss":0,"event_name":"betterThird:BetterGoop","floor":3,"gold_loss":0},{"damage_healed":0,"gold_gain":0,"player_choice":"Gave Potion","damage_taken":0,"relics_obtained":["jedi:archwizardhat"],"max_hp_gain":0,"max_hp_loss":0,"event_name":"WeMeetAgain","floor":4,"gold_loss":0},{"cards_removed":["Momentum"],"damage_healed":0,"gold_gain":0,"player_choice":"Take \u0026 Give","damage_taken":0,"max_hp_gain":0,"max_hp_loss":0,"event_name":"betterNote:BetterNote","floor":22,"gold_loss":0,"cards_obtained":["mysticmod:MagicWeapon"]},{"damage_healed":0,"gold_gain":99,"player_choice":"Steal","damage_taken":0,"max_hp_gain":0,"max_hp_loss":0,"event_name":"betterThird:BetterNest","floor":28,"gold_loss":0},{"damage_healed":0,"gold_gain":0,"player_choice":"Max HP","damage_taken":0,"max_hp_gain":0,"max_hp_loss":4,"event_name":"Winding Halls","floor":39,"gold_loss":0},{"cards_removed":["Parasite"],"damage_healed":0,"gold_gain":0,"player_choice":"Removed Curses","damage_taken":0,"max_hp_gain":0,"max_hp_loss":0,"event_name":"Fountain of Cleansing","floor":44,"gold_loss":0}],"is_beta":false,"boss_relics":[{"not_picked":["energizedSpire:NeverEndingSparkler","Empty Cage"],"picked":"Painkiller Herb"},{"not_picked":["Velvet Choker","energizedSpire:EnergizedDie"],"picked":"Honey Jar"}],"items_purged_floors":[0,0,37],"is_endless":false,"potions_floor_spawned":[2,10,13,14,21,24,31,36,38,46,48],"ascension_level":14}}