{"host":"ibonnlq6s1c814xj","time":1610628238,"event":{"mods":["BaseMod","BetterRewards","Good Game Mod","Minty Spire (QoL Compilation)","Shop Mod","【功能Mod】聪明的最终Boss"],"gold_per_floor":[117,117,117,42,42,42,83,33,60,60,75,99,177,198,198,318,318,339,339,364,364,383,383,414,414,414,121,142,167,67,67,67,67,67],"floor_reached":33,"language":"ZHS","playtime":1340,"items_purged":["Injury","Strike_B"],"score":276,"play_id":"4b6fb048-13bd-4515-be51-12a855591086","local_time":"20210114204358","is_ascension_mode":true,"campfire_choices":[{"floor":6,"key":"REST"},{"floor":15,"key":"REST"},{"data":"Storm","floor":23,"key":"SMITH"},{"data":"Heatsinks","floor":25,"key":"SMITH"},{"floor":32,"key":"REST"}],"circlet_count":0,"master_deck":["Strike_B","Defend_B","Defend_B","Defend_B","Defend_B","Zap+1","Dualcast","Storm+1","Ball Lightning+1","Melter","Heatsinks+1","Hello World","White Noise","Seek","Redo+1","Storm","Consume","BootSequence"],"relics":["Cracked Core","REME:ComplimentaryCards","Bird Faced Urn","Torii","Strange Spoon","Golden Idol","Mummified Hand","Nunchaku","Sozu","GremlinMask","Oddly Smooth Stone","Shuriken","MerchantsRug"],"acts_visited":["Exordium","TheCity"],"potions_floor_usage":[16,18],"damage_taken":[{"damage":7,"enemies":"2 Louse","floor":1,"turns":3},{"damage":28,"enemies":"3 Sentries","floor":7,"turns":5},{"damage":6,"enemies":"Jaw Worm","floor":11,"turns":2},{"damage":0,"enemies":"Small Slimes","floor":12,"turns":3},{"damage":7,"enemies":"3 Louse","floor":14,"turns":3},{"damage":19,"enemies":"The Guardian","floor":16,"turns":7},{"damage":12,"enemies":"3 Byrds","floor":18,"turns":4},{"damage":7,"enemies":"Shell Parasite","floor":20,"turns":4},{"damage":10,"enemies":"Snecko","floor":22,"turns":3},{"damage":38,"enemies":"Gremlin Leader","floor":24,"turns":6},{"damage":16,"enemies":"Snake Plant","floor":28,"turns":3},{"damage":3,"enemies":"Centurion and Healer","floor":29,"turns":6},{"damage":72,"enemies":"Collector","floor":33,"turns":6}],"seed_played":"-3936167885757404494","potions_obtained":[{"floor":1,"key":"PowerPotion"},{"floor":12,"key":"Energy Potion"},{"floor":16,"key":"Regen Potion"}],"is_trial":false,"path_per_floor":["M","?","?","$","?","R","E","?","T","?","M","M","?","M","R","B",null,"M","?","M","?","M","R","E","R","T","$","M","M","$","?","R","B"],"character_chosen":"DEFECT","items_purchased":["Bird Faced Urn","Storm","Strange Spoon","Ball Lightning","Heatsinks","MerchantsRug","BootSequence"],"campfire_rested":3,"item_purchase_floors":[0,0,0,0,4,27,27],"current_hp_per_floor":[35,35,20,20,20,42,18,18,18,11,7,13,13,12,34,35,75,74,74,74,74,67,67,41,41,41,41,33,40,40,40,62,0,0],"gold":67,"neow_bonus":"","is_daily":false,"chose_seed":false,"campfire_upgraded":2,"win_rate":0.0,"timestamp":1610628238,"path_taken":["M","?","?","?","?","R","E","?","T","?","?","M","?","M","R","BOSS","M","?","?","?","M","R","E","R","T","$","M","?","?","?","R","BOSS"],"items_purchased_type":["Relic","Card","Relic","Card","Card","Relic","Card"],"build_version":"2020-12-22","purchased_purges":2,"victory":false,"max_hp_per_floor":[75,75,75,75,75,75,75,75,75,75,75,75,75,75,75,75,75,75,75,75,75,75,75,75,75,75,75,75,75,75,75,75,75,75],"card_choices":[{"not_picked":["Conserve Battery","Auto Shields","Rebound"],"picked":"SKIP","floor":1},{"not_picked":["Cold Snap","Meteor Strike","Coolheaded"],"picked":"SKIP","floor":7},{"not_picked":["Ball Lightning","Beam Cell"],"picked":"Hello World","floor":11},{"not_picked":["Leap","Cold Snap","Beam Cell"],"picked":"SKIP","floor":12},{"not_picked":["Beam Cell","Reinforced Body"],"picked":"White Noise","floor":14},{"not_picked":["Hyperbeam","Amplify"],"picked":"Seek","floor":16},{"not_picked":["Coolheaded","Sweeping Beam+1"],"picked":"Redo+1","floor":18},{"not_picked":["Glacier","Rebound+1","Hologram"],"picked":"SKIP","floor":20},{"not_picked":["Rebound","Beam Cell","Aggregate"],"picked":"SKIP","floor":22},{"not_picked":["Coolheaded","Storm"],"picked":"Consume","floor":24},{"not_picked":["Streamline+1","Redo+1","Compile Driver"],"picked":"SKIP","floor":28},{"not_picked":["Go for the Eyes","Consume+1","Streamline"],"picked":"SKIP","floor":29}],"player_experience":207785,"relics_obtained":[{"floor":7,"key":"Mummified Hand"},{"floor":9,"key":"Nunchaku"},{"floor":24,"key":"Oddly Smooth Stone"},{"floor":26,"key":"Shuriken"}],"event_choices":[{"damage_healed":0,"gold_gain":0,"cards_transformed":["Strike_B"],"player_choice":"Change","damage_taken":0,"max_hp_gain":0,"max_hp_loss":0,"event_name":"Living Wall","floor":2,"gold_loss":0,"cards_obtained":["Melter"]},{"damage_healed":0,"gold_gain":0,"player_choice":"Entered Light","damage_taken":15,"max_hp_gain":0,"max_hp_loss":0,"event_name":"Shining Light","floor":3,"gold_loss":0,"cards_upgraded":["Ball Lightning","Zap"]},{"damage_healed":0,"gold_gain":0,"player_choice":"Take Wound","damage_taken":0,"relics_obtained":["Golden Idol"],"max_hp_gain":0,"max_hp_loss":0,"event_name":"Golden Idol","floor":5,"gold_loss":0,"cards_obtained":["Injury"]},{"cards_removed":["Strike_B"],"damage_healed":0,"gold_gain":0,"player_choice":"Card Removal","damage_taken":0,"max_hp_gain":0,"max_hp_loss":0,"event_name":"The Cleric","floor":8,"gold_loss":50},{"damage_healed":0,"gold_gain":0,"player_choice":"Damaged","damage_taken":7,"max_hp_gain":0,"max_hp_loss":0,"event_name":"Wheel of Change","floor":10,"gold_loss":0},{"damage_healed":0,"gold_gain":78,"player_choice":"Gained Gold","damage_taken":0,"max_hp_gain":0,"max_hp_loss":0,"event_name":"Golden Wing","floor":13,"gold_loss":0},{"damage_healed":0,"gold_gain":0,"player_choice":"Copied","damage_taken":0,"max_hp_gain":0,"max_hp_loss":0,"event_name":"Duplicator","floor":19,"gold_loss":0,"cards_obtained":["Storm"]},{"damage_healed":0,"gold_gain":0,"player_choice":"Trade","damage_taken":0,"relics_obtained":["GremlinMask"],"max_hp_gain":0,"max_hp_loss":0,"event_name":"FaceTrader","floor":21,"gold_loss":0},{"damage_healed":0,"gold_gain":0,"player_choice":"Ignored","damage_taken":0,"max_hp_gain":0,"max_hp_loss":0,"event_name":"Ghosts","floor":31,"gold_loss":0}],"is_beta":false,"boss_relics":[{"not_picked":["Velvet Choker","Snecko Eye"],"picked":"Sozu"}],"items_purged_floors":[27,30],"is_endless":false,"potions_floor_spawned":[1,12,16,18,28],"killed_by":"Collector","ascension_level":1}}