{"host":"9jj9tzo2iym4bpat","time":1610653133,"event":{"mods":["Act Like it!","BaseMod","CapriCore","Gensokyo","Luminous","Marisa????????","Minty Spire (QoL Compilation)","Permanent Neow","StSLib","Td1madao Mod","The Animator","The Immortal","The Marked","The Servant 0.9.4"],"gold_per_floor":[13,30,30,48,48,48,68,88,114,114,133,153,4,14,14,119,119,130,94,94,94,94],"floor_reached":21,"language":"ENG","playtime":629,"items_purged":[],"score":173,"play_id":"75065138-f0d1-413e-bb41-d98684f3ed11","local_time":"20210114133853","is_ascension_mode":false,"campfire_choices":[{"data":"Sunlight","floor":6,"key":"SMITH"},{"floor":10,"key":"REST"},{"data":"SilverBlades","floor":15,"key":"SMITH"}],"circlet_count":0,"master_deck":["Strike_S","Strike_S","Strike_S","Strike_S","Defend_S","Defend_S","Defend_S","Defend_S","KidneyShot","Exchange","Sunlight+1","Spin","Spin","Potential","Read","Ricochet","Defy","Collapse","SilverBlades+1","MurderousAura","CurseOfTheBell","Ricochet+1","SpecialFormula"],"relics":["Uniform","Tiny Chest","Lee\u0027s Waffle","Calling Bell","Juzu Bracelet","Letter Opener","Ginger"],"acts_visited":["Exordium","TheCity"],"potions_floor_usage":[16,16],"damage_taken":[{"damage":7,"enemies":"Small Slimes","floor":1,"turns":3},{"damage":0,"enemies":"Cultist","floor":2,"turns":3},{"damage":0,"enemies":"2 Louse","floor":4,"turns":1},{"damage":21,"enemies":"Blue Slaver","floor":7,"turns":4},{"damage":14,"enemies":"Red Slaver","floor":8,"turns":3},{"damage":3,"enemies":"3 Louse","floor":11,"turns":2},{"damage":1,"enemies":"2 Fungi Beasts","floor":12,"turns":2},{"damage":9,"enemies":"Large Slime","floor":14,"turns":4},{"damage":32,"enemies":"Hexaghost","floor":16,"turns":9},{"damage":22,"enemies":"Spheric Guardian","floor":18,"turns":4},{"damage":42,"enemies":"Shell Parasite","floor":21,"turns":5}],"seed_played":"53635156610177253","potions_obtained":[{"floor":4,"key":"EssenceOfSteel"},{"floor":11,"key":"ColorlessPotion"},{"floor":14,"key":"Swift Potion"}],"is_trial":false,"path_per_floor":["M","M","$","M","?","R","M","M","T","R","M","M","$","M","R","B",null,"M","$","?","M"],"character_chosen":"THE_SERVANT","items_purchased":["Lee\u0027s Waffle","SpecialFormula"],"campfire_rested":1,"item_purchase_floors":[13,19],"current_hp_per_floor":[58,58,58,58,65,65,44,30,30,49,46,45,72,63,63,31,72,50,50,37,0,0],"gold":94,"neow_bonus":"THREE_RARE_CARDS","is_daily":false,"chose_seed":false,"campfire_upgraded":2,"win_rate":0.0,"timestamp":1610653133,"path_taken":["M","M","$","M","?","R","M","M","T","R","M","?","$","M","R","BOSS","M","$","?","M"],"items_purchased_type":["Relic","Card"],"build_version":"2020-12-22","purchased_purges":0,"victory":false,"max_hp_per_floor":[65,65,65,65,65,65,65,65,65,65,65,65,72,72,72,72,72,72,72,77,77,77],"card_choices":[{"not_picked":["TheWorld","Duplication"],"picked":"Sunlight","floor":0},{"not_picked":["Alleviate","Revamp"],"picked":"Spin","floor":1},{"not_picked":["Desolation","BottledTime"],"picked":"Spin","floor":2},{"not_picked":["Spin","Contraction"],"picked":"Potential","floor":4},{"not_picked":["Alleviate","ReturningBlade"],"picked":"Read","floor":7},{"not_picked":["BottledTime","Spin"],"picked":"Ricochet","floor":8},{"not_picked":["Alleviate","Gouge"],"picked":"Defy","floor":11},{"not_picked":["Spin","Shuttle"],"picked":"Collapse","floor":12},{"not_picked":["Revamp","Ricochet"],"picked":"SilverBlades","floor":14},{"not_picked":["TheWorld","FloweringNight"],"picked":"MurderousAura","floor":16},{"not_picked":["FastForward","Revamp+1"],"picked":"Ricochet+1","floor":18}],"player_experience":236871,"relics_obtained":[{"floor":9,"key":"Tiny Chest"},{"floor":17,"key":"Juzu Bracelet"},{"floor":17,"key":"Letter Opener"},{"floor":17,"key":"Ginger"}],"event_choices":[{"damage_healed":7,"gold_gain":0,"player_choice":"Full Heal","damage_taken":0,"max_hp_gain":0,"max_hp_loss":0,"event_name":"Wheel of Change","floor":5,"gold_loss":0},{"damage_healed":0,"gold_gain":0,"player_choice":"Shed Blood","damage_taken":18,"max_hp_gain":5,"max_hp_loss":0,"event_name":"Forgotten Altar","floor":20,"gold_loss":0}],"is_beta":false,"boss_relics":[{"not_picked":["Fusion Hammer","Cursed Key"],"picked":"Calling Bell"}],"items_purged_floors":[],"is_endless":false,"potions_floor_spawned":[4,11,14],"killed_by":"Shell Parasite","ascension_level":0}}