{"host":"Connor","time":1610642090,"event":{"mods":["Aspiration","BaseMod","Downfall","Hubris","Marisa????????","Minty Spire (QoL Compilation)","Replay The Spire","StSLib","The Cursed","The Jungle","The Servant 0.9.4"],"gold_per_floor":[115,115,18,18,28,62,80,80,80,143,156,156,206,216,216,290,290,301,389,389,389],"floor_reached":20,"language":"ENG","playtime":443,"items_purged":[],"score":388,"play_id":"df65d38f-16ae-4719-ba4a-a2837d192105","local_time":"20210114083450","is_ascension_mode":true,"campfire_choices":[{"data":"Iron Wave","floor":8,"key":"SMITH"},{"data":"Iron Wave","floor":12,"key":"SMITH"}],"circlet_count":0,"master_deck":["AscendersBane","Strike_R","Strike_R","Strike_R","Strike_R","Strike_R","Defend_R","Defend_R","Defend_R","Defend_R","Bash","Pommel Strike","Bandage Up+1","Iron Wave+1","Bludgeon","Iron Wave+1","Feel No Pain","Heavy Blade","Fiend Fire","Pummel","Fire Breathing"],"relics":["Burning Blood","NeowsBlessing","hubris:DeckOfHolding","SsserpentHead","Blood Vial","Bottled Lightning","hubris:CuriousFeather","ChewingGum","Shuriken"],"acts_visited":["Exordium","TheCity"],"potions_floor_usage":[16,16,20],"damage_taken":[{"damage":0,"enemies":"2 Louse","floor":1,"turns":1},{"damage":0,"enemies":"Small Slimes","floor":5,"turns":2},{"damage":0,"enemies":"3 Sentries","floor":6,"turns":2},{"damage":1,"enemies":"Cultist","floor":7,"turns":3},{"damage":17,"enemies":"Exordium Thugs","floor":10,"turns":5},{"damage":1,"enemies":"2 Fungi Beasts","floor":11,"turns":4},{"damage":12,"enemies":"Blue Slaver","floor":14,"turns":3},{"damage":66,"enemies":"Slime Boss","floor":16,"turns":10},{"damage":43,"enemies":"2 Thieves","floor":18,"turns":4},{"damage":20,"enemies":"Shell Parasite","floor":20,"turns":2}],"seed_played":"-6303799798578787674","potions_obtained":[{"floor":1,"key":"Swift Potion"},{"floor":10,"key":"Fire Potion"},{"floor":19,"key":"Swift Potion"}],"is_trial":false,"path_per_floor":["M","?","$","?","M","E","M","R","T","M","M","R","T","M","R","B",null,"M","?","M"],"character_chosen":"IRONCLAD","items_purchased":["Bandage Up"],"campfire_rested":0,"item_purchase_floors":[3],"current_hp_per_floor":[74,29,29,29,39,49,60,60,60,55,66,66,66,66,75,21,62,33,9,0,0],"gold":389,"neow_bonus":"THREE_ENEMY_KILL","is_daily":false,"chose_seed":false,"campfire_upgraded":2,"win_rate":0.0,"timestamp":1610642090,"path_taken":["M","?","$","?","M","E","M","R","T","?","M","R","?","M","R","BOSS","M","?","M"],"items_purchased_type":["Card"],"build_version":"2020-12-18","purchased_purges":0,"victory":false,"max_hp_per_floor":[75,75,75,75,75,75,75,75,75,75,75,75,75,75,75,75,75,75,75,75,75],"card_choices":[{"not_picked":["Sever Soul","Entrench"],"picked":"Pommel Strike","floor":1},{"not_picked":["Havoc","Body Slam"],"picked":"Iron Wave","floor":5},{"not_picked":["hubris:SharpeningStone","Warcry"],"picked":"Bludgeon","floor":6},{"not_picked":["Uppercut","Sword Boomerang"],"picked":"Iron Wave","floor":7},{"not_picked":["Sword Boomerang","Wild Strike","Havoc"],"picked":"SKIP","floor":10},{"not_picked":["Second Wind","Wild Strike"],"picked":"Feel No Pain","floor":11},{"not_picked":["Replay:Undeath\u0027s Touch","Uppercut"],"picked":"Heavy Blade","floor":14},{"not_picked":["Berserk","Demonic Infusion"],"picked":"Fiend Fire","floor":16},{"not_picked":["Wild Strike","Perfected Strike"],"picked":"Pummel","floor":18},{"not_picked":["Rupture","Flex"],"picked":"Fire Breathing","floor":19}],"player_experience":634006,"relics_obtained":[{"floor":6,"key":"Blood Vial"},{"floor":9,"key":"Bottled Lightning"},{"floor":13,"key":"hubris:CuriousFeather"},{"floor":19,"key":"Shuriken"}],"event_choices":[{"damage_healed":0,"gold_gain":0,"player_choice":"Success","damage_taken":45,"relics_obtained":["hubris:DeckOfHolding"],"max_hp_gain":0,"max_hp_loss":0,"event_name":"Scrap Ooze","floor":2,"gold_loss":0},{"damage_healed":0,"gold_gain":0,"player_choice":"Trade","damage_taken":0,"relics_obtained":["SsserpentHead"],"max_hp_gain":0,"max_hp_loss":0,"event_name":"FaceTrader","floor":4,"gold_loss":0}],"is_beta":true,"boss_relics":[{"not_picked":["Philosopher\u0027s Stone","Busted Crown"],"picked":"ChewingGum"}],"items_purged_floors":[],"is_endless":false,"potions_floor_spawned":[1,10,11],"killed_by":"Shell Parasite","ascension_level":19}}