{"host":"0mk07bycsqo1qk03","time":1610628954,"event":{"mods":["BaseMod","Bestiary","Downfall","Hermit","Hubris","Minty Spire (QoL Compilation)","Replay The Spire","StSLib","The Cursed","The Servant 0.9.4"],"gold_per_floor":[111,122,47,47,47,47,67,67,94,108,139,139,139,163,175,187,187],"floor_reached":16,"language":"ENG","playtime":446,"items_purged":[],"score":196,"play_id":"35ce5eb1-7cfd-4349-ae8e-4c4af1d091c7","local_time":"20210114135554","is_ascension_mode":true,"campfire_choices":[{"data":"Combust","floor":6,"key":"SMITH"},{"floor":12,"key":"REST"}],"circlet_count":0,"master_deck":["AscendersBane","Strike_R","Strike_R","Strike_R","Strike_R","Strike_R","Defend_R","Defend_R","Defend_R","Defend_R","Bash","Armaments","Run Through+1","Combust+1","Battle Trance","ReplayTheSpireMod:Muscle Training"],"relics":["Burning Blood","MealTicket","Replay:Wax Seal","hubris:EvacipatedBox","hubris:HerbalPaste","Akabeko","Dream Catcher","hubris:GlazedTorus","MawBank"],"acts_visited":["Exordium"],"potions_floor_usage":[10,11,11,16,16],"damage_taken":[{"damage":4,"enemies":"Jaw Worm","floor":1,"turns":5},{"damage":2,"enemies":"Cultist","floor":2,"turns":4},{"damage":6,"enemies":"Small Slimes","floor":7,"turns":4},{"damage":4,"enemies":"Blue Slaver","floor":10,"turns":3},{"damage":11,"enemies":"Gremlin Nob","floor":11,"turns":3},{"damage":65,"enemies":"Hexaghost","floor":16,"turns":8}],"seed_played":"-106874611499482532","potions_obtained":[{"floor":7,"key":"hexamod:EctoCoolerPotion"},{"floor":10,"key":"Energy Potion"},{"floor":15,"key":"DistilledChaos"},{"floor":15,"key":"Swift Potion"}],"is_trial":false,"path_per_floor":["M","M","$","?","?","R","M","$","T","M","E","R","?","T","R","B"],"character_chosen":"IRONCLAD","items_purchased":["Combust","Replay:Wax Seal","hubris:EvacipatedBox","hubris:HerbalPaste","Fire Potion","Akabeko"],"campfire_rested":1,"item_purchase_floors":[3,8,8,8,8,8],"current_hp_per_floor":[70,74,74,51,51,51,51,4,4,12,12,34,59,59,59,0,0],"gold":187,"neow_bonus":"THREE_CARDS","is_daily":false,"chose_seed":false,"campfire_upgraded":1,"win_rate":0.0,"timestamp":1610628954,"path_taken":["M","M","$","?","?","R","?","?","T","M","E","R","?","?","R","BOSS"],"items_purchased_type":["Card","Relic","Relic","Relic","Potion","Relic"],"build_version":"2020-12-22","purchased_purges":0,"victory":false,"max_hp_per_floor":[75,75,75,75,75,75,75,75,75,75,75,75,75,75,75,75,75],"card_choices":[{"not_picked":["True Grit","Havoc"],"picked":"Armaments","floor":0},{"not_picked":["Wild Strike","Dropkick"],"picked":"Run Through","floor":1},{"not_picked":["Havoc","Sword Boomerang"],"picked":"Life Link","floor":2},{"not_picked":["Anger","Body Slam"],"picked":"Battle Trance","floor":7},{"not_picked":["hubris:ReadiedAction","Flex","Sword Boomerang"],"picked":"SKIP","floor":10},{"not_picked":["ReplayTheSpireMod:Corrosion Curse","Abandon","Rage"],"picked":"SKIP","floor":11},{"not_picked":["hubris:SharpeningStone","Pummel"],"picked":"ReplayTheSpireMod:Muscle Training","floor":12}],"player_experience":882721,"relics_obtained":[{"floor":9,"key":"Dream Catcher"},{"floor":11,"key":"hubris:GlazedTorus"},{"floor":14,"key":"MawBank"}],"event_choices":[{"damage_healed":0,"gold_gain":0,"player_choice":"Entered Light","damage_taken":23,"max_hp_gain":0,"max_hp_loss":0,"event_name":"Shining Light","floor":4,"gold_loss":0,"cards_upgraded":["Life Link","Run Through"]},{"cards_removed":["Life Link"],"damage_healed":0,"gold_gain":0,"player_choice":"Gave Card","damage_taken":0,"relics_obtained":["MealTicket"],"max_hp_gain":0,"max_hp_loss":0,"event_name":"WeMeetAgain","floor":5,"gold_loss":0},{"damage_healed":25,"gold_gain":0,"player_choice":"Banana","damage_taken":0,"max_hp_gain":0,"max_hp_loss":0,"event_name":"Big Fish","floor":13,"gold_loss":0}],"is_beta":false,"boss_relics":[],"items_purged_floors":[],"is_endless":false,"potions_floor_spawned":[7,10],"killed_by":"Hexaghost","ascension_level":20}}