{"host":"ELF","time":1610647845,"event":{"mods":["BaseMod","Minty Spire (QoL Compilation)"],"gold_per_floor":[110,110,121,41,52,82,25,25,49,49,59,84,9,27,27,104,104,116,130,130,45,45,78,88,88,115,115,115,115,115,130,130,204,204,218,218,231,40,40,74,74,88,141,141,167,29,39,51,51,51,51,51,21,50,50],"floor_reached":56,"language":"ENG","playtime":2688,"items_purged":[],"score":2290,"play_id":"600c7dc8-4275-4770-9499-362b8650ee81","local_time":"20210114121045","is_ascension_mode":true,"campfire_choices":[{"floor":8,"key":"REST"},{"floor":10,"key":"REST"},{"data":"Feed","floor":15,"key":"SMITH"},{"floor":25,"key":"REST"},{"floor":32,"key":"REST"},{"floor":41,"key":"RECALL"},{"floor":49,"key":"REST"},{"data":"Feel No Pain","floor":52,"key":"SMITH"}],"circlet_count":0,"master_deck":["AscendersBane","Strike_R+1","Strike_R","Defend_R","Defend_R+1","Defend_R","Bash+1","Hemokinesis","Ghostly Armor+1","Fire Breathing","Whirlwind","Power Through","Shrug It Off","Cleave","Feed+1","Shrug It Off","Demon Form","Uppercut","Feel No Pain+1","Bludgeon","Shrug It Off","Necronomicurse","Pommel Strike","Wild Strike+1","Immolate","CurseOfTheBell","Whirlwind+1","Entrench","Evolve","Pain","Pommel Strike+1","Burning Pact","Headbutt","Corruption","Cleave+1","Power Through","Bludgeon"],"relics":["Burning Blood","NeowsBlessing","War Paint","Whetstone","Thread and Needle","Snecko Eye","Self Forming Clay","Unceasing Top","Juzu Bracelet","Necronomicon","Calling Bell","Pen Nib","The Courier","Dead Branch","Du-Vu Doll","Chemical X","WarpedTongs","Strawberry","Pantograph","Mummified Hand"],"acts_visited":["Exordium","TheCity","TheBeyond","TheEnding"],"potions_floor_usage":[12,14,16,23,33,42,47,48,55],"damage_taken":[{"damage":0.0,"enemies":"2 Louse","floor":1.0,"turns":2.0},{"damage":0.0,"enemies":"Cultist","floor":3.0,"turns":1.0},{"damage":0.0,"enemies":"Jaw Worm","floor":5.0,"turns":1.0},{"damage":59.0,"enemies":"Gremlin Nob","floor":6.0,"turns":5.0},{"damage":10,"enemies":"Blue Slaver","floor":11,"turns":4},{"damage":14,"enemies":"3 Sentries","floor":12,"turns":5},{"damage":2,"enemies":"Exordium Wildlife","floor":14,"turns":4},{"damage":68,"enemies":"The Guardian","floor":16,"turns":17},{"damage":22,"enemies":"Spheric Guardian","floor":18,"turns":6},{"damage":14,"enemies":"Chosen","floor":19,"turns":5},{"damage":19,"enemies":"Book of Stabbing","floor":23,"turns":6},{"damage":9,"enemies":"Centurion and Healer","floor":24,"turns":6},{"damage":2,"enemies":"Snake Plant","floor":31,"turns":4},{"damage":17,"enemies":"Champ","floor":33,"turns":9},{"damage":0,"enemies":"Orb Walker","floor":35,"turns":2},{"damage":19,"enemies":"3 Shapes","floor":37,"turns":4},{"damage":20,"enemies":"Giant Head","floor":40,"turns":5},{"damage":16,"enemies":"Maw","floor":42,"turns":5},{"damage":4,"enemies":"Reptomancer","floor":45,"turns":3},{"damage":6,"enemies":"Jaw Worm Horde","floor":47,"turns":2},{"damage":28,"enemies":"Sphere and 2 Shapes","floor":48,"turns":3},{"damage":87,"enemies":"Awakened One","floor":50,"turns":8},{"damage":0,"enemies":"Shield and Spear","floor":54,"turns":1},{"damage":95,"enemies":"The Heart","floor":55,"turns":8}],"seed_played":"-6938325091085113342","potions_obtained":[{"floor":1.0,"key":"DuplicationPotion"},{"floor":6,"key":"SkillPotion"},{"floor":11,"key":"Regen Potion"},{"floor":12,"key":"Block Potion"},{"floor":16,"key":"DuplicationPotion"},{"floor":18,"key":"ElixirPotion"},{"floor":19,"key":"Energy Potion"},{"floor":23,"key":"Fruit Juice"},{"floor":31,"key":"Regen Potion"},{"floor":37,"key":"SpeedPotion"},{"floor":40,"key":"Swift Potion"},{"floor":44,"key":"HeartOfIron"},{"floor":47,"key":"BloodPotion"}],"is_trial":false,"path_per_floor":["M","?","M","$","M","E","$","R","T","R","M","E","?","M","R","B",null,"M","M","?","?","$","E","M","R","T","?","?","?","?","M","R","B",null,"M","T","M","$","?","E","R","M","T","?","E","$","M","M","R","B",null,"R","$","E","B",null],"character_chosen":"IRONCLAD","items_purchased":["Fire Breathing","Shrug It Off","Chemical X","Evolve","Corruption","Power Through"],"campfire_rested":5,"item_purchase_floors":[4,7,38,38,46,53],"current_hp_per_floor":[74,74,75,75,75,22,22,44,44,66,62,68,68,75,75,13,62,46,42,42,42,42,29,26,50,50,29,29,29,29,37,62,66,81,86,86,77,77,77,70,70,60,60,60,62,62,62,59,88,16,77,77,77,83,13],"gold":50,"neow_bonus":"THREE_ENEMY_KILL","is_daily":false,"chose_seed":false,"campfire_upgraded":2,"win_rate":0.0,"timestamp":1610647845,"path_taken":["M","?","M","?","?","E","$","R","T","R","M","E","?","M","R","BOSS","M","M","?","?","?","E","?","R","T","?","?","?","?","M","R","BOSS","M","?","M","$","?","E","R","M","T","?","E","$","M","M","R","BOSS","R","$","E","BOSS"],"items_purchased_type":["Card","Card","Relic","Card","Card","Card"],"build_version":"2020-12-18","purchased_purges":0,"victory":true,"max_hp_per_floor":[75,75,75,75,75,75,75,75,75,75,75,75,75,78,78,78,78,78,82,82,82,82,82,82,82,82,82,82,82,82,86,86,86,86,86,86,90,90,90,97,97,97,97,97,97,97,97,97,97,97,97,97,97,97,102],"card_choices":[{"not_picked":["Entrench","Shockwave"],"picked":"Hemokinesis","floor":1.0},{"not_picked":["Clothesline","Infernal Blade"],"picked":"Ghostly Armor","floor":3.0},{"not_picked":["Twin Strike","Shockwave"],"picked":"Whirlwind","floor":5.0},{"not_picked":["Limit Break","Twin Strike"],"picked":"Power Through","floor":6},{"not_picked":["Body Slam","Thunderclap"],"picked":"Cleave","floor":11},{"not_picked":["Flex","Rupture"],"picked":"Feed","floor":12},{"not_picked":["Sentinel","Sword Boomerang"],"picked":"Shrug It Off","floor":14},{"not_picked":["Exhume","Reaper"],"picked":"Demon Form","floor":16},{"not_picked":["Cleave","Searing Blow"],"picked":"Uppercut","floor":18},{"not_picked":["Rampage","Twin Strike+1"],"picked":"Feel No Pain","floor":19},{"not_picked":["Cleave","Body Slam"],"picked":"Bludgeon","floor":23},{"not_picked":["Clothesline","Thunderclap+1"],"picked":"Shrug It Off","floor":24},{"not_picked":["Whirlwind","Body Slam"],"picked":"Wild Strike+1","floor":31},{"not_picked":["Exhume","Impervious"],"picked":"Immolate","floor":33},{"not_picked":["Anger","Wild Strike"],"picked":"Whirlwind+1","floor":35},{"not_picked":["Ghostly Armor","Heavy Blade"],"picked":"Entrench","floor":37},{"not_picked":["Heavy Blade","Rupture"],"picked":"Pommel Strike+1","floor":40},{"not_picked":["Body Slam","Carnage"],"picked":"Burning Pact","floor":42},{"not_picked":["Body Slam","Heavy Blade"],"picked":"Headbutt","floor":45},{"not_picked":["Thunderclap","Clash","Warcry"],"picked":"SKIP","floor":47},{"not_picked":["Iron Wave+1","Heavy Blade"],"picked":"Cleave+1","floor":48},{"not_picked":["Armaments","Spot Weakness"],"picked":"Bludgeon","floor":54}],"player_experience":3203293,"relics_obtained":[{"floor":6,"key":"War Paint"},{"floor":9,"key":"Whetstone"},{"floor":12,"key":"Thread and Needle"},{"floor":23,"key":"Unceasing Top"},{"floor":26,"key":"Juzu Bracelet"},{"floor":27,"key":"Necronomicon"},{"floor":34,"key":"Pen Nib"},{"floor":34,"key":"The Courier"},{"floor":34,"key":"Dead Branch"},{"floor":36,"key":"Du-Vu Doll"},{"floor":40,"key":"Strawberry"},{"floor":45,"key":"Pantograph"},{"floor":54,"key":"Mummified Hand"}],"event_choices":[{"cards_removed":["Strike_R"],"damage_healed":0.0,"max_hp_gain":0.0,"max_hp_loss":0.0,"gold_gain":0.0,"event_name":"Purifier","player_choice":"Purged","floor":2.0,"gold_loss":0.0,"damage_taken":0.0},{"cards_removed":["Defend_R"],"damage_healed":0,"gold_gain":0,"player_choice":"Card Removal","damage_taken":0,"max_hp_gain":0,"max_hp_loss":0,"event_name":"The Cleric","floor":13,"gold_loss":75},{"cards_removed":["Strike_R"],"damage_healed":0,"gold_gain":0,"player_choice":"Elegance","damage_taken":0,"max_hp_gain":0,"max_hp_loss":0,"event_name":"Back to Basics","floor":20,"gold_loss":0},{"damage_healed":0,"gold_gain":0,"player_choice":"Obtained Relic","damage_taken":0,"relics_obtained":["Self Forming Clay"],"max_hp_gain":0,"max_hp_loss":0,"event_name":"Addict","floor":21,"gold_loss":85},{"damage_healed":0,"gold_gain":0,"player_choice":"Obtained Book","damage_taken":21,"max_hp_gain":0,"max_hp_loss":0,"event_name":"Cursed Tome","floor":27,"gold_loss":0},{"damage_healed":0,"gold_gain":0,"player_choice":"Smashed Altar","damage_taken":0,"max_hp_gain":0,"max_hp_loss":0,"event_name":"Forgotten Altar","floor":28,"gold_loss":0,"cards_obtained":["Decay"]},{"cards_removed":["Decay"],"damage_healed":0,"gold_gain":0,"player_choice":"Purged","damage_taken":0,"max_hp_gain":0,"max_hp_loss":0,"event_name":"Purifier","floor":29,"gold_loss":0},{"damage_healed":0,"gold_gain":0,"cards_transformed":["Strike_R"],"player_choice":"Transformed","damage_taken":0,"max_hp_gain":0,"max_hp_loss":0,"event_name":"Transmorgrifier","floor":30,"gold_loss":0,"cards_obtained":["Pommel Strike"]},{"damage_healed":0,"gold_gain":0,"player_choice":"Rummage","damage_taken":0,"relics_obtained":["WarpedTongs"],"max_hp_gain":0,"max_hp_loss":0,"event_name":"Accursed Blacksmith","floor":39,"gold_loss":0,"cards_obtained":["Pain"]},{"damage_healed":0,"gold_gain":0,"player_choice":"Got Potions","damage_taken":0,"max_hp_gain":0,"max_hp_loss":0,"event_name":"Lab","floor":44,"gold_loss":0}],"is_beta":true,"boss_relics":[{"not_picked":["Pandora\u0027s Box","Coffee Dripper"],"picked":"Snecko Eye"},{"not_picked":["Philosopher\u0027s Stone","Tiny House"],"picked":"Calling Bell"}],"items_purged_floors":[],"is_endless":false,"potions_floor_spawned":[1,6,11,12,16,18,19,23,31,37,40,45,47],"ascension_level":18}}