{"host":"ecaj4hn004xnnrw9","time":1610632744,"event":{"mods":["AchievementEnabler","BaseMod","Better Third Choice","Hermit","Hubris","Infinite Spire","Jorbs\u0027s Wanderer Trilogy","Minty Spire (QoL Compilation)","Quick Restart","Shop Mod","StSLib","The Construct","The Jungle","The Runesmith"],"gold_per_floor":[115,115,133,144,155,155,209,243,243,243,243,253,273,305,305,309,309],"floor_reached":16,"language":"ENG","playtime":569,"items_purged":[],"score":112,"play_id":"7089115a-7410-4768-b17d-7a257eb7f34c","local_time":"20210114135904","is_ascension_mode":false,"campfire_choices":[{"data":"Runesmith:ChaoticBlast","floor":6,"key":"SMITH"},{"data":"Runesmith:FieryHammer","floor":11,"key":"SMITH"},{"data":"Runesmith:FieryHammer+1","floor":15,"key":"SMITH"}],"circlet_count":0,"master_deck":["Runesmith:Strike_RS","Runesmith:Strike_RS","Runesmith:Strike_RS","Runesmith:Defend_RS","Runesmith:Defend_RS","Runesmith:Defend_RS","Runesmith:Defend_RS","Runesmith:CraftFirestone","Runesmith:Fortify","Runesmith:ChaoticBlast+1","Runesmith:HammerThrow","Runesmith:DoubleUp","Runesmith:FieryHammer+2","Runesmith:Permafrost","Runesmith:HammerAndChisel","Runesmith:Prism","Runesmith:DoubleUp"],"relics":["Black Star","infinitespire:Cubic Diamond","PreservedInsect","infinitespire:Midas Blood","hubris:AstralHammer","hubris:DeckOfHolding","infinitespire:Eraser","Centennial Puzzle"],"acts_visited":["Exordium"],"potions_floor_usage":[8,14,16],"damage_taken":[{"damage":2,"enemies":"Small Slimes","floor":1,"turns":5},{"damage":2,"enemies":"Jaw Worm","floor":3,"turns":5},{"damage":0,"enemies":"2 Louse","floor":4,"turns":1},{"damage":11,"enemies":"Red Slaver","floor":5,"turns":8},{"damage":21,"enemies":"3 Sentries","floor":8,"turns":4},{"damage":0,"enemies":"3 Louse","floor":12,"turns":1},{"damage":0,"enemies":"Looter","floor":13,"turns":4},{"damage":27,"enemies":"Gremlin Nob","floor":14,"turns":4},{"damage":22,"enemies":"Slime Boss","floor":16,"turns":7}],"seed_played":"-7451813341182618562","potions_obtained":[{"floor":1,"key":"Strength Potion"},{"floor":3,"key":"BlessingOfTheForge"},{"floor":12,"key":"SpeedPotion"},{"floor":13,"key":"Regen Potion"}],"is_trial":false,"path_per_floor":["M","?","M","M","M","R","T","E","T","?","R","M","M","E","R","B"],"character_chosen":"RUNESMITH_CLASS","items_purchased":[],"campfire_rested":0,"item_purchase_floors":[],"current_hp_per_floor":[68,68,66,66,55,55,55,34,34,34,34,34,34,19,19,0,0],"gold":309,"neow_bonus":"BOSS_RELIC","is_daily":false,"chose_seed":false,"campfire_upgraded":3,"win_rate":0.0,"timestamp":1610632744,"path_taken":["M","?","M","M","M","R","?","E","T","?","R","M","?","E","R","BOSS"],"items_purchased_type":[],"build_version":"2020-12-22","purchased_purges":0,"victory":false,"max_hp_per_floor":[70,70,70,70,70,70,70,70,70,70,70,70,70,70,70,70,70],"card_choices":[{"not_picked":["Runesmith:BackupBattery","Runesmith:HeatedChisel"],"picked":"Runesmith:ChaoticBlast","floor":1},{"not_picked":["Runesmith:MakeshiftArmor","Runesmith:CraftProtectio"],"picked":"Runesmith:HammerThrow","floor":3},{"not_picked":["Runesmith:Superposition","Runesmith:Permafrost"],"picked":"Runesmith:DoubleUp","floor":4},{"not_picked":["Runesmith:CraftProtectio","Runesmith:CraftMagma","Runesmith:Malloc"],"picked":"SKIP","floor":5},{"not_picked":["Runesmith:RuneHurl","Runesmith:Electrocute"],"picked":"Runesmith:FieryHammer","floor":8},{"not_picked":["Runesmith:EarthShield","Runesmith:CraftReservo"],"picked":"Runesmith:HammerAndChisel","floor":12},{"not_picked":["Runesmith:NegativeSpace","Runesmith:MakeshiftArmor"],"picked":"Runesmith:Prism","floor":13},{"not_picked":["Runesmith:BackupBattery","Runesmith:CraftProtectio"],"picked":"Runesmith:DoubleUp","floor":14}],"player_experience":316128,"relics_obtained":[{"floor":7,"key":"PreservedInsect"},{"floor":8,"key":"infinitespire:Midas Blood"},{"floor":8,"key":"hubris:AstralHammer"},{"floor":9,"key":"hubris:DeckOfHolding"},{"floor":14,"key":"infinitespire:Eraser"},{"floor":14,"key":"Centennial Puzzle"}],"event_choices":[{"damage_healed":0,"gold_gain":0,"cards_transformed":["Runesmith:Strike_RS"],"player_choice":"Transformed","damage_taken":0,"max_hp_gain":0,"max_hp_loss":0,"event_name":"Transmorgrifier","floor":10,"gold_loss":0,"cards_obtained":["Runesmith:Permafrost"]}],"is_beta":false,"boss_relics":[],"items_purged_floors":[],"is_endless":false,"potions_floor_spawned":[1,3,12,13],"killed_by":"Slime Boss","ascension_level":0}}