{"host":"dgnoacxn7qfq204f","time":1610657315,"event":{"mods":["Aspiration","BaseMod","Colored Map","Colored Powertips","Conspire","Hermit","Infinite Spire","Minty Spire (QoL Compilation)","Replay The Spire","StSLib"],"gold_per_floor":[112,130,130,14,24,49,49,62,62,116,116,16,16,47,47,180,180,226,262,262,262,296,296,296,296,372,404,439,354,354,400,400,423,423],"floor_reached":33,"language":"ENG","playtime":2151,"items_purged":["hermit:Strike_Hermit","hermit:Covet","hermit:Strike_Hermit"],"score":272,"play_id":"ca56a2e6-5adf-45a6-a29c-e13910c0cdd8","local_time":"20210114154835","is_ascension_mode":false,"campfire_choices":[{"floor":7,"key":"REST"},{"floor":23,"key":"REST"},{"floor":25,"key":"REST"},{"floor":30,"key":"REST"},{"floor":32,"key":"REST"}],"circlet_count":0,"master_deck":["hermit:Defend_Hermit","hermit:Defend_Hermit","hermit:Defend_Hermit","hermit:Snapshot","hermit:ItchyTrigger","hermit:Ricochet","hermit:Deadeye","hermit:GhostlyPresence","hermit:Quickdraw","hermit:Snipe+1","hermit:Vantage","hermit:DeadOrAlive","hermit:ItchyTrigger","hermit:Deadeye+1","Pot Of Greed","Pot Of Greed","hermit:Scavenge"],"relics":["hermit:Momento","NeowsBlessing","Replay:Ringing Soul","conspire:TopHat","Replay:Bandana","Golden Idol","Sozu","infinitespire:Bottled Soul","Grinning Jar"],"acts_visited":["Exordium","TheCity"],"potions_floor_usage":[16,16],"damage_taken":[{"damage":0,"enemies":"Cultist","floor":1,"turns":1},{"damage":0,"enemies":"2 Louse","floor":2,"turns":1},{"damage":0,"enemies":"Jaw Worm","floor":5,"turns":1},{"damage":32,"enemies":"Gremlin Nob","floor":6,"turns":4},{"damage":8,"enemies":"3 Louse","floor":8,"turns":3},{"damage":8,"enemies":"Large Slime","floor":14,"turns":7},{"damage":31,"enemies":"Slime Boss","floor":16,"turns":8},{"damage":43,"enemies":"conspire:FuzzyDice","floor":18,"turns":5},{"damage":4,"enemies":"Spheric Guardian","floor":19,"turns":3},{"damage":21,"enemies":"Snake Plant","floor":22,"turns":4},{"damage":36,"enemies":"Centurion and Healer","floor":27,"turns":5},{"damage":18,"enemies":"Cultist and Chosen","floor":28,"turns":6},{"damage":17,"enemies":"Shelled Parasite and Fungi","floor":31,"turns":5},{"damage":63,"enemies":"Automaton","floor":33,"turns":10}],"seed_played":"613899064588554473","potions_obtained":[{"floor":5,"key":"SpeedPotion"},{"floor":6,"key":"conspire:TimeTravelPotion"}],"is_trial":false,"path_per_floor":["M","M","?","$","M","E","R","M","T","T","?","$","?","M","R_BF","B",null,"M","M","?","?","M","R","AVR","R","T","M","M","?","R","M","R","B"],"character_chosen":"HERMIT","items_purchased":["hermit:Deadeye"],"campfire_rested":5,"item_purchase_floors":[4],"current_hp_per_floor":[75,75,75,75,75,46,69,64,64,64,64,64,64,59,78,68,81,41,40,40,40,19,45,45,71,71,35,17,20,47,33,60,0,0],"gold":423,"neow_bonus":"THREE_ENEMY_KILL","is_daily":false,"chose_seed":false,"campfire_upgraded":0,"win_rate":0.0,"timestamp":1610657315,"path_taken":["M","?","?","$","M","E","R","M","T","?","?","$","?","M","R_BF","BOSS","M","M","?","?","M","R","AVR","R","T","M","M","?","R","?","R","BOSS"],"items_purchased_type":["Card"],"build_version":"2020-12-22","purchased_purges":3,"victory":false,"max_hp_per_floor":[75,75,75,75,75,78,78,81,81,81,75,75,75,78,78,81,81,84,87,87,87,87,87,87,87,87,87,87,90,90,93,93,93,93],"card_choices":[{"not_picked":["hermit:Cheat","hermit:Desperado"],"picked":"hermit:ItchyTrigger","floor":1},{"not_picked":["hermit:Roulette","hermit:Determination"],"picked":"hermit:Ricochet","floor":2},{"not_picked":["hermit:WideOpen","hermit:Spite"],"picked":"hermit:GhostlyPresence","floor":5},{"not_picked":["hermit:HoleUp","hermit:Snipe"],"picked":"hermit:Quickdraw","floor":6},{"not_picked":["hermit:Gambit","hermit:Grudge"],"picked":"hermit:Snipe","floor":8},{"not_picked":["hermit:LuckOfTheDraw","hermit:HoleUp"],"picked":"hermit:Vantage","floor":14},{"not_picked":["hermit:Magnum","hermit:Purgatory"],"picked":"hermit:DeadOrAlive","floor":16},{"not_picked":["hermit:BodyArmor+1","hermit:Snipe"],"picked":"hermit:ItchyTrigger","floor":18},{"not_picked":["hermit:HighCaliber","hermit:Quickdraw"],"picked":"hermit:Deadeye+1","floor":19},{"not_picked":["hermit:ItchyTrigger","hermit:HighCaliber","hermit:Roulette"],"picked":"SKIP","floor":22},{"not_picked":["hermit:PistolWhip","hermit:Grudge","hermit:HighCaliber"],"picked":"SKIP","floor":27},{"not_picked":["hermit:TakeCover","hermit:Horror+1","hermit:Snipe"],"picked":"SKIP","floor":28},{"not_picked":["hermit:LowProfile","hermit:Manifest"],"picked":"hermit:Scavenge","floor":31}],"player_experience":347945,"relics_obtained":[{"floor":6,"key":"Replay:Ringing Soul"},{"floor":9,"key":"conspire:TopHat"},{"floor":10,"key":"Replay:Bandana"},{"floor":26,"key":"infinitespire:Bottled Soul"}],"event_choices":[{"cards_removed":["hermit:Strike_Hermit"],"damage_healed":0,"gold_gain":0,"player_choice":"Forget","damage_taken":0,"max_hp_gain":0,"max_hp_loss":0,"event_name":"Living Wall","floor":3,"gold_loss":0},{"damage_healed":0,"gold_gain":0,"player_choice":"Lose Max HP","damage_taken":0,"relics_obtained":["Golden Idol"],"max_hp_gain":0,"max_hp_loss":6,"event_name":"Golden Idol","floor":11,"gold_loss":0},{"cards_removed":["hermit:Strike_Hermit"],"damage_healed":0,"gold_gain":0,"player_choice":"Elegance","damage_taken":0,"max_hp_gain":0,"max_hp_loss":0,"event_name":"Back to Basics","floor":21,"gold_loss":0},{"damage_healed":0,"gold_gain":0,"player_choice":"Obtained Relic","damage_taken":0,"relics_obtained":["Grinning Jar"],"max_hp_gain":0,"max_hp_loss":0,"event_name":"Addict","floor":29,"gold_loss":85}],"is_beta":false,"boss_relics":[{"not_picked":["conspire:SeveredTorchhead","aspiration:DefectSkillbook"],"picked":"Sozu"}],"items_purged_floors":[4,12,24],"is_endless":false,"potions_floor_spawned":[5,6,18,31],"killed_by":"Automaton","ascension_level":0}}