{"host":"mai03x2ekbjy4059","time":1610593211,"event":{"mods":["2.2 Compatiblity","BaseMod","DeckTracker","Highlight Path","Keyboard Shortcuts","Minty Spire (QoL Compilation)","Permanent Neow","Quick Restart","SuperFastMode","everything is the same but u backflip on backflip"],"gold_per_floor":[18,18,18,18,34,65,65,75,99,99,127,141,159,187,187,265,265,284,298,298,298,313,339,339,353,353,365,415,415,415],"floor_reached":29,"language":"KOR","playtime":879,"items_purged":[],"score":583,"play_id":"d9de4564-1507-419a-83fd-352bc141b72d","local_time":"20210114120011","is_ascension_mode":true,"campfire_choices":[{"data":"Vigilance","floor":7.0,"key":"SMITH"},{"data":"Vault","floor":15.0,"key":"SMITH"},{"floor":24.0,"key":"REST"}],"circlet_count":0,"master_deck":["AscendersBane","Strike_P","Strike_P","Strike_P","Defend_P","Defend_P","Eruption+1","Vigilance+1","Adaptation+1","FlurryOfBlows","Vault+1","InnerPeace"],"relics":["PureWater","Art of War","Vajra","Dream Catcher","Darkstone Periapt","Black Star","Ancient Tea Set","Mercury Hourglass","White Beast Statue"],"acts_visited":["Exordium","TheCity"],"potions_floor_usage":[29],"damage_taken":[{"damage":2.0,"enemies":"Jaw Worm","floor":1.0,"turns":4.0},{"damage":0.0,"enemies":"Cultist","floor":5.0,"turns":3.0},{"damage":16.0,"enemies":"3 Sentries","floor":6.0,"turns":8.0},{"damage":0.0,"enemies":"Small Slimes","floor":8.0,"turns":3.0},{"damage":6.0,"enemies":"Gremlin Nob","floor":11.0,"turns":3.0},{"damage":0.0,"enemies":"Red Slaver","floor":12.0,"turns":3.0},{"damage":2.0,"enemies":"3 Louse","floor":13.0,"turns":2.0},{"damage":20.0,"enemies":"Lagavulin","floor":14.0,"turns":4.0},{"damage":0.0,"enemies":"Slime Boss","floor":16.0,"turns":8.0},{"damage":9.0,"enemies":"Shell Parasite","floor":18.0,"turns":3.0},{"damage":0.0,"enemies":"Chosen","floor":19.0,"turns":3.0},{"damage":11.0,"enemies":"Centurion and Healer","floor":22.0,"turns":5.0},{"damage":23.0,"enemies":"Book of Stabbing","floor":23.0,"turns":5.0},{"damage":6.0,"enemies":"3 Cultists","floor":25.0,"turns":4.0},{"damage":15.0,"enemies":"Snake Plant","floor":27.0,"turns":4.0},{"damage":26,"enemies":"Shelled Parasite and Fungi","floor":29,"turns":2}],"seed_played":"-369505647743793838","potions_obtained":[{"floor":1.0,"key":"BottledMiracle"},{"floor":5.0,"key":"Dexterity Potion"},{"floor":12.0,"key":"BlessingOfTheForge"},{"floor":16.0,"key":"ColorlessPotion"},{"floor":22.0,"key":"StancePotion"},{"floor":27.0,"key":"LiquidMemories"}],"is_trial":false,"path_per_floor":["M","?","$","?","M","E","R","M","T","?","E","M","M","E","R","B",null,"M","M","?","?","M","E","R","M","T","M","?","M"],"character_chosen":"WATCHER","items_purchased":[],"campfire_rested":1,"item_purchase_floors":[],"current_hp_per_floor":[59,59,59,59,59,43,43,43,43,43,37,37,35,15,15,15,55,46,46,46,40,29,6,26,20,20,5,5,0,0],"gold":415,"neow_bonus":"REMOVE_TWO","is_daily":false,"chose_seed":false,"campfire_upgraded":2,"win_rate":0.0,"timestamp":1610593211,"path_taken":["M","?","?","?","?","E","R","M","T","?","E","M","M","E","R","BOSS","M","M","?","?","M","E","R","M","T","?","?","?"],"items_purchased_type":[],"build_version":"2020-12-22","purchased_purges":0,"victory":false,"max_hp_per_floor":[68,68,68,68,68,68,68,68,68,68,68,68,68,68,68,68,68,68,68,68,68,68,68,68,68,68,68,68,68,68],"card_choices":[{"not_picked":["CutThroughFate","InnerPeace"],"picked":"Adaptation","floor":1.0},{"not_picked":["Evaluate","EmptyFist"],"picked":"FlurryOfBlows","floor":5.0},{"not_picked":["Perseverance","Sanctity","CrushJoints"],"picked":"SKIP","floor":6.0},{"not_picked":["BowlingBash","Protect","ThirdEye"],"picked":"SKIP","floor":8.0},{"not_picked":["ConjureBlade","ClearTheMind","Protect"],"picked":"SKIP","floor":11.0},{"not_picked":["SashWhip","CrushJoints","Prostrate"],"picked":"SKIP","floor":12.0},{"not_picked":["Protect","EmptyFist","Vengeance"],"picked":"SKIP","floor":13.0},{"not_picked":["Prostrate","Crescendo"],"picked":"Vault","floor":14.0},{"not_picked":["Swivel","LikeWater","EmptyBody"],"picked":"SKIP","floor":18.0},{"not_picked":["Swivel","LikeWater","EmptyBody"],"picked":"SKIP","floor":18.0},{"not_picked":["Wireheading","Crescendo","CrushJoints"],"picked":"SKIP","floor":19.0},{"not_picked":["Halt","Swivel","Nirvana"],"picked":"SKIP","floor":22.0},{"not_picked":["FollowUp","TalkToTheHand","Sanctity"],"picked":"SKIP","floor":23.0},{"not_picked":["PathToVictory","Fasting2","CutThroughFate"],"picked":"SKIP","floor":25.0},{"not_picked":["Sanctity","Brilliance"],"picked":"InnerPeace","floor":27.0}],"player_experience":1132507,"relics_obtained":[{"floor":6.0,"key":"Art of War"},{"floor":9.0,"key":"Vajra"},{"floor":11.0,"key":"Dream Catcher"},{"floor":14.0,"key":"Darkstone Periapt"},{"floor":23.0,"key":"Ancient Tea Set"},{"floor":23.0,"key":"Mercury Hourglass"},{"floor":26.0,"key":"White Beast Statue"}],"event_choices":[{"damage_healed":0.0,"max_hp_gain":0.0,"max_hp_loss":0.0,"gold_gain":0.0,"event_name":"Accursed Blacksmith","player_choice":"Forge","floor":2.0,"gold_loss":0.0,"damage_taken":0.0,"cards_upgraded":["Eruption"]},{"damage_healed":0.0,"max_hp_gain":0.0,"max_hp_loss":0.0,"gold_gain":0.0,"event_name":"Upgrade Shrine","player_choice":"Upgraded","floor":4.0,"gold_loss":0.0,"damage_taken":0.0,"cards_upgraded":["Adaptation"]},{"cards_removed":["Defend_P"],"damage_healed":0.0,"max_hp_gain":0.0,"max_hp_loss":0.0,"gold_gain":0.0,"event_name":"Living Wall","player_choice":"Forget","floor":10.0,"gold_loss":0.0,"damage_taken":0.0},{"damage_healed":0.0,"max_hp_gain":0.0,"max_hp_loss":0.0,"gold_gain":0.0,"event_name":"The Mausoleum","player_choice":"Ignored","floor":20.0,"gold_loss":0.0,"damage_taken":0.0},{"damage_healed":0.0,"max_hp_gain":0.0,"max_hp_loss":0.0,"gold_gain":0.0,"event_name":"Knowing Skull","player_choice":"","floor":21.0,"potions_obtained":[],"gold_loss":0.0,"damage_taken":6.0,"cards_obtained":[]},{"damage_healed":0.0,"max_hp_gain":0.0,"max_hp_loss":0.0,"gold_gain":100.0,"event_name":"The Joust","player_choice":"Bet on Murderer","floor":28.0,"gold_loss":50.0,"damage_taken":0.0}],"is_beta":false,"boss_relics":[{"not_picked":["Runic Dome","Sozu"],"picked":"Black Star"}],"items_purged_floors":[],"is_endless":false,"potions_floor_spawned":[1,5,12,14,16,22,27],"killed_by":"Shelled Parasite and Fungi","ascension_level":17}}