{"host":"w7dlzf5vnx8zxt6g","time":1610600373,"event":{"mods":["BaseMod","Colored Powertips","Minty Spire (QoL Compilation)","StSLib","The Cursed"],"gold_per_floor":[115,46,46,58,73,98,117,117,142,162,180,192,202,94,94,197,197,212,212,229,240,270,270,27,27,27,27,27,41,60,70,70,171,171,183,203,221,23,23,23,49,64,89,105,105,105],"floor_reached":45,"language":"ENG","playtime":10251,"items_purged":["TheCursedMod:ForbiddenAlchemy","TheCursedMod:Defend_TheCursed","TheCursedMod:Defend_TheCursed"],"score":453,"play_id":"914269e8-c7c9-4a02-8072-8903ac53f08b","local_time":"20210113235933","is_ascension_mode":false,"campfire_choices":[{"floor":8,"key":"REST"},{"data":"TheCursedMod:HellsGateOpen","floor":15,"key":"SMITH"},{"floor":23,"key":"REST"},{"floor":25,"key":"REST"},{"data":"TheCursedMod:Strike_TheCursed","floor":27,"key":"PURGE"},{"data":"TheCursedMod:LuckyCharm","floor":32,"key":"SMITH"},{"floor":40,"key":"REST"}],"circlet_count":0,"master_deck":["TheCursedMod:Strike_TheCursed","TheCursedMod:Strike_TheCursed","TheCursedMod:Defend_TheCursed","TheCursedMod:Defend_TheCursed","TheCursedMod:CursedWand","TheCursedMod:CleanUpWorkshop","TheCursedMod:SpitefulPlan","TheCursedMod:HellsGateOpen+1","TheCursedMod:AbyssShockwave","TheCursedMod:BloodBarrier","TheCursedMod:Obscuration","TheCursedMod:CursedShiv","TheCursedMod:OutForBlood","TheCursedMod:BlessingInDisguise","TheCursedMod:LuckyCharm+1","TheCursedMod:DarkBarrier","TheCursedMod:SoulReap+1","TheCursedMod:Torture","TheCursedMod:StingEye","TheCursedMod:UltimatePain","TheCursedMod:Torture+1","TheCursedMod:SaltUponWound","TheCursedMod:Stigma+1","TheCursedMod:SpreadPlague"],"relics":["TheCursedMod:BlackMagic101","Blood Vial","Anchor","Busted Crown","Red Mask","Lantern","Peace Pipe","Sozu","TheCursedMod:Tack","MealTicket"],"acts_visited":["Exordium","TheCity","TheBeyond"],"potions_floor_usage":[10,33,41,41],"damage_taken":[{"damage":4,"enemies":"Jaw Worm","floor":1,"turns":5},{"damage":5,"enemies":"Cultist","floor":4,"turns":4},{"damage":0,"enemies":"Small Slimes","floor":5,"turns":3},{"damage":33,"enemies":"Gremlin Nob","floor":6,"turns":5},{"damage":16,"enemies":"Blue Slaver","floor":7,"turns":5},{"damage":2,"enemies":"Exordium Wildlife","floor":10,"turns":6},{"damage":0,"enemies":"Red Slaver","floor":11,"turns":5},{"damage":3,"enemies":"3 Louse","floor":12,"turns":2},{"damage":0,"enemies":"Large Slime","floor":13,"turns":6},{"damage":19,"enemies":"Hexaghost","floor":16,"turns":9},{"damage":0,"enemies":"Spheric Guardian","floor":18,"turns":5},{"damage":7,"enemies":"Shell Parasite","floor":20,"turns":7},{"damage":29,"enemies":"Snake Plant","floor":21,"turns":7},{"damage":55,"enemies":"Masked Bandits","floor":22,"turns":6},{"damage":22,"enemies":"Snecko","floor":29,"turns":6},{"damage":9,"enemies":"Centurion and Healer","floor":30,"turns":8},{"damage":9,"enemies":"3 Cultists","floor":31,"turns":5},{"damage":38,"enemies":"Automaton","floor":33,"turns":14},{"damage":23,"enemies":"3 Shapes","floor":35,"turns":4},{"damage":5,"enemies":"Orb Walker","floor":36,"turns":5},{"damage":28,"enemies":"4 Shapes","floor":37,"turns":4},{"damage":14,"enemies":"Giant Head","floor":41,"turns":9},{"damage":44,"enemies":"Spire Growth","floor":42,"turns":6},{"damage":10,"enemies":"Writhing Mass","floor":44,"turns":3},{"damage":36,"enemies":"Reptomancer","floor":45,"turns":3}],"seed_played":"4066016657333892776","potions_obtained":[{"floor":4,"key":"SkillPotion"},{"floor":5,"key":"AttackPotion"},{"floor":10,"key":"DistilledChaos"},{"floor":12,"key":"Weak Potion"}],"is_trial":false,"path_per_floor":["M","$","?","M","M","E","M","R","T","M","M","M","M","$","R","B",null,"M","?","M","M","?","R","$","R","T","R","$","M","M","M","R","B",null,"M","M","M","$","?","R","E","M","T","M","E"],"character_chosen":"THE_CURSED","items_purchased":["TheCursedMod:HellsGateOpen","TheCursedMod:LuckyCharm","Lantern","TheCursedMod:SaltUponWound"],"campfire_rested":4,"item_purchase_floors":[2,14,24,38],"current_hp_per_floor":[78,78,78,73,73,40,26,50,50,50,52,51,53,53,53,36,82,82,82,75,55,9,33,33,57,57,57,57,44,44,44,44,15,82,59,63,37,37,37,61,58,23,23,20,0,0],"gold":105,"neow_bonus":"TEN_PERCENT_HP_BONUS","is_daily":false,"chose_seed":false,"campfire_upgraded":2,"win_rate":0.0,"timestamp":1610600373,"path_taken":["M","$","?","M","M","E","?","R","T","M","M","?","M","$","R","BOSS","M","?","?","M","?","R","?","R","T","R","$","M","M","M","R","BOSS","M","M","M","$","?","R","E","?","T","M","E"],"items_purchased_type":["Card","Card","Relic","Card"],"build_version":"2020-12-22","purchased_purges":3,"victory":false,"max_hp_per_floor":[82,82,82,82,82,82,82,82,82,82,82,82,82,82,82,82,82,82,82,82,82,82,82,82,82,82,82,82,82,82,82,82,82,82,82,82,82,82,82,82,82,82,82,82,82,82],"card_choices":[{"not_picked":["TheCursedMod:CursedBlade","TheCursedMod:FleshFromBone"],"picked":"TheCursedMod:SpitefulPlan","floor":1},{"not_picked":["TheCursedMod:AshesToAshes","TheCursedMod:CursedAmulet"],"picked":"TheCursedMod:AbyssShockwave","floor":4},{"not_picked":["TheCursedMod:VitalStrike","TheCursedMod:Stigma"],"picked":"TheCursedMod:BloodBarrier","floor":5},{"not_picked":["TheCursedMod:ReleasedStrength","TheCursedMod:CursedSpellbook"],"picked":"TheCursedMod:Obscuration","floor":6},{"not_picked":["TheCursedMod:FleshFromBone","TheCursedMod:SurpriseAttack"],"picked":"TheCursedMod:CursedShiv","floor":7},{"not_picked":["TheCursedMod:CursedArmor","TheCursedMod:CircleOfFlame","TheCursedMod:Stretching"],"picked":"SKIP","floor":10},{"not_picked":["TheCursedMod:CursedMace","TheCursedMod:Wield"],"picked":"TheCursedMod:OutForBlood","floor":11},{"not_picked":["TheCursedMod:Obscuration","TheCursedMod:Stretching"],"picked":"TheCursedMod:BlessingInDisguise","floor":12},{"not_picked":["TheCursedMod:PrepareRite","TheCursedMod:VitalStrike","TheCursedMod:HellsGateOpen"],"picked":"SKIP","floor":13},{"not_picked":["TheCursedMod:CursedRelics","TheCursedMod:ManaCirculation"],"picked":"TheCursedMod:DarkBarrier","floor":16},{"not_picked":[],"picked":"TheCursedMod:SoulReap+1","floor":18},{"not_picked":["TheCursedMod:RavingStaff"],"picked":"SKIP","floor":20},{"not_picked":[],"picked":"TheCursedMod:Torture","floor":21},{"not_picked":[],"picked":"TheCursedMod:StingEye","floor":29},{"not_picked":["TheCursedMod:SoulReap+1"],"picked":"SKIP","floor":30},{"not_picked":["TheCursedMod:SurpriseAttack"],"picked":"SKIP","floor":31},{"not_picked":[],"picked":"TheCursedMod:UltimatePain","floor":33},{"not_picked":["TheCursedMod:Obscuration"],"picked":"SKIP","floor":35},{"not_picked":[],"picked":"TheCursedMod:Torture+1","floor":36},{"not_picked":["TheCursedMod:RavingStaff"],"picked":"SKIP","floor":37},{"not_picked":[],"picked":"TheCursedMod:Stigma+1","floor":41},{"not_picked":["TheCursedMod:CursedShiv"],"picked":"SKIP","floor":42},{"not_picked":[],"picked":"TheCursedMod:SpreadPlague","floor":44}],"player_experience":73020,"relics_obtained":[{"floor":6,"key":"Blood Vial"},{"floor":9,"key":"Anchor"},{"floor":22,"key":"Red Mask"},{"floor":26,"key":"Peace Pipe"},{"floor":41,"key":"TheCursedMod:Tack"},{"floor":43,"key":"MealTicket"}],"event_choices":[{"damage_healed":0,"gold_gain":0,"cards_transformed":["TheCursedMod:Strike_TheCursed"],"player_choice":"Transformed","damage_taken":0,"max_hp_gain":0,"max_hp_loss":0,"event_name":"Transmorgrifier","floor":3,"gold_loss":0,"cards_obtained":["TheCursedMod:ForbiddenAlchemy"]},{"damage_healed":0,"gold_gain":0,"player_choice":"Bought 0 Potions","damage_taken":0,"max_hp_gain":0,"max_hp_loss":0,"event_name":"The Woman in Blue","floor":19,"gold_loss":0},{"damage_healed":0,"gold_gain":0,"player_choice":"Fought Bandits","damage_taken":0,"max_hp_gain":0,"max_hp_loss":0,"event_name":"Masked Bandits","floor":22,"gold_loss":0},{"cards_removed":["TheCursedMod:Dregs"],"damage_healed":0,"gold_gain":0,"player_choice":"Removed Curses","damage_taken":0,"max_hp_gain":0,"max_hp_loss":0,"event_name":"Fountain of Cleansing","floor":39,"gold_loss":0}],"is_beta":false,"boss_relics":[{"not_picked":["Empty Cage","Runic Dome"],"picked":"Busted Crown"},{"not_picked":["Runic Pyramid","SlaversCollar"],"picked":"Sozu"}],"items_purged_floors":[14,24,38],"is_endless":false,"potions_floor_spawned":[4,5,10,12,20,21,30,36,44],"killed_by":"Reptomancer","ascension_level":0}}