{"host":"q9718omregw4er46","time":1610633343,"event":{"mods":["BaseMod","Bestiary","Colored Powertips","Minty Spire (QoL Compilation)","Quick Restart","Relic Stats"],"gold_per_floor":[111,111,124,399,409,72,99,99,99,175,236,236,292,407,407,407,407],"floor_reached":16,"language":"ENG","playtime":652,"items_purged":["Regret"],"score":240,"play_id":"bce43668-7635-49bc-9322-a2185bf38d8e","local_time":"20210114190903","is_ascension_mode":true,"campfire_choices":[{"data":"HandOfGreed","floor":8,"key":"SMITH"},{"data":"Biased Cognition","floor":12,"key":"SMITH"},{"data":"Hologram","floor":15,"key":"SMITH"}],"circlet_count":0,"master_deck":["AscendersBane","Strike_B","Strike_B","Strike_B","Defend_B","Defend_B","Defend_B","Defend_B","Zap","Dualcast","Sweeping Beam","Biased Cognition+1","Glacier","FTL","HandOfGreed+1","Self Repair","Self Repair","Cold Snap","Hologram+1"],"relics":["Cracked Core","NeowsBlessing","Boot","Meat on the Bone","Dream Catcher","Tiny Chest"],"acts_visited":["Exordium"],"potions_floor_usage":[16],"damage_taken":[{"damage":0,"enemies":"Jaw Worm","floor":1,"turns":1},{"damage":0,"enemies":"Cultist","floor":3,"turns":1},{"damage":0,"enemies":"2 Louse","floor":5,"turns":1},{"damage":18,"enemies":"Gremlin Nob","floor":7,"turns":4},{"damage":8,"enemies":"3 Sentries","floor":10,"turns":7},{"damage":10,"enemies":"Gremlin Gang","floor":11,"turns":6},{"damage":9,"enemies":"Lagavulin","floor":13,"turns":10},{"damage":12,"enemies":"Lots of Slimes","floor":14,"turns":11},{"damage":70,"enemies":"Hexaghost","floor":16,"turns":12}],"seed_played":"8052194057767095564","potions_obtained":[{"floor":7,"key":"AttackPotion"},{"floor":10,"key":"Fire Potion"}],"is_trial":false,"path_per_floor":["M","?","M","?","M","$","E","R","T","E","M","R","E","M","R","B"],"character_chosen":"DEFECT","items_purchased":["HandOfGreed","Self Repair"],"campfire_rested":0,"item_purchase_floors":[6,6],"current_hp_per_floor":[64,64,64,64,64,64,53,53,53,59,63,63,68,70,70,0,0],"gold":407,"neow_bonus":"THREE_ENEMY_KILL","is_daily":false,"chose_seed":false,"campfire_upgraded":3,"win_rate":0.0,"timestamp":1610633343,"path_taken":["M","?","?","?","?","$","E","R","T","E","M","R","E","M","R","BOSS"],"items_purchased_type":["Card","Card"],"build_version":"2020-12-22","purchased_purges":1,"victory":false,"max_hp_per_floor":[71,71,71,71,71,71,71,71,71,71,71,71,71,71,71,71,71],"relic_stats":{"Dream Catcher":0,"counters":[9,53],"Tiny Chest":0,"Boot":[2],"obtain_stats":[{"Dream Catcher":10,"NeowsBlessing":0,"Tiny Chest":13,"Cracked Core":0,"Boot":7,"Meat on the Bone":9},{"Dream Catcher":5,"NeowsBlessing":0,"Tiny Chest":7,"Cracked Core":0,"Boot":4,"Meat on the Bone":4},{"Dream Catcher":14,"NeowsBlessing":0,"Tiny Chest":30,"Cracked Core":0,"Boot":7,"Meat on the Bone":7}],"Meat on the Bone":0},"card_choices":[{"not_picked":["Leap","Conserve Battery"],"picked":"Sweeping Beam","floor":1},{"not_picked":["Blizzard","Chill"],"picked":"Glacier","floor":3},{"not_picked":["Sweeping Beam","Leap"],"picked":"FTL","floor":5},{"not_picked":["Leap","Scrape"],"picked":"Self Repair","floor":7},{"not_picked":["Skim","Hyperbeam"],"picked":"Cold Snap","floor":10},{"not_picked":["Go for the Eyes","Stack","Hologram"],"picked":"SKIP","floor":11},{"not_picked":["Sunder","Chaos"],"picked":"Hologram","floor":13},{"not_picked":["Barrage","Doom and Gloom","FTL"],"picked":"SKIP","floor":14}],"player_experience":1205307,"relics_obtained":[{"floor":7,"key":"Boot"},{"floor":9,"key":"Meat on the Bone"},{"floor":10,"key":"Dream Catcher"},{"floor":13,"key":"Tiny Chest"}],"event_choices":[{"damage_healed":0,"gold_gain":0,"cards_transformed":["Strike_B"],"player_choice":"Transformed","damage_taken":0,"max_hp_gain":0,"max_hp_loss":0,"event_name":"Transmorgrifier","floor":2,"gold_loss":0,"cards_obtained":["Biased Cognition"]},{"damage_healed":0,"gold_gain":275,"player_choice":"Desecrate","damage_taken":0,"max_hp_gain":0,"max_hp_loss":0,"event_name":"Golden Shrine","floor":4,"gold_loss":0,"cards_obtained":["Regret"]}],"is_beta":false,"boss_relics":[],"items_purged_floors":[6],"is_endless":false,"potions_floor_spawned":[7,10,13,14],"killed_by":"Hexaghost","ascension_level":20}}