{"host":"17xjy7b7ubl548g2","time":1610646957,"event":{"mods":["2.2 Compatiblity","Act Like it!","Aspiration","Astrologer","Bard","BaseMod","Bestiary","Challenge The Spire","ChefMod","Colored Map","Conspire","Elementarium","Energized Spire","Gensokyo","GifTheSpireLib","Halation","Hallownest","Hubris","Infinite Spire","Jedi Mod","Jorbs\u0027s Wanderer Trilogy","Marisa（霧雨　魔理沙）","Marked Mod","Menagerie","Minty Spire (QoL Compilation)","Pale of the Ancients","Permanent Neow","Puzzle Mod","Replay The Spire","Robot Space Explorer","Spicy Shops","StSLib","Stuff the Spire","The Blue Laboratory","The Bug Knight","The Construct","The Disciple","The Factory","The Hayseed","The Hierophant","The Marked","The Runesmith","The Sage","TheFirefly"],"gold_per_floor":[211,211,228,242,258,286,286,314,338,338,126,142,161,176,176,287,287,300,300,142,142,142,142,142,142,142,142,84,84,84,84,84,84,84,84,84,84,84,84,84,84,84,84,84,84,84,84,84,84,84],"floor_reached":51,"language":"ENG","playtime":4902,"items_purged":["Injury","chefmod:Strike","Gensokyo:AllTheWorldsEvil","chefmod:Strike","chefmod:Strike","chefmod:Strike+1"],"score":1010,"play_id":"f1a5b6e2-40df-4cc7-8d6d-ecf78ae2ca9f","local_time":"20210114125556","is_ascension_mode":true,"campfire_choices":[{"data":"chefmod:TodaysSpecial","floor":7.0,"key":"SMITH"},{"data":"chefmod:KnifeFlurry","floor":15.0,"key":"SMITH"},{"data":"chefmod:QuickThaw","floor":23.0,"key":"SMITH"},{"data":"Biased Cognition","floor":25.0,"key":"SMITH"},{"data":"chefmod:RaidPantry","floor":27.0,"key":"SMITH"},{"data":"Beam Cell","floor":32.0,"key":"SMITH"},{"data":"chefmod:FrozenTuna","floor":41.0,"key":"SMITH"},{"data":"chefmod:SearedScallops","floor":44.0,"key":"SMITH"},{"data":"chefmod:Cleavers","floor":49,"key":"SMITH"}],"circlet_count":0,"master_deck":["chefmod:QuickThaw+1","chefmod:Defend","chefmod:Defend","chefmod:Defend","chefmod:Defend","chefmod:TodaysSpecial+1","chefmod:Omelette","chefmod:ColdSteel","chefmod:SearedScallops+1","chefmod:Fillet","chefmod:Cleavers+1","Good Instincts","chefmod:CandyBowl","chefmod:DinoKale","chefmod:KnifeFlurry+1","chefmod:RaidPantry+1","chefmod:DinoKale","chefmod:Cleavers+1","chefmod:DinoKale+1","hubris:Fate","Biased Cognition+1","chefmod:MonsterBait+1","Beam Cell+1","chefmod:FireUp","Steam","chefmod:ZaruSoba+1","chefmod:FrozenTuna+1","jedi:BurstFrost+1","OneTimeOff","Hologram+1","Coolheaded+1","chefmod:QuickChop+1","Conserve Battery+1","Compile Driver+1","Barrage+1","jedi:hex+1","chefmod:PotatoGratin","chefmod:Cleavers+1"],"relics":["chefmod:TrustyPot","hubris:Icosahedron","halation:IllGainedPizza","jedi:Pinwheel","Anchor","BargainBundle","jedi:cryingmask","Vajra","ReplayTheSpireMod:CursedCoin","aspiration:DefectSkillbook","jedi:ominousloannote","Potion Belt","Whetstone","hubris:TerracottaHorce","sagemod:The_Guidebook_Guide","Prayer Wheel","Replay:Accelerometer","hubris:ScarierMask","StuffTheSpire:GrapeVine","hubris:ToyBattleship","Toy Ornithopter","Replay:WaspNest","Orichalcum"],"acts_visited":["Exordium","TheCity","TheCity"],"potions_floor_usage":[50,50,50],"damage_taken":[{"damage":3.0,"enemies":"2 Louse","floor":1.0,"turns":3.0},{"damage":0.0,"enemies":"Jaw Worm","floor":3.0,"turns":4.0},{"damage":0.0,"enemies":"Small Slimes","floor":4.0,"turns":3.0},{"damage":1.0,"enemies":"Exordium Thugs","floor":5.0,"turns":4.0},{"damage":10.0,"enemies":"Lagavulin","floor":6.0,"turns":6.0},{"damage":15.0,"enemies":"Gremlin Nob","floor":8.0,"turns":5.0},{"damage":0.0,"enemies":"Lots of Slimes","floor":12.0,"turns":1.0},{"damage":0.0,"enemies":"3 Louse","floor":13.0,"turns":2.0},{"damage":7.0,"enemies":"Exordium Wildlife","floor":14.0,"turns":4.0},{"damage":32.0,"enemies":"The Guardian","floor":16.0,"turns":9.0},{"damage":0.0,"enemies":"Chosen","floor":18.0,"turns":4.0},{"damage":3.0,"enemies":"Shell Parasite","floor":22.0,"turns":4.0},{"damage":0.0,"enemies":"Nightmare","floor":24.0,"turns":6.0},{"damage":0.0,"enemies":"conspire:HollyBat","floor":29.0,"turns":7.0},{"damage":0.0,"enemies":"Snake Plant","floor":30.0,"turns":3.0},{"damage":0.0,"enemies":"Centurion and Healer","floor":31.0,"turns":3.0},{"damage":6.0,"enemies":"conspire:MysteriousRune","floor":33.0,"turns":6.0},{"damage":0.0,"enemies":"theFactory:4_Mini-Bots","floor":35.0,"turns":3.0},{"damage":0.0,"enemies":"theFactory:BigBot","floor":38.0,"turns":4.0},{"damage":0.0,"enemies":"theFactory:ShrapnelTosser","floor":39.0,"turns":6.0},{"damage":16.0,"enemies":"theFactory:Manservantes","floor":40.0,"turns":7.0},{"damage":0.0,"enemies":"theFactory:DrinkBrewer","floor":42.0,"turns":5.0},{"damage":5.0,"enemies":"theFactory:DefectiveSentry","floor":45.0,"turns":4.0},{"damage":0.0,"enemies":"theFactory:Personnel_and_Big_Bot","floor":46.0,"turns":3.0},{"damage":0.0,"enemies":"theFactory:Sentries_and_Big_Bot","floor":47.0,"turns":5.0},{"damage":0,"enemies":"theFactory:Manservantes","floor":48,"turns":4},{"damage":14,"enemies":"theFactory:SPIDER","floor":50,"turns":9}],"seed_played":"-4474357015466651450","potions_obtained":[{"floor":4.0,"key":"sagemod:Wine"},{"floor":5.0,"key":"Strength Potion"},{"floor":6.0,"key":"Weak Potion"},{"floor":14.0,"key":"Adrenaline Potion"},{"floor":16.0,"key":"Venom Potion"},{"floor":24.0,"key":"construct:ShiftPotion"},{"floor":30.0,"key":"Weak Potion"},{"floor":31.0,"key":"Dexterity Potion"},{"floor":35.0,"key":"Dexterity Potion"},{"floor":40.0,"key":"blueLaboratory:PyrophylliteBrew"},{"floor":42.0,"key":"blueLaboratory:BottleOfRum"},{"floor":45.0,"key":"DistilledChaos"},{"floor":48,"key":"AttackPotion"}],"is_trial":false,"path_per_floor":["M","?","M","M","M","E","R","E","T","?","$","M","M","M","R","B",null,"M","?","$","AVR","M","R","NM","R","T","R","?","M","M","M","R","B",null,"M","?","?","M","M","E","R","E","T","R","M","M","M","E","R","B",null],"character_chosen":"THE_CHEF","items_purchased":["BargainBundle","jedi:cryingmask","Vajra","ReplayTheSpireMod:CursedCoin","Good Instincts","Adrenaline Potion","Weak Potion","LiquidBronze","chefmod:CandyBowl","jedi:ominousloannote","chefmod:Cleavers","Potion Belt","Whetstone"],"campfire_rested":0,"item_purchase_floors":[11,11,11,11,11,11,11,11,11,20,20,20,20],"current_hp_per_floor":[73,73,73,73,72,62,62,47,47,47,47,47,47,40,40,8,76,76,62,62,62,59,59,59,59,59,59,79,79,79,79,79,73,79,79,74,65,65,65,49,49,49,49,49,59,59,64,64,64,65],"gold":84,"neow_bonus":"HUNDRED_GOLD","is_daily":false,"chose_seed":false,"campfire_upgraded":9,"win_rate":0.0,"timestamp":1610646956,"path_taken":["M","?","M","M","M","E","R","E","T","?","?","M","M","M","R","BOSS","M","?","?","AVR","M","R","NM","R","T","R","?","?","M","M","R","BOSS","M","?","?","?","M","E","R","E","T","R","M","M","M","E","R","BOSS"],"items_purchased_type":["Relic","Relic","Relic","Relic","Card","Potion","Potion","Potion","Card","Relic","Card","Relic","Relic"],"build_version":"2020-12-22","purchased_purges":6,"victory":true,"max_hp_per_floor":[76,76,76,76,76,76,76,76,76,76,76,76,76,76,76,76,76,76,81,81,81,81,81,81,81,81,81,81,81,81,81,81,81,81,81,81,81,81,81,81,81,81,81,81,81,81,81,81,81,81],"card_choices":[{"not_picked":["chefmod:BaoBuns","chefmod:VegetableTart"],"picked":"chefmod:Omelette","floor":1.0},{"not_picked":["chefmod:NoSoupForYou","chefmod:ZaruSoba"],"picked":"chefmod:ColdSteel","floor":3.0},{"not_picked":["chefmod:SaveForLater","chefmod:ColdSteel","chefmod:Granita"],"picked":"SKIP","floor":4.0},{"not_picked":["chefmod:FryPan","chefmod:Escargot"],"picked":"chefmod:SearedScallops","floor":5.0},{"not_picked":["chefmod:Ratatouille","chefmod:Chop"],"picked":"chefmod:Fillet","floor":6.0},{"not_picked":["chefmod:GroceryDelivery","chefmod:Granita"],"picked":"chefmod:Cleavers","floor":8.0},{"not_picked":["chefmod:OldCookbook","chefmod:ColdSteel"],"picked":"chefmod:DinoKale","floor":12.0},{"not_picked":["chefmod:Fillet","chefmod:ZaruSoba"],"picked":"chefmod:KnifeFlurry","floor":13.0},{"not_picked":["chefmod:TonkotsuRamen","chefmod:Fillet","chefmod:HotSoup"],"picked":"SKIP","floor":14.0},{"not_picked":["chefmod:BananaSplit","chefmod:Mince"],"picked":"chefmod:RaidPantry","floor":16.0},{"not_picked":["Heatsinks","ReplayTheSpireMod:Dual Polarity","jedi:markofdeath"],"picked":"chefmod:DinoKale","floor":18.0},{"not_picked":["StuffTheSpire:Rend+1","Consume","jedi:reiji"],"picked":"chefmod:DinoKale+1","floor":22.0},{"not_picked":["infinitespire:UltimateForm","infinitespire:FinalStrike"],"picked":"hubris:Fate","floor":24.0},{"not_picked":["chefmod:SliceAndDice","StuffTheSpire:ShieldGenerator+1","chefmod:ColdSteel"],"picked":"Biased Cognition","floor":24.0},{"not_picked":["Rebound","chefmod:Sorbet","chefmod:FullBurn"],"picked":"chefmod:MonsterBait+1","floor":29.0},{"not_picked":["Compile Driver","chefmod:Fillet","jedi:spotbugs","chefmod:ColdSteel+1"],"picked":"SKIP","floor":29.0},{"not_picked":["chefmod:BaoBuns","chefmod:RaidPantry","jedi:BurstFrost"],"picked":"Beam Cell","floor":30.0},{"not_picked":["chefmod:BananaSplit","chefmod:MonsterBait","chefmod:Chop"],"picked":"chefmod:FireUp","floor":30.0},{"not_picked":["chefmod:FryPan","Melter","chefmod:Sorbet"],"picked":"Steam","floor":31.0},{"not_picked":["chefmod:QuickChop","chefmod:SliceAndDice","chefmod:KnifeFlurry"],"picked":"chefmod:ZaruSoba+1","floor":31.0},{"not_picked":["Amplify","Hyperbeam","chefmod:DeepFreeze"],"picked":"chefmod:FrozenTuna","floor":33.0},{"not_picked":["conspire:SharedLibrary+1","chefmod:Fillet","chefmod:IcePick+1"],"picked":"jedi:BurstFrost+1","floor":35.0},{"not_picked":["chefmod:Defrost","chefmod:Sorbet","chefmod:ColdSteel+1","Rebound"],"picked":"SKIP","floor":35.0},{"not_picked":["ReplayTheSpireMod:GoodbyeWorld","chefmod:DeepFreeze"],"picked":"OneTimeOff","floor":36.0},{"not_picked":["Barrage","Cold Snap+1","StuffTheSpire:Purify"],"picked":"Hologram+1","floor":38.0},{"not_picked":["ReplayTheSpireMod:Dual Polarity","conspire:SharedLibrary","chefmod:Granita","chefmod:HotSoup+1"],"picked":"SKIP","floor":38.0},{"not_picked":["Barrage","chefmod:Flambe","chefmod:SaveForLater+1"],"picked":"Coolheaded+1","floor":39.0},{"not_picked":["chefmod:ZaruSoba+1","chefmod:FiveAlarmChili+1","Redo+1","Stack"],"picked":"SKIP","floor":39.0},{"not_picked":["hubris:Ukulele+1","Coolheaded+1","Gash+1"],"picked":"chefmod:QuickChop+1","floor":40.0},{"not_picked":["Aggregate","Fusion","Panic Button+1","chefmod:Gelato"],"picked":"SKIP","floor":42.0},{"not_picked":["conspire:Rain","jedi:BurstFrost+1","chefmod:DimSum"],"picked":"Conserve Battery+1","floor":45.0},{"not_picked":["Chill+1","Crystallizer","Streamline+1","StuffTheSpire:Rend"],"picked":"SKIP","floor":45.0},{"not_picked":["jedi:spotbugs","chefmod:IcePick+1","jedi:sharpshooter"],"picked":"Compile Driver+1","floor":46.0},{"not_picked":["chefmod:Gelato+1","Force Field","ReplayTheSpireMod:Calculation Training+1"],"picked":"Barrage+1","floor":46.0},{"not_picked":["chefmod:Fillet","chefmod:GroceryDelivery","Conserve Battery"],"picked":"jedi:hex+1","floor":47.0},{"not_picked":["Self Repair","chefmod:ZaruSoba+1","chefmod:Defrost"],"picked":"chefmod:PotatoGratin","floor":47.0},{"not_picked":["Cold Snap","Auto Shields+1","chefmod:Gelato"],"picked":"chefmod:Cleavers+1","floor":48}],"player_experience":1783618,"relics_obtained":[{"floor":6.0,"key":"halation:IllGainedPizza"},{"floor":8.0,"key":"jedi:Pinwheel"},{"floor":9.0,"key":"Anchor"},{"floor":24.0,"key":"Prayer Wheel"},{"floor":26.0,"key":"Replay:Accelerometer"},{"floor":40.0,"key":"hubris:ToyBattleship"},{"floor":42.0,"key":"Toy Ornithopter"},{"floor":43.0,"key":"Replay:WaspNest"},{"floor":48,"key":"Orichalcum"}],"event_choices":[{"damage_healed":0.0,"max_hp_gain":0.0,"max_hp_loss":0.0,"gold_gain":0.0,"event_name":"Liars Game","player_choice":"Ignored","floor":10.0,"gold_loss":0.0,"damage_taken":0.0},{"damage_healed":0.0,"max_hp_gain":5.0,"max_hp_loss":0.0,"gold_gain":0.0,"event_name":"Forgotten Altar","player_choice":"Shed Blood","floor":19.0,"gold_loss":0.0,"damage_taken":19.0}],"is_beta":false,"boss_relics":[{"not_picked":["halation:Risk","halation:Prosthetics"],"picked":"aspiration:DefectSkillbook"},{"not_picked":["sagemod:Falmels_Amulet","Pandora\u0027s Box"],"picked":"hubris:ScarierMask"}],"items_purged_floors":[11,11,11,20,20,21],"is_endless":false,"potions_floor_spawned":[4,5,6,14,16,24,30,31,35,40,42,45,48],"ascension_level":4}}