{"host":"Qube","time":1610594721,"event":{"mods":["AchievementEnabler","BaseMod","Colored Map","Colored Powertips","Minty Spire (QoL Compilation)","Quick Restart","Random Character Button","StSLib"],"gold_per_floor":[114,127,145,145,145,177,177,212,212,245,256,256,256,256,256,347,347,363,363,363],"floor_reached":19,"language":"ENG","playtime":1083,"items_purged":[],"score":370,"play_id":"5444a42a-010e-4b2f-ae83-2627a7cda608","local_time":"20210113192521","is_ascension_mode":true,"campfire_choices":[{"floor":7.0,"key":"REST"},{"floor":13,"key":"REST"},{"data":"Hologram","floor":15,"key":"SMITH"}],"circlet_count":0,"master_deck":["AscendersBane","Strike_B","Strike_B","Strike_B","Strike_B","Defend_B","Defend_B","Defend_B","Defend_B","Zap+1","Dualcast+1","Biased Cognition+1","Rebound","Reinforced Body","Hologram+1","Reboot","Genetic Algorithm","Capacitor","Injury","Electrodynamics","Steam"],"relics":["Cracked Core","Dead Branch","Shuriken","Bottled Tornado","Question Card","Golden Idol","Black Star"],"acts_visited":["Exordium","TheCity"],"potions_floor_usage":[11,16,19],"damage_taken":[{"damage":11.0,"enemies":"2 Louse","floor":1.0,"turns":3.0},{"damage":0.0,"enemies":"Small Slimes","floor":2.0,"turns":3.0},{"damage":0.0,"enemies":"Cultist","floor":3.0,"turns":3.0},{"damage":22.0,"enemies":"Lagavulin","floor":6.0,"turns":6.0},{"damage":10.0,"enemies":"3 Sentries","floor":8.0,"turns":6.0},{"damage":8.0,"enemies":"Lagavulin","floor":10.0,"turns":6.0},{"damage":7,"enemies":"Exordium Wildlife","floor":11,"turns":4},{"damage":52,"enemies":"Slime Boss","floor":16,"turns":11},{"damage":24,"enemies":"2 Thieves","floor":18,"turns":3},{"damage":35,"enemies":"Masked Bandits","floor":19,"turns":2}],"seed_played":"4083253927409109694","potions_obtained":[{"floor":1.0,"key":"Strength Potion"},{"floor":5.0,"key":"Fruit Juice"},{"floor":5.0,"key":"LiquidBronze"},{"floor":8.0,"key":"FairyPotion"},{"floor":10.0,"key":"Swift Potion"},{"floor":11,"key":"PotionOfCapacity"},{"floor":16,"key":"PowerPotion"}],"is_trial":false,"path_per_floor":["M","M","M","?","?","E","R","E","T","E","M","?","R","?","R","B",null,"M","?"],"character_chosen":"DEFECT","items_purchased":[],"campfire_rested":2,"item_purchase_floors":[],"current_hp_per_floor":[53,53,53,34,39,17,37,27,27,19,12,12,32,32,32,4,53,29,0,0],"gold":363,"neow_bonus":"THREE_RARE_CARDS","is_daily":false,"chose_seed":false,"campfire_upgraded":1,"win_rate":0.0,"timestamp":1610594721,"path_taken":["M","M","M","?","?","E","R","E","T","E","?","?","R","?","R","BOSS","M","?"],"items_purchased_type":[],"build_version":"2020-12-18","purchased_purges":0,"victory":false,"max_hp_per_floor":[64,64,64,64,69,69,69,69,69,69,69,69,69,69,69,69,69,69,69,69],"card_choices":[{"not_picked":["Hyperbeam","All For One"],"picked":"Biased Cognition","floor":0.0},{"not_picked":["Compile Driver","Blizzard"],"picked":"Rebound","floor":1.0},{"not_picked":["Redo","Conserve Battery"],"picked":"Reinforced Body","floor":2.0},{"not_picked":["Stack","Sweeping Beam"],"picked":"Hologram","floor":3.0},{"not_picked":["Heatsinks","Gash"],"picked":"Reboot","floor":6.0},{"not_picked":["Buffer","White Noise","Rebound"],"picked":"SKIP","floor":8.0},{"not_picked":["Melter","Compile Driver"],"picked":"Genetic Algorithm","floor":10.0},{"not_picked":["Rebound","Redo","Conserve Battery"],"picked":"Capacitor","floor":11},{"not_picked":["Rainbow","Fission","Buffer"],"picked":"Electrodynamics","floor":16},{"not_picked":["Hologram","Sweeping Beam+1","Compile Driver"],"picked":"Steam","floor":18}],"player_experience":897169,"relics_obtained":[{"floor":6.0,"key":"Dead Branch"},{"floor":8.0,"key":"Shuriken"},{"floor":9.0,"key":"Bottled Tornado"},{"floor":10.0,"key":"Question Card"}],"event_choices":[{"damage_healed":0.0,"max_hp_gain":0.0,"max_hp_loss":0.0,"gold_gain":0.0,"event_name":"Shining Light","player_choice":"Entered Light","floor":4.0,"gold_loss":0.0,"damage_taken":19.0,"cards_upgraded":["Zap","Dualcast"]},{"damage_healed":0.0,"max_hp_gain":0.0,"max_hp_loss":0.0,"gold_gain":0.0,"event_name":"Lab","player_choice":"Got Potions","floor":5.0,"gold_loss":0.0,"damage_taken":0.0},{"damage_healed":0,"gold_gain":0,"player_choice":"Take Wound","damage_taken":0,"relics_obtained":["Golden Idol"],"max_hp_gain":0,"max_hp_loss":0,"event_name":"Golden Idol","floor":12,"gold_loss":0,"cards_obtained":["Injury"]},{"damage_healed":0,"gold_gain":0,"player_choice":"Grow","damage_taken":0,"max_hp_gain":0,"max_hp_loss":0,"event_name":"Living Wall","floor":14,"gold_loss":0,"cards_upgraded":["Biased Cognition"]},{"damage_healed":0,"gold_gain":0,"player_choice":"Fought Bandits","damage_taken":0,"max_hp_gain":0,"max_hp_loss":0,"event_name":"Masked Bandits","floor":19,"gold_loss":0}],"is_beta":true,"boss_relics":[{"not_picked":["Busted Crown","SlaversCollar"],"picked":"Black Star"}],"items_purged_floors":[],"is_endless":false,"potions_floor_spawned":[1,8,10,11,16],"killed_by":"Masked Bandits","ascension_level":20}}