{"host":"Planeswalker","time":1610599222,"event":{"mods":["Act Like it!","Astrologer","BaseMod","Downfall","Friendly Minions","GifTheSpireLib","Halation","Hermit","Hubris","Jorbs\u0027s Wanderer Trilogy","Minty Spire (QoL Compilation)","Replay The Spire","SOS???????","Shop Mod","Somnambulant","StSLib","The Bladedancer","The Cursed","The Elementalist","The Hierophant","The Jungle","The Mystic","The Necromancer"],"gold_per_floor":[113,44,60,135,149,149,22,22,22,51,51,51,51],"floor_reached":12,"language":"ENG","playtime":563,"items_purged":[],"score":76,"play_id":"04476f70-8bb5-45ef-8b85-389301ccb168","local_time":"20210113214022","is_ascension_mode":false,"campfire_choices":[{"data":"mysticmod:TomeOfSpells","floor":6,"key":"SMITH"}],"circlet_count":0,"master_deck":["mysticmod:Strike_Mystic","mysticmod:Strike_Mystic","mysticmod:Strike_Mystic","mysticmod:Strike_Mystic","mysticmod:Defend_Mystic","mysticmod:Defend_Mystic","mysticmod:Defend_Mystic","mysticmod:Defend_Mystic","mysticmod:ArcaneDodge","mysticmod:ShockingGrasp","mysticmod:TomeOfSpells","mysticmod:Grease","mysticmod:TomeOfSpells+1","mysticmod:Stoneskin","mysticmod:ComponentsPouch","mysticmod:MagicMissile"],"relics":["mysticmod:SpellBook","ReplayTheSpireMod:Ninjato","halation:BottledLove","hubris:DisguiseKit"],"acts_visited":["Exordium"],"potions_floor_usage":[10],"damage_taken":[{"damage":0,"enemies":"Small Slimes","floor":1,"turns":3},{"damage":0,"enemies":"Cultist","floor":3,"turns":4},{"damage":2,"enemies":"Jaw Worm","floor":5,"turns":7},{"damage":25,"enemies":"3 Sentries","floor":10,"turns":8},{"damage":63,"enemies":"Gremlin Nob","floor":12,"turns":4}],"seed_played":"-1411023348531897811","potions_obtained":[{"floor":3,"key":"PowerPotion"}],"is_trial":false,"path_per_floor":["M","?","M","?","M","R","$","?","T","E","$","E"],"character_chosen":"MYSTIC_CLASS","items_purchased":["mysticmod:Stoneskin","mysticmod:ComponentsPouch"],"campfire_rested":0,"item_purchase_floors":[7,7],"current_hp_per_floor":[84,84,84,73,71,71,71,71,71,46,46,0,0],"gold":51,"neow_bonus":"TEN_PERCENT_HP_BONUS","is_daily":false,"chose_seed":false,"campfire_upgraded":1,"win_rate":0.0,"timestamp":1610599222,"path_taken":["M","?","?","?","M","R","$","?","T","E","?","E"],"items_purchased_type":["Card","Card"],"build_version":"2020-11-17","purchased_purges":0,"victory":false,"max_hp_per_floor":[84,84,84,84,84,84,84,84,84,84,84,84,84],"card_choices":[{"not_picked":["mysticmod:Dedication","mysticmod:SummonFamiliar"],"picked":"mysticmod:TomeOfSpells","floor":1},{"not_picked":["mysticmod:Shield","mysticmod:ComponentsPouch"],"picked":"mysticmod:Grease","floor":3},{"not_picked":["mysticmod:Shield","mysticmod:VorpalThrust"],"picked":"mysticmod:TomeOfSpells","floor":5},{"not_picked":["mysticmod:ComponentsPouch","mysticmod:Daze"],"picked":"mysticmod:MagicMissile","floor":10}],"player_experience":18891,"relics_obtained":[{"floor":9,"key":"halation:BottledLove"},{"floor":10,"key":"hubris:DisguiseKit"}],"event_choices":[{"damage_healed":0,"gold_gain":0,"player_choice":"Paid Gold","damage_taken":0,"relics_obtained":["ReplayTheSpireMod:Ninjato"],"max_hp_gain":0,"max_hp_loss":0,"event_name":"WeMeetAgain","floor":2,"gold_loss":69},{"damage_healed":0,"gold_gain":75,"player_choice":"Gather Gold","damage_taken":11,"max_hp_gain":0,"max_hp_loss":0,"event_name":"World of Goop","floor":4,"gold_loss":0}],"is_beta":true,"boss_relics":[],"items_purged_floors":[],"is_endless":false,"potions_floor_spawned":[3],"killed_by":"Gremlin Nob","ascension_level":0}}