{"host":"5padt50u07xd1iby","time":1610626398,"event":{"mods":["AchievementEnabler","Aspiration","BaseMod","Colored Map","Colored Powertips","Conspire","Dark Map","Downfall","Hubris","Minty Spire (QoL Compilation)","Replay The Spire","Retaliation","Shop Mod","StSLib","SuperFastMode","The Blue Laboratory","everything is the same but u backflip on backflip"],"gold_per_floor":[118,43,54,68,84,111,131,131,131],"floor_reached":8,"language":"ENG","playtime":578,"items_purged":["Looming Evil"],"score":60,"play_id":"05b4d770-7f59-44c1-9f0f-5aaa8d5fb6b4","local_time":"20210114131318","is_ascension_mode":false,"campfire_choices":[],"circlet_count":0,"master_deck":["Strike_B","Strike_B","Strike_B","Strike_B","Defend_B","Defend_B","Defend_B","Defend_B","Zap","Dualcast","Genetic Algorithm","ReplayTheSpireMod:Repulse","Melter","Mirror Shield","Reinforced Body","BootSequence"],"relics":["Cracked Core","conspire:IceCreamScoop","aspiration:EnhancedActuators"],"acts_visited":["Exordium"],"potions_floor_usage":[8],"damage_taken":[{"damage":1,"enemies":"Cultist","floor":1,"turns":3},{"damage":5,"enemies":"Jaw Worm","floor":3,"turns":3},{"damage":7,"enemies":"2 Louse","floor":4,"turns":2},{"damage":36,"enemies":"Gremlin Gang","floor":5,"turns":6},{"damage":15,"enemies":"3 Sentries","floor":6,"turns":10},{"damage":0,"enemies":"Blue Slaver","floor":7,"turns":3},{"damage":13,"enemies":"Lagavulin","floor":8,"turns":4}],"seed_played":"1379456897637449017","potions_obtained":[{"floor":1,"key":"sneckomod:MuddlingPotion"},{"floor":6,"key":"blueLaboratory:BiasPotion"}],"is_trial":false,"path_per_floor":["M","$","M","M","M","E","M","E"],"character_chosen":"DEFECT","items_purchased":[],"campfire_rested":0,"item_purchase_floors":[],"current_hp_per_floor":[74,74,69,62,26,11,11,0,0],"gold":131,"neow_bonus":"ONE_RARE_RELIC","is_daily":false,"chose_seed":false,"campfire_upgraded":0,"win_rate":0.0,"timestamp":1610626398,"path_taken":["M","$","?","?","M","E","M","E"],"items_purchased_type":[],"build_version":"2020-12-22","purchased_purges":1,"victory":false,"max_hp_per_floor":[75,75,75,75,75,75,75,75,75],"card_choices":[{"not_picked":["Go for the Eyes","Turbo"],"picked":"Genetic Algorithm","floor":1},{"not_picked":["Beam Cell","Leap"],"picked":"ReplayTheSpireMod:Repulse","floor":3},{"not_picked":["Beam Cell","Go for the Eyes"],"picked":"Melter","floor":4},{"not_picked":["Stack","Panic Button"],"picked":"Mirror Shield","floor":5},{"not_picked":["Turbo","Panic Button"],"picked":"Reinforced Body","floor":6},{"not_picked":["Sweeping Beam","Doom and Gloom"],"picked":"BootSequence","floor":7}],"player_experience":104931,"relics_obtained":[{"floor":6,"key":"aspiration:EnhancedActuators"}],"event_choices":[],"is_beta":false,"boss_relics":[],"items_purged_floors":[2],"is_endless":false,"potions_floor_spawned":[1,6],"killed_by":"Lagavulin","ascension_level":0}}