{"host":"Terry","time":1610660139,"event":{"mods":["BaseMod","Downfall","Hubris","Minty Spire (QoL Compilation)","Replay The Spire","StSLib","The Cursed","The Senshi","The Servant 0.9.4"],"gold_per_floor":[99,114,125,138,157,157,157,67,93,93,118,132,132,157,167,266,266,266,266,286,286,286,286,306,319,112,129,129,148,164,259,259,259,274,68,68,68],"floor_reached":39,"language":"ENG","playtime":3200,"items_purged":["Strike_S"],"score":466,"play_id":"444ae814-2a50-4063-9d27-cca3061ac6ce","local_time":"20210114163539","is_ascension_mode":false,"campfire_choices":[{"floor":1,"key":"DIG"},{"data":"Foresight","floor":13,"key":"SMITH"},{"floor":18,"key":"DIG"},{"data":"Potential","floor":25,"key":"SMITH"},{"floor":30,"key":"REST"},{"floor":35,"key":"DIG"}],"circlet_count":0,"master_deck":["Strike_S","Strike_S","Strike_S","Defend_S","Defend_S","Defend_S","KidneyShot","Exchange+1","InstantArmor","Reset","TimeWarp","ShatteredReality","Read+1","Replace","BestPractice","Foresight+1","FastForward","Ricochet","Sunlight","Sunlight","ShatteredReality","Potential+1","Manipulate","Potential+1","Alleviate","TimeWarp","Potential","Alleviate+1","SilverBlades+1","MurderousAura","sneckomod:UnknownRareAttack","sneckomod:UnknownRareSkill","sneckomod:UnknownRarePower","Embodiment","Foresight","expansioncontent:DecasProtection","ReplayTheSpireMod:Brewmster"],"relics":["Uniform","InkBottle","ReplayTheSpireMod:TigerMarble","Bronze Scales","hubris:MysteriousPyramids","Replay:Bottled Steam","ReplayTheSpireMod:Lightbulb","Honey Jar","hubris:Teleporter","Mirror","Guardian:PocketSentry","Replay:Grab Bag","Fusion Hammer","Runic Dome","hubris:Backtick","sneckomod:RareBoosterPack","Boot","ReplayTheSpireMod:ShopPack"],"acts_visited":["Exordium","TheCity","TheBeyond"],"potions_floor_usage":[9,33,39],"damage_taken":[{"damage":7,"enemies":"2 Louse","floor":2,"turns":3},{"damage":1,"enemies":"Jaw Worm","floor":3,"turns":5},{"damage":0,"enemies":"Cultist","floor":4,"turns":3},{"damage":22,"enemies":"Exordium Thugs","floor":5,"turns":8},{"damage":0,"enemies":"downfall:FleeingMerchant","floor":8,"turns":4},{"damage":0,"enemies":"Lagavulin","floor":9,"turns":8},{"damage":0,"enemies":"Gremlin Nob","floor":11,"turns":3},{"damage":0,"enemies":"Exordium Wildlife","floor":12,"turns":2},{"damage":0,"enemies":"Gremlin Gang","floor":15,"turns":2},{"damage":14,"enemies":"downfall:Silent","floor":16,"turns":10},{"damage":4,"enemies":"Chosen","floor":21,"turns":3},{"damage":0,"enemies":"Spheric Guardian","floor":26,"turns":3},{"damage":13,"enemies":"Snecko","floor":27,"turns":5},{"damage":0,"enemies":"downfall:FleeingMerchant","floor":28,"turns":4},{"damage":12,"enemies":"Shelled Parasite and Fungi","floor":29,"turns":3},{"damage":2,"enemies":"3 Cultists","floor":31,"turns":3},{"damage":0,"enemies":"Snecko","floor":32,"turns":4},{"damage":15,"enemies":"downfall:Ironclad","floor":33,"turns":7},{"damage":0,"enemies":"Orb Walker","floor":36,"turns":2},{"damage":0,"enemies":"downfall:FleeingMerchant","floor":37,"turns":4},{"damage":72,"enemies":"2 Orb Walkers","floor":39,"turns":4}],"seed_played":"-8182419409378882276","potions_obtained":[{"floor":3,"key":"PowerPotion"},{"floor":4,"key":"SkillPotion"},{"floor":12,"key":"FearPotion"},{"floor":15,"key":"AttackPotion"},{"floor":16,"key":"PowerPotion"},{"floor":26,"key":"Swift Potion"},{"floor":27,"key":"Energy Potion"},{"floor":33,"key":"hexamod:EctoCoolerPotion"}],"is_trial":false,"path_per_floor":["R","M","M","M","M","?","T","$","E","T","E","M","R","T","M","B",null,"R","?","M","?","T","R","M","M","$","M","R","M","M","B",null,"R","M","$","?"],"character_chosen":"THE_SERVANT","items_purchased":["Guardian:PocketSentry","TimeWarp","ReplayTheSpireMod:ShopPack","Foresight"],"campfire_rested":1,"item_purchase_floors":[28,28,37,37],"current_hp_per_floor":[65,58,57,57,35,35,35,35,35,35,35,35,35,35,35,21,65,65,65,61,61,61,61,61,48,48,36,55,53,53,43,65,65,65,65,0,0],"gold":68,"neow_bonus":"UPGRADE_CARD","is_daily":false,"chose_seed":false,"campfire_upgraded":2,"win_rate":0.0,"timestamp":1610660139,"path_taken":["R","M","M","M","M","?","T","$","E","?","E","?","R","?","M","BOSS","R","?","?","?","T","R","M","M","?","?","R","M","M","BOSS","R","M","$","?"],"items_purchased_type":["Relic","Card","Relic","Card"],"build_version":"2020-12-18","purchased_purges":1,"victory":false,"max_hp_per_floor":[65,65,65,65,65,65,65,65,65,65,65,65,65,65,65,65,65,65,65,65,65,65,65,65,65,65,65,65,65,65,65,65,65,65,65,65,65],"card_choices":[{"not_picked":["Ricochet","Defy"],"picked":"InstantArmor","floor":2},{"not_picked":["Revamp","Potential"],"picked":"Reset","floor":3},{"not_picked":["Unruled","Potential"],"picked":"TimeWarp","floor":4},{"not_picked":["Revamp","Defy"],"picked":"ShatteredReality","floor":5},{"not_picked":["DoubleEdge","BottledTime"],"picked":"Replace","floor":8},{"not_picked":["SpecialFormula","Manipulate"],"picked":"BestPractice","floor":9},{"not_picked":["Starlight","Misdirection"],"picked":"Foresight","floor":11},{"not_picked":["KillingDoll","Revamp"],"picked":"FastForward","floor":12},{"not_picked":["Contraction","DoubleEdge"],"picked":"Ricochet","floor":15},{"not_picked":["Deny","SoulSculpture"],"picked":"Sunlight","floor":16},{"not_picked":["Starlight+1","Gouge","DoubleEdge"],"picked":"ShatteredReality","floor":21},{"not_picked":["Gouge","MoonPhase","Revamp"],"picked":"Manipulate","floor":26},{"not_picked":["Alleviate","Read","Misdirection"],"picked":"Potential+1","floor":27},{"not_picked":["Rewind+1","Shuttle+1","Revamp"],"picked":"Alleviate","floor":28},{"not_picked":["Hightail","Rearm","Rewind"],"picked":"Potential","floor":29},{"not_picked":["Embodiment","Sabotage+1","DualDimension"],"picked":"Alleviate+1","floor":31},{"not_picked":["Spin+1","FanOfKnives","Unruled"],"picked":"SilverBlades+1","floor":32},{"not_picked":["SoulSculpture","Duplication","KillingDoll"],"picked":"MurderousAura","floor":33},{"not_picked":["SpecialFormula","Replace","Ricochet","Starlight+1"],"picked":"SKIP","floor":36},{"not_picked":["InstantArmor","Desolation+1","Misdirection"],"picked":"Embodiment","floor":37},{"not_picked":["expansioncontent:PolyBeam","ReplayTheSpireMod:Brewmster","Secret Weapon"],"picked":"expansioncontent:DecasProtection","floor":37},{"not_picked":["Magnetism","Chrysalis","Crow Ritual"],"picked":"ReplayTheSpireMod:Brewmster","floor":37}],"player_experience":603431,"relics_obtained":[{"floor":1,"key":"InkBottle"},{"floor":7,"key":"ReplayTheSpireMod:TigerMarble"},{"floor":9,"key":"Bronze Scales"},{"floor":10,"key":"hubris:MysteriousPyramids"},{"floor":11,"key":"Replay:Bottled Steam"},{"floor":14,"key":"ReplayTheSpireMod:Lightbulb"},{"floor":18,"key":"hubris:Teleporter"},{"floor":24,"key":"Mirror"},{"floor":35,"key":"Boot"}],"event_choices":[{"damage_healed":0,"gold_gain":0,"player_choice":"Copied","damage_taken":0,"max_hp_gain":0,"max_hp_loss":0,"event_name":"Duplicator","floor":20,"gold_loss":0,"cards_obtained":["Sunlight"]},{"damage_healed":0,"gold_gain":0,"player_choice":"Fight","damage_taken":0,"max_hp_gain":0,"max_hp_loss":0,"event_name":"Mysterious Sphere","floor":39,"gold_loss":0}],"is_beta":true,"boss_relics":[{"not_picked":["expansioncontent:StudyCardRelic","hubris:GrandSneckoEye"],"picked":"Honey Jar"},{"not_picked":["Velvet Choker","hubris:BlackHole"],"picked":"Replay:Grab Bag"},{"not_picked":["Philosopher\u0027s Stone","hubris:TerracottaHorce"],"picked":"Fusion Hammer"},{"not_picked":["ChewingGum","hubris:CrackedHourglass"],"picked":"Runic Dome"},{"not_picked":["Snecko Heart","Black Star"],"picked":"hubris:Backtick"}],"items_purged_floors":[8],"is_endless":false,"potions_floor_spawned":[3,4,12,15,16,26,27,33],"killed_by":"2 Orb Walkers","ascension_level":0}}