{"host":"Planeswalker","time":1610595729,"event":{"mods":["Act Like it!","Astrologer","BaseMod","Downfall","Friendly Minions","GifTheSpireLib","Halation","Hermit","Hubris","Jorbs\u0027s Wanderer Trilogy","Minty Spire (QoL Compilation)","Replay The Spire","SOS???????","Shop Mod","Somnambulant","StSLib","The Bladedancer","The Cursed","The Elementalist","The Hierophant","The Jungle","The Mystic","The Necromancer"],"gold_per_floor":[125,137,137,148,148,148,165,177,177,200,217,234,44,79,79,187,187,213,60,110,136,136,136,136,136,186,201,201],"floor_reached":27,"language":"ENG","playtime":1487,"items_purged":[],"score":213,"play_id":"519a9152-727f-4946-9693-1025a1bb58d1","local_time":"20210113204209","is_ascension_mode":false,"campfire_choices":[{"data":"stsjorbsmod:Trauma","floor":6,"key":"SMITH"},{"data":"stsjorbsmod:Mindworm","floor":23,"key":"SMITH"}],"circlet_count":0,"master_deck":["stsjorbsmod:ForbiddenGrimoire+1","stsjorbsmod:Strike_Wanderer","stsjorbsmod:Strike_Wanderer","stsjorbsmod:Strike_Wanderer","stsjorbsmod:Strike_Wanderer","stsjorbsmod:Defend_Wanderer","stsjorbsmod:Defend_Wanderer","stsjorbsmod:Defend_Wanderer","stsjorbsmod:FreshAdventure","stsjorbsmod:EyeOfTheStorm","stsjorbsmod:Prestidigitation","stsjorbsmod:Trauma+1","stsjorbsmod:ChainLightning","Iron Wave","stsjorbsmod:Materialize","stsjorbsmod:Materialize","stsjorbsmod:FaerieFire","stsjorbsmod:Mending","stsjorbsmod:ChatteringStrike+1","stsjorbsmod:MagicMissiles","stsjorbsmod:Introspection","stsjorbsmod:AnimateObjects","stsjorbsmod:Hibernate","stsjorbsmod:SchoolsOfMagic","stsjorbsmod:Rediscovery","stsjorbsmod:BurningFlask+1","stsjorbsmod:MageArmor","stsjorbsmod:Patron","stsjorbsmod:WeightOfMemory","stsjorbsmod:Mindworm+1","Shame","stsjorbsmod:Message+1","Languid","Shame"],"relics":["stsjorbsmod:GrimoireRelic","elementalistmod:RedRibbon","Centennial Puzzle","halation:IllGainedPizza","Kunai","Honey Jar","theJungle:PaperFaux","Ring of Fangs","Ring of Searing","theJungle:SneckoAutograph","Bag of Marbles"],"acts_visited":["Exordium","Exordium"],"potions_floor_usage":[27,27],"damage_taken":[{"damage":7,"enemies":"Jaw Worm","floor":1,"turns":5},{"damage":1,"enemies":"Cultist","floor":2,"turns":5},{"damage":0,"enemies":"Small Slimes","floor":4,"turns":1},{"damage":3,"enemies":"2 Fungi Beasts","floor":7,"turns":2},{"damage":7,"enemies":"Blue Slaver","floor":8,"turns":3},{"damage":2,"enemies":"3 Louse","floor":11,"turns":2},{"damage":3,"enemies":"Red Slaver","floor":12,"turns":4},{"damage":4,"enemies":"3 Sentries","floor":14,"turns":2},{"damage":17,"enemies":"Slime Boss","floor":16,"turns":6},{"damage":6,"enemies":"theJungle:5_Spyders","floor":18,"turns":4},{"damage":3,"enemies":"Shell Parasite","floor":21,"turns":6},{"damage":71,"enemies":"theJungle:2_Flameangoes","floor":27,"turns":3}],"seed_played":"-3789366707755517140","potions_obtained":[{"floor":2,"key":"Swift Potion"},{"floor":7,"key":"sneckomod:MuddlingPotion"},{"floor":11,"key":"champ:CounterPotion"},{"floor":21,"key":"Fire Potion"}],"is_trial":false,"path_per_floor":["M","M","?","M","?","R","M","M","T","T","M","M","$","E","R","B",null,"M","$","?","M","?","R","?","?","T","M"],"character_chosen":"WANDERER","items_purchased":["stsjorbsmod:ChatteringStrike+1","stsjorbsmod:MagicMissiles","stsjorbsmod:Introspection","stsjorbsmod:MageArmor","stsjorbsmod:Patron","stsjorbsmod:WeightOfMemory"],"campfire_rested":0,"item_purchase_floors":[13,13,13,19,19,19],"current_hp_per_floor":[69,71,71,71,71,71,68,61,61,61,59,56,56,52,52,35,74,68,68,68,67,67,67,67,67,67,0,0],"gold":201,"neow_bonus":"TEN_PERCENT_HP_BONUS","is_daily":false,"chose_seed":false,"campfire_upgraded":2,"win_rate":0.0,"timestamp":1610595729,"path_taken":["M","M","?","M","?","R","?","M","T","?","M","M","$","E","R","BOSS","M","$","?","M","?","R","?","?","T","M"],"items_purchased_type":["Card","Card","Card","Card","Card","Card"],"build_version":"2020-11-17","purchased_purges":0,"victory":false,"max_hp_per_floor":[74,74,74,74,74,74,74,74,74,74,74,74,74,74,74,74,74,74,74,74,74,74,74,74,74,74,74,74],"card_choices":[{"not_picked":["stsjorbsmod:ChatteringStrike","stsjorbsmod:Prepare"],"picked":"stsjorbsmod:Prestidigitation","floor":1},{"not_picked":["stsjorbsmod:ChatteringStrike","stsjorbsmod:Hibernate"],"picked":"stsjorbsmod:Trauma","floor":2},{"not_picked":["stsjorbsmod:TinyHut","stsjorbsmod:Inferno"],"picked":"stsjorbsmod:ChainLightning","floor":4},{"not_picked":["stsjorbsmod:TrueStrike","stsjorbsmod:BurningFlask"],"picked":"stsjorbsmod:Materialize","floor":7},{"not_picked":["stsjorbsmod:DoubleCheck","stsjorbsmod:ParryingBlow"],"picked":"stsjorbsmod:Materialize","floor":8},{"not_picked":["stsjorbsmod:Message","stsjorbsmod:Materialize"],"picked":"stsjorbsmod:FaerieFire","floor":11},{"not_picked":["stsjorbsmod:Prepare","stsjorbsmod:WeightOfMemory"],"picked":"stsjorbsmod:Mending","floor":12},{"not_picked":["stsjorbsmod:Materialize","stsjorbsmod:ColorSpray"],"picked":"stsjorbsmod:AnimateObjects","floor":14},{"not_picked":["stsjorbsmod:Feast","stsjorbsmod:Withdraw"],"picked":"stsjorbsmod:Rediscovery","floor":16},{"not_picked":["stsjorbsmod:FaerieFire+1","stsjorbsmod:Prestidigitation+1","stsjorbsmod:Stalwart"],"picked":"stsjorbsmod:BurningFlask+1","floor":18},{"not_picked":["stsjorbsmod:Message","stsjorbsmod:ChainLightning+1","stsjorbsmod:Hurt"],"picked":"stsjorbsmod:Mindworm","floor":21}],"player_experience":14662,"relics_obtained":[{"floor":9,"key":"Centennial Puzzle"},{"floor":10,"key":"halation:IllGainedPizza"},{"floor":14,"key":"Kunai"},{"floor":24,"key":"Ring of Fangs"},{"floor":24,"key":"Ring of Searing"},{"floor":26,"key":"Bag of Marbles"}],"event_choices":[{"cards_removed":["stsjorbsmod:Defend_Wanderer"],"damage_healed":0,"gold_gain":0,"player_choice":"Took Card","damage_taken":0,"max_hp_gain":0,"max_hp_loss":0,"event_name":"NoteForYourself","floor":5,"gold_loss":0,"cards_obtained":["Iron Wave"]}],"is_beta":true,"boss_relics":[{"not_picked":["Kintsugi","ReplayTheSpireMod:DimensionalGlitch"],"picked":"Honey Jar"}],"items_purged_floors":[],"is_endless":false,"potions_floor_spawned":[2,7,11,12,16,21],"killed_by":"theJungle:2_Flameangoes","ascension_level":0}}