{"host":"y3h3n3f7seyagppx","time":1610645022,"event":{"mods":["AlwaysNeverKeys","BaseMod","Better Vampires","Colored Powertips","DeckTracker","Emptier Cage","Minty Spire (QoL Compilation)","Permanent Neow","Quick Restart","Rare Cards Sparkle","Relic Sorter","Relic Stats","StSLib","Transform Curses"],"gold_per_floor":[155,188,188,17,17,17,82,126,126,215,13,53,53,94,94,94,94],"floor_reached":16,"language":"ENG","playtime":13333,"items_purged":["Pain"],"score":286,"play_id":"d3703b7a-6ebc-41f2-93d8-8b4650d0a680","local_time":"20210114122342","is_ascension_mode":true,"campfire_choices":[{"data":"Armaments","floor":6,"key":"SMITH"},{"data":"Uppercut","floor":13,"key":"SMITH"},{"data":"Metallicize","floor":15,"key":"SMITH"}],"circlet_count":0,"master_deck":["AscendersBane","Strike_R","Strike_R","Strike_R","Strike_R+1","Strike_R","Defend_R","Defend_R","Defend_R","Defend_R","Bash","Writhe","HandOfGreed+1","Battle Trance","Armaments+1","Metallicize+1","Flame Barrier","Uppercut+1","Reaper"],"relics":["Burning Blood","Golden Idol","ClockworkSouvenir","WarpedTongs","Singing Bowl","Darkstone Periapt","Whetstone","Membership Card","Juzu Bracelet"],"acts_visited":["Exordium"],"potions_floor_usage":[7,12,16],"damage_taken":[{"damage":19,"enemies":"2 Louse","floor":1,"turns":4},{"damage":8,"enemies":"Cultist","floor":2,"turns":5},{"damage":20,"enemies":"Lagavulin","floor":7,"turns":7},{"damage":11,"enemies":"Jaw Worm","floor":8,"turns":5},{"damage":28,"enemies":"3 Sentries","floor":10,"turns":11},{"damage":0,"enemies":"Gremlin Nob","floor":12,"turns":2},{"damage":0,"enemies":"Looter","floor":14,"turns":3},{"damage":37,"enemies":"Hexaghost","floor":16,"turns":10}],"seed_played":"883831895153962833","potions_obtained":[{"floor":2,"key":"Strength Potion"},{"floor":7,"key":"DistilledChaos"},{"floor":10,"key":"Weak Potion"}],"is_trial":false,"path_per_floor":["M","M","?","$","?","R","E","M","T","E","$","E","R","M","R","B"],"character_chosen":"IRONCLAD","items_purchased":["ClockworkSouvenir","Membership Card"],"campfire_rested":0,"item_purchase_floors":[4,11],"current_hp_per_floor":[55,53,53,53,53,53,39,34,34,12,12,18,18,26,26,0,0],"gold":94,"neow_bonus":"RANDOM_COLORLESS_2","is_daily":false,"chose_seed":false,"campfire_upgraded":3,"win_rate":0.0,"timestamp":1610645022,"path_taken":["M","M","?","$","?","R","E","?","T","E","$","E","R","M","R","BOSS"],"items_purchased_type":["Relic","Relic"],"build_version":"2020-12-22","purchased_purges":1,"victory":false,"max_hp_per_floor":[75,75,68,68,68,68,68,68,68,68,68,68,68,70,70,70,70],"relic_stats":{"Darkstone Periapt":0,"Singing Bowl":2,"counters":[8,47],"Golden Idol":32,"Juzu Bracelet":0,"Whetstone":["Strike_R","HandOfGreed"],"obtain_stats":[{"Darkstone Periapt":9,"Singing Bowl":7,"Golden Idol":3,"Juzu Bracelet":12,"Whetstone":10,"Membership Card":11,"Burning Blood":0,"ClockworkSouvenir":4,"WarpedTongs":5},{"Darkstone Periapt":4,"Singing Bowl":3,"Golden Idol":2,"Juzu Bracelet":6,"Whetstone":5,"Membership Card":5,"Burning Blood":0,"ClockworkSouvenir":2,"WarpedTongs":2},{"Darkstone Periapt":21,"Singing Bowl":16,"Golden Idol":9,"Juzu Bracelet":34,"Whetstone":32,"Membership Card":32,"Burning Blood":0,"ClockworkSouvenir":9,"WarpedTongs":9}],"Burning Blood":42,"WarpedTongs":[33]},"card_choices":[{"not_picked":["Panache","The Bomb"],"picked":"HandOfGreed","floor":0},{"not_picked":["Clothesline","Sword Boomerang"],"picked":"Battle Trance","floor":1},{"not_picked":["Perfected Strike","Sword Boomerang"],"picked":"Armaments","floor":2},{"not_picked":["Carnage","Wild Strike"],"picked":"Metallicize","floor":7},{"not_picked":["Armaments","Pummel"],"picked":"Flame Barrier","floor":8},{"not_picked":["Armaments","Carnage"],"picked":"Uppercut","floor":10},{"not_picked":["Havoc","Headbutt"],"picked":"Reaper","floor":12},{"not_picked":["Headbutt","Thunderclap","Warcry"],"picked":"Singing Bowl","floor":14}],"player_experience":20878621,"relics_obtained":[{"floor":7,"key":"Singing Bowl"},{"floor":9,"key":"Darkstone Periapt"},{"floor":10,"key":"Whetstone"},{"floor":12,"key":"Juzu Bracelet"}],"event_choices":[{"damage_healed":0,"gold_gain":0,"player_choice":"Lose Max HP","damage_taken":0,"relics_obtained":["Golden Idol"],"max_hp_gain":0,"max_hp_loss":7,"event_name":"Golden Idol","floor":3,"gold_loss":0},{"damage_healed":0,"gold_gain":0,"player_choice":"Rummage","damage_taken":0,"relics_obtained":["WarpedTongs"],"max_hp_gain":0,"max_hp_loss":0,"event_name":"Accursed Blacksmith","floor":5,"gold_loss":0,"cards_obtained":["Pain"]}],"is_beta":false,"boss_relics":[],"items_purged_floors":[11],"is_endless":false,"potions_floor_spawned":[2,7,10],"killed_by":"Hexaghost","ascension_level":20}}