{"host":"obplhmlw33xb91v8","time":1610639881,"event":{"mods":["BaseMod","Block Reminder","Curses Come First","Evolution","Minty Spire (QoL Compilation)","Quick Restart","Relic Stats","Spicy Shops","StSLib","Uncapped","Waifu the Spire","slay the spire mod where everything is the same but ironclad has a cowboy hat"],"gold_per_floor":[114,13,13,29,44,73,73,93,93,93,93,93],"floor_reached":11,"language":"ENG","playtime":251,"items_purged":[],"score":88,"play_id":"8471981c-d693-49db-8bc6-b1d95683eb55","local_time":"20210114105801","is_ascension_mode":true,"campfire_choices":[{"floor":7,"key":"REST"}],"circlet_count":0,"master_deck":["Sweeping Beam","Sweeping Beam","Strike_B","Strike_B+1","Defend_B","Defend_B+1","Defend_B","Defend_B","Zap","Dualcast","Genetic Algorithm","Self Repair","Compile Driver"],"relics":["Cracked Core","EVO:Axolotl","NeowsBlessing","Sundial","HornCleat"],"acts_visited":["Exordium"],"potions_floor_usage":[2,6],"damage_taken":[{"damage":0,"enemies":"Small Slimes","floor":1,"turns":1},{"damage":0,"enemies":"Cultist","floor":4,"turns":1},{"damage":0,"enemies":"Jaw Worm","floor":5,"turns":1},{"damage":51,"enemies":"Gremlin Nob","floor":6,"turns":5},{"damage":18,"enemies":"2 Fungi Beasts","floor":8,"turns":3},{"damage":35,"enemies":"Lagavulin","floor":11,"turns":4}],"seed_played":"3121196759687441046","potions_obtained":[{"floor":1,"key":"ColorlessPotion"}],"is_trial":false,"path_per_floor":["M","$","?","M","M","E","R","M","T","?","E"],"character_chosen":"DEFECT","items_purchased":["Fruit Juice"],"campfire_rested":1,"item_purchase_floors":[2],"current_hp_per_floor":[75,80,80,80,80,36,60,49,49,33,0,0],"gold":93,"neow_bonus":"THREE_ENEMY_KILL","is_daily":false,"chose_seed":false,"campfire_upgraded":0,"win_rate":0.0,"timestamp":1610639881,"path_taken":["M","$","?","M","?","E","R","M","T","?","E"],"items_purchased_type":["Potion"],"build_version":"2020-12-22","purchased_purges":0,"victory":false,"max_hp_per_floor":[75,80,80,80,80,80,80,80,80,80,80,80],"relic_stats":{"counters":[6,15],"Sundial":[2],"obtain_stats":[{"HornCleat":9,"NeowsBlessing":0,"Sundial":6,"EVO:Axolotl":0,"Cracked Core":0},{"HornCleat":5,"NeowsBlessing":0,"Sundial":4,"EVO:Axolotl":0,"Cracked Core":0},{"HornCleat":11,"NeowsBlessing":0,"Sundial":8,"EVO:Axolotl":0,"Cracked Core":0}]},"card_choices":[{"not_picked":["Go for the Eyes","Storm"],"picked":"Genetic Algorithm","floor":1},{"not_picked":["Cold Snap","BootSequence"],"picked":"Self Repair","floor":4},{"not_picked":["Reprogram","Heatsinks"],"picked":"Compile Driver","floor":5},{"not_picked":["Hello World","Steam","Compile Driver"],"picked":"SKIP","floor":6},{"not_picked":["Streamline","Auto Shields","Blizzard"],"picked":"SKIP","floor":8}],"player_experience":192483,"relics_obtained":[{"floor":6,"key":"Sundial"},{"floor":9,"key":"HornCleat"}],"event_choices":[{"damage_healed":0,"gold_gain":0,"player_choice":"Full Heal","damage_taken":0,"max_hp_gain":0,"max_hp_loss":0,"event_name":"Wheel of Change","floor":3,"gold_loss":0},{"damage_healed":0,"gold_gain":0,"player_choice":"Entered Light","damage_taken":16,"max_hp_gain":0,"max_hp_loss":0,"event_name":"Shining Light","floor":10,"gold_loss":0,"cards_upgraded":["Defend_B","Strike_B"]}],"is_beta":false,"boss_relics":[],"items_purged_floors":[],"is_endless":false,"potions_floor_spawned":[1],"killed_by":"Lagavulin","ascension_level":4}}