{"host":"h1qktzcccqnez8tx","time":1610640244,"event":{"mods":["BaseMod","Block Reminder","Colored Map","Curses Come First","Downfall","Highlight Path","JesterMod","Minty Spire (QoL Compilation)","Permanent Neow","Relic Stats","Say the Spire","StSLib","The Blue Laboratory","The Marked"],"gold_per_floor":[109,124,124,137,156,190,190,205,205,205,220,255,271,288,288,387,437,447,465,465,485,505,505,430,430,430,52,70,83,83,35,35,133,133,151,151,151,161,32,32,66,66,66],"floor_reached":42,"language":"ENG","playtime":4035,"items_purged":["Strike_B"],"score":492,"play_id":"42e87ec8-9c74-456e-b0c9-ac6a2da594c4","local_time":"20210114170404","is_ascension_mode":false,"campfire_choices":[{"data":"Chaos","floor":7,"key":"SMITH"},{"data":"Hologram","floor":10,"key":"SMITH"},{"floor":15,"key":"REST"},{"floor":23,"key":"REST"},{"data":"Creative AI","floor":25,"key":"SMITH"},{"data":"Self Repair","floor":30,"key":"SMITH"},{"data":"Self Repair","floor":32,"key":"SMITH"},{"data":"Defragment","floor":40,"key":"SMITH"}],"circlet_count":0,"master_deck":["Strike_B+1","Defend_B","Defend_B","Dualcast","Cold Snap","Conserve Battery","Ball Lightning","Hologram+1","Chaos+1","Conserve Battery","Cold Snap","Melter","Conserve Battery","Cold Snap","Creative AI+1","Loop","Steam Power+1","Self Repair+1","Cold Snap+1","Doom and Gloom","Self Repair+1","Blizzard","Thunder Strike","Leap","Amplify","Defragment+1","Coolheaded","Defragment+1"],"relics":["Nuclear Battery","Pen Nib","Sundial","Pear","Tiny House","MutagenicStrength","Incense Burner","Empty Cage","Orichalcum"],"acts_visited":["Exordium","TheCity","TheBeyond"],"potions_floor_usage":[16,28,33,33,41,41],"damage_taken":[{"damage":2,"enemies":"Small Slimes","floor":1,"turns":4},{"damage":0,"enemies":"Cultist","floor":2,"turns":4},{"damage":0,"enemies":"2 Louse","floor":4,"turns":3},{"damage":15,"enemies":"Gremlin Gang","floor":5,"turns":5},{"damage":19,"enemies":"3 Sentries","floor":6,"turns":8},{"damage":0,"enemies":"Red Slaver","floor":8,"turns":2},{"damage":0,"enemies":"Exordium Wildlife","floor":11,"turns":2},{"damage":16,"enemies":"Gremlin Nob","floor":12,"turns":4},{"damage":0,"enemies":"Gremlin Gang","floor":13,"turns":4},{"damage":2,"enemies":"Blue Slaver","floor":14,"turns":3},{"damage":32,"enemies":"Slime Boss","floor":16,"turns":12},{"damage":9,"enemies":"2 Thieves","floor":18,"turns":4},{"damage":14,"enemies":"3 Byrds","floor":19,"turns":6},{"damage":5,"enemies":"Centurion and Healer","floor":21,"turns":11},{"damage":40,"enemies":"Chosen and Byrds","floor":22,"turns":6},{"damage":14,"enemies":"Cultist and Chosen","floor":28,"turns":8},{"damage":12,"enemies":"Snake Plant","floor":29,"turns":3},{"damage":48,"enemies":"Collector","floor":33,"turns":16},{"damage":18,"enemies":"3 Shapes","floor":35,"turns":5},{"damage":0,"enemies":"3 Darklings","floor":38,"turns":11},{"damage":84,"enemies":"Reptomancer","floor":41,"turns":10},{"damage":29,"enemies":"Transient","floor":42,"turns":4}],"seed_played":"1839083407188237580","potions_obtained":[{"floor":2,"key":"blueLaboratory:BottleOfVodka"},{"floor":5,"key":"blueLaboratory:BubblePotion"},{"floor":8,"key":"Dexterity Potion"},{"floor":14,"key":"Guardian:BlockOnCardUsePotion"},{"floor":16,"key":"Explosive Potion"},{"floor":35,"key":"blueLaboratory:BubblePotion"}],"is_trial":false,"path_per_floor":["M","M","?","M","M","E","R","M","T","R","M","E","M","M","R","B",null,"M","M","?","M","M","R","?","R","T","$","M","M","R","$","R","B",null,"M","?","?","M","$","R","E","M"],"character_chosen":"DEFECT","items_purchased":["Self Repair","Blizzard","Thunder Strike","Leap","Strength Potion","Defragment","AttackPotion"],"campfire_rested":2,"item_purchase_floors":[27,27,27,27,31,39,39],"current_hp_per_floor":[73,73,73,73,58,39,39,39,39,39,39,33,33,31,56,24,90,81,67,67,69,36,63,63,63,63,63,63,58,58,58,58,30,90,82,82,82,90,90,90,26,0,0],"gold":66,"neow_bonus":"BOSS_RELIC","is_daily":false,"chose_seed":false,"campfire_upgraded":6,"win_rate":0.0,"timestamp":1610640244,"path_taken":["M","M","?","M","M","E","R","M","T","R","M","E","M","?","R","BOSS","M","M","?","M","M","R","?","R","T","$","M","M","R","$","R","BOSS","M","?","?","?","?","R","E","M"],"items_purchased_type":["Card","Card","Card","Card","Potion","Card","Potion"],"build_version":"2020-12-22","purchased_purges":1,"victory":false,"max_hp_per_floor":[75,75,75,75,75,75,75,75,75,75,75,85,85,85,85,85,90,90,90,90,90,90,90,90,90,90,90,90,90,90,90,90,90,90,90,90,90,90,90,90,90,90,90],"relic_stats":{"counters":[22,135],"Sundial":[10],"Pen Nib":[16],"Orichalcum":[0],"obtain_stats":[{"Pear":12,"Tiny House":17,"Sundial":9,"MutagenicStrength":20,"Pen Nib":6,"Incense Burner":26,"Orichalcum":41,"Cracked Core":0,"Empty Cage":34,"Nuclear Battery":0},{"Pear":8,"Tiny House":11,"Sundial":6,"MutagenicStrength":13,"Pen Nib":5,"Incense Burner":15,"Orichalcum":21,"Cracked Core":0,"Empty Cage":18,"Nuclear Battery":0},{"Pear":32,"Tiny House":51,"Sundial":26,"MutagenicStrength":61,"Pen Nib":24,"Incense Burner":78,"Orichalcum":131,"Cracked Core":0,"Empty Cage":105,"Nuclear Battery":0}]},"card_choices":[{"not_picked":["Beam Cell","Barrage"],"picked":"Cold Snap","floor":1},{"not_picked":["Beam Cell","Redo"],"picked":"Conserve Battery","floor":2},{"not_picked":["Redo","Hologram"],"picked":"Ball Lightning","floor":4},{"not_picked":["Compile Driver","Go for the Eyes"],"picked":"Hologram","floor":5},{"not_picked":["All For One","Coolheaded"],"picked":"Chaos","floor":6},{"not_picked":["Cold Snap","Sweeping Beam"],"picked":"Conserve Battery","floor":8},{"not_picked":["Compile Driver","Aggregate"],"picked":"Cold Snap","floor":11},{"not_picked":["Compile Driver","Multi-Cast"],"picked":"Melter","floor":12},{"not_picked":["Static Discharge","Go for the Eyes"],"picked":"Conserve Battery","floor":13},{"not_picked":["Ball Lightning","Leap"],"picked":"Cold Snap","floor":14},{"not_picked":["Machine Learning","Seek"],"picked":"Creative AI","floor":16},{"not_picked":["Gash","Reprogram"],"picked":"Loop","floor":17},{"not_picked":["Hologram","Darkness"],"picked":"Steam Power+1","floor":18},{"not_picked":["Barrage","Genetic Algorithm"],"picked":"Self Repair","floor":19},{"not_picked":["Tempest","Storm+1"],"picked":"Cold Snap+1","floor":21},{"not_picked":["Conserve Battery","Ball Lightning"],"picked":"Doom and Gloom","floor":22},{"not_picked":["Coolheaded","Compile Driver"],"picked":"Amplify","floor":28},{"not_picked":["Beam Cell","Storm","FTL"],"picked":"SKIP","floor":29},{"not_picked":["Go for the Eyes","Leap+1"],"picked":"Defragment+1","floor":35},{"not_picked":["Darkness+1","Storm"],"picked":"Coolheaded","floor":38},{"not_picked":["Tempest","Melter","Redo+1"],"picked":"SKIP","floor":41}],"player_experience":39990,"relics_obtained":[{"floor":6,"key":"Pen Nib"},{"floor":9,"key":"Sundial"},{"floor":12,"key":"Pear"},{"floor":26,"key":"Incense Burner"},{"floor":41,"key":"Orichalcum"}],"event_choices":[{"damage_healed":0,"gold_gain":0,"player_choice":"Ignored","damage_taken":0,"max_hp_gain":0,"max_hp_loss":0,"event_name":"NoteForYourself","floor":3,"gold_loss":0},{"damage_healed":0,"gold_gain":0,"player_choice":"Inject Mutagens","damage_taken":0,"relics_obtained":["MutagenicStrength"],"max_hp_gain":0,"max_hp_loss":0,"event_name":"Drug Dealer","floor":20,"gold_loss":0},{"cards_removed":["Strike_B"],"damage_healed":0,"gold_gain":0,"player_choice":"Gave Gold","damage_taken":0,"max_hp_gain":0,"max_hp_loss":0,"event_name":"Beggar","floor":24,"gold_loss":75},{"cards_removed":["Zap"],"damage_healed":0,"gold_gain":0,"player_choice":"Removed Skill","damage_taken":0,"max_hp_gain":0,"max_hp_loss":0,"event_name":"Falling","floor":36,"gold_loss":0},{"cards_removed":["Strike_B"],"damage_healed":0,"gold_gain":0,"player_choice":"Purged","damage_taken":0,"max_hp_gain":0,"max_hp_loss":0,"event_name":"Purifier","floor":37,"gold_loss":0}],"is_beta":false,"boss_relics":[{"not_picked":["Astrolabe","SlaversCollar"],"picked":"Tiny House"},{"not_picked":["Velvet Choker","Black Star"],"picked":"Empty Cage"}],"items_purged_floors":[27],"is_endless":false,"potions_floor_spawned":[2,5,8,14,16,18,21,35],"killed_by":"Transient","ascension_level":0}}