{"host":"ELF","time":1610654610,"event":{"mods":["BaseMod","Minty Spire (QoL Compilation)"],"gold_per_floor":[126,138,150,61,73,73,101,121,172,183,201,201,235,91,91,91,91],"floor_reached":16,"language":"ENG","playtime":924,"items_purged":["Strike_G","Strike_G"],"score":220,"play_id":"19709f56-1780-4294-8a23-94f5ffa456b4","local_time":"20210114140330","is_ascension_mode":true,"campfire_choices":[{"floor":6.0,"key":"REST"},{"floor":12.0,"key":"REST"},{"floor":15.0,"key":"REST"}],"circlet_count":0,"master_deck":["AscendersBane","Strike_G","Strike_G","Strike_G","Defend_G","Defend_G","Defend_G","Defend_G","Defend_G","Survivor","Neutralize","Riddle With Holes","Deadly Poison","Backflip","Deadly Poison","Footwork","Malaise","Bouncing Flask"],"relics":["Ring of the Snake","MawBank","Calipers","Vajra","Pear","Ancient Tea Set","Anchor"],"acts_visited":["Exordium"],"potions_floor_usage":[16],"damage_taken":[{"damage":0.0,"enemies":"Cultist","floor":1.0,"turns":4.0},{"damage":0.0,"enemies":"2 Louse","floor":5.0,"turns":2.0},{"damage":17.0,"enemies":"Lagavulin","floor":7.0,"turns":5.0},{"damage":4.0,"enemies":"Jaw Worm","floor":8.0,"turns":4.0},{"damage":7.0,"enemies":"3 Louse","floor":10.0,"turns":4.0},{"damage":7.0,"enemies":"Exordium Wildlife","floor":11.0,"turns":9.0},{"damage":32.0,"enemies":"Gremlin Nob","floor":13.0,"turns":4.0},{"damage":51,"enemies":"Slime Boss","floor":16,"turns":13}],"seed_played":"-719532012476438934","potions_obtained":[{"floor":5.0,"key":"AttackPotion"},{"floor":10.0,"key":"Energy Potion"}],"is_trial":false,"path_per_floor":["M","T","?","$","M","R","E","M","T","M","M","R","E","$","R","B"],"character_chosen":"THE_SILENT","items_purchased":["Deadly Poison","Bouncing Flask"],"campfire_rested":3,"item_purchase_floors":[4,14],"current_hp_per_floor":[59,59,41,41,41,60,53,49,49,42,35,57,25,25,47,0,0],"gold":91,"neow_bonus":"RANDOM_COMMON_RELIC","is_daily":false,"chose_seed":false,"campfire_upgraded":0,"win_rate":0.0,"timestamp":1610654610,"path_taken":["M","?","?","?","M","R","E","M","T","M","M","R","E","$","R","BOSS"],"items_purchased_type":["Card","Card"],"build_version":"2020-12-18","purchased_purges":2,"victory":false,"max_hp_per_floor":[66,66,66,66,66,66,76,76,76,76,76,76,76,76,76,76,76],"card_choices":[{"not_picked":["Deflect","Quick Slash"],"picked":"Riddle With Holes","floor":1.0},{"not_picked":["Escape Plan","Cloak And Dagger"],"picked":"Backflip","floor":5.0},{"not_picked":["Eviscerate","Outmaneuver"],"picked":"Deadly Poison","floor":7.0},{"not_picked":["Dagger Throw","Flying Knee"],"picked":"Footwork","floor":8.0},{"not_picked":["Endless Agony","Cloak And Dagger","Acrobatics"],"picked":"SKIP","floor":10.0},{"not_picked":["Accuracy","Poisoned Stab","Deadly Poison"],"picked":"SKIP","floor":11.0},{"not_picked":["Flying Knee","Expertise"],"picked":"Malaise","floor":13.0}],"player_experience":3210027,"relics_obtained":[{"floor":2.0,"key":"Calipers"},{"floor":7.0,"key":"Pear"},{"floor":9.0,"key":"Ancient Tea Set"},{"floor":13.0,"key":"Anchor"}],"event_choices":[{"damage_healed":0.0,"max_hp_gain":0.0,"max_hp_loss":0.0,"gold_gain":0.0,"event_name":"Scrap Ooze","player_choice":"Success","floor":3.0,"gold_loss":0.0,"damage_taken":18.0,"relics_obtained":["Vajra"]}],"is_beta":true,"boss_relics":[],"items_purged_floors":[4,14],"is_endless":false,"potions_floor_spawned":[5,10],"killed_by":"Slime Boss","ascension_level":20}}