{"host":"uxq2rly8rxtwffuf","time":1610610641,"event":{"mods":["BaseMod","Koishi","Minty Spire (QoL Compilation)","StSLib","The Servant 0.9.4"],"gold_per_floor":[368,23,1,19,36,36,63,63,114,114,114,129,143,155,155,256,256,268,279,294,28,41,41,73,99,99,99,99],"floor_reached":27,"language":"ENG","playtime":1075,"items_purged":["Defend_G"],"score":401,"play_id":"dce60483-63f6-4a2b-8951-aa7e3186aa87","local_time":"20210114105041","is_ascension_mode":true,"campfire_choices":[{"data":"Noxious Fumes","floor":6.0,"key":"SMITH"},{"floor":8,"key":"REST"},{"floor":11,"key":"REST"},{"floor":15,"key":"RECALL"},{"floor":23,"key":"REST"}],"circlet_count":0,"master_deck":["AscendersBane","Strike_G+1","Strike_G","Defend_G","Defend_G","Defend_G","Defend_G","Survivor","Neutralize","Dodge and Roll","Infinite Blades","Dash","Slice+1","Noxious Fumes+1","Skewer","Die Die Die+1","Backstab","Flying Knee","Caltrops","Slice","Crippling Poison","Poisoned Stab","Venomology","Finisher+1","Underhanded Strike+1","Leg Sweep+1","Crippling Poison","Backstab","All Out Attack","Infinite Blades+1","Infinite Blades","Footwork","Terror","A Thousand Cuts","Deadly Poison"],"relics":["Ring of the Snake","Membership Card","Prayer Wheel","Whetstone","PreservedInsect","Astrolabe","HandDrill","Vajra","Boot","Happy Flower","Snake Skull"],"acts_visited":["Exordium","TheCity"],"potions_floor_usage":[16,18,19,20,20,24,24],"damage_taken":[{"damage":7.0,"enemies":"Small Slimes","floor":1.0,"turns":5.0},{"damage":0.0,"enemies":"2 Louse","floor":4.0,"turns":5.0},{"damage":0.0,"enemies":"Cultist","floor":5.0,"turns":4.0},{"damage":26,"enemies":"Gremlin Nob","floor":7,"turns":5},{"damage":4,"enemies":"Looter","floor":12,"turns":4},{"damage":6,"enemies":"2 Fungi Beasts","floor":13,"turns":3},{"damage":0,"enemies":"Large Slime","floor":14,"turns":4},{"damage":31,"enemies":"The Guardian","floor":16,"turns":9},{"damage":6,"enemies":"Spheric Guardian","floor":18,"turns":3},{"damage":10,"enemies":"3 Byrds","floor":19,"turns":4},{"damage":23,"enemies":"Sentry and Sphere","floor":20,"turns":4},{"damage":6,"enemies":"Shelled Parasite and Fungi","floor":22,"turns":3},{"damage":29,"enemies":"Book of Stabbing","floor":24,"turns":3},{"damage":13,"enemies":"Snecko","floor":27,"turns":2}],"seed_played":"7051044676788203507","potions_obtained":[{"floor":5.0,"key":"Fruit Juice"},{"floor":7,"key":"PowerPotion"},{"floor":13,"key":"Fire Potion"},{"floor":20,"key":"DuplicationPotion"}],"is_trial":false,"path_per_floor":["M","$","?","M","M","R","E","R","T","?","R","M","M","M","R","B",null,"M","M","M","$","M","R","E","T","T","M"],"character_chosen":"THE_SILENT","items_purchased":["Membership Card","Infinite Blades","Prayer Wheel","HandDrill","Vajra","Boot"],"campfire_rested":3,"item_purchase_floors":[2,2,2,21,21,21],"current_hp_per_floor":[38,38,38,38,43,43,17,39,39,39,61,57,51,51,51,20,61,55,45,22,22,16,38,9,9,9,0,0],"gold":99,"neow_bonus":"TWO_FIFTY_GOLD","is_daily":false,"chose_seed":false,"campfire_upgraded":1,"win_rate":0.0,"timestamp":1610610641,"path_taken":["M","$","?","M","M","R","E","R","T","?","R","M","M","M","R","BOSS","M","M","M","$","M","R","E","?","T","M"],"items_purchased_type":["Relic","Card","Relic","Relic","Relic","Relic"],"build_version":"2020-12-22","purchased_purges":1,"victory":false,"max_hp_per_floor":[70,70,70,70,75,75,75,75,75,75,75,75,75,75,75,75,75,75,75,75,75,75,75,75,75,75,75,75],"card_choices":[{"not_picked":["Sucker Punch","Bane"],"picked":"Dodge and Roll","floor":1.0},{"not_picked":["Expertise","Riddle With Holes"],"picked":"Dash","floor":4.0},{"not_picked":["Bane","Dash"],"picked":"Slice","floor":4.0},{"not_picked":["Slice","Leg Sweep"],"picked":"Noxious Fumes","floor":5.0},{"not_picked":["Flying Knee","Terror"],"picked":"Skewer","floor":5.0},{"not_picked":["Underhanded Strike","Distraction"],"picked":"Die Die Die","floor":7},{"not_picked":["Deflect","Sucker Punch"],"picked":"Backstab","floor":12},{"not_picked":["Catalyst","PiercingWail"],"picked":"Flying Knee","floor":12},{"not_picked":["Underhanded Strike","Sucker Punch"],"picked":"Caltrops","floor":13},{"not_picked":["Backflip","Acrobatics"],"picked":"Slice","floor":13},{"not_picked":["Distraction","Outmaneuver"],"picked":"Crippling Poison","floor":14},{"not_picked":["Slice","Setup"],"picked":"Poisoned Stab","floor":14},{"not_picked":["Doppelganger","Envenom"],"picked":"Venomology","floor":16},{"not_picked":["Flying Knee","Dodge and Roll"],"picked":"Crippling Poison","floor":18},{"not_picked":["Quick Slash","Dagger Throw"],"picked":"Backstab","floor":18},{"not_picked":["Acrobatics","Deadly Poison"],"picked":"All Out Attack","floor":19},{"not_picked":["Dagger Throw","Terror"],"picked":"Infinite Blades+1","floor":19},{"not_picked":["Sucker Punch","Prepared"],"picked":"Infinite Blades","floor":20},{"not_picked":["PiercingWail","Dodge and Roll"],"picked":"Footwork","floor":20},{"not_picked":["Blade Dance","Finisher"],"picked":"Terror","floor":22},{"not_picked":["PiercingWail","Cloak And Dagger+1"],"picked":"A Thousand Cuts","floor":22},{"not_picked":["Predator","Riddle With Holes"],"picked":"Deadly Poison","floor":24}],"player_experience":1395804,"relics_obtained":[{"floor":7,"key":"Whetstone"},{"floor":9,"key":"PreservedInsect"},{"floor":24,"key":"Happy Flower"},{"floor":25,"key":"Snake Skull"}],"event_choices":[{"damage_healed":0.0,"max_hp_gain":0.0,"max_hp_loss":0.0,"gold_gain":0.0,"event_name":"World of Goop","player_choice":"Left Gold","floor":3.0,"gold_loss":22.0,"damage_taken":0.0},{"damage_healed":0,"gold_gain":0,"player_choice":"Forge","damage_taken":0,"max_hp_gain":0,"max_hp_loss":0,"event_name":"Accursed Blacksmith","floor":10,"gold_loss":0,"cards_upgraded":["Die Die Die"]}],"is_beta":false,"boss_relics":[{"not_picked":["Snecko Eye","Coffee Dripper"],"picked":"Astrolabe"}],"items_purged_floors":[21],"is_endless":false,"potions_floor_spawned":[5,7,13,19,20],"killed_by":"Snecko","ascension_level":12}}