{"host":"lcnwkjlokfwcnxxu","time":1610622348,"event":{"mods":["BaseMod","Colored Map","GifTheSpireLib","Minty Spire (QoL Compilation)","Quick Restart","StSLib","The Animator"],"gold_per_floor":[123,146,22,46,46,81,81,95,118,118,130,130,130,35,35,140,140,169,169,169,198,98,126,126,155,181,181,193,193,193,193],"floor_reached":30,"language":"ENG","playtime":2200,"items_purged":["animator:Strike","Parasite"],"score":273,"play_id":"ce07a845-323d-4a51-b65b-ac78284aef58","local_time":"20210114030548","is_ascension_mode":false,"campfire_choices":[{"data":"animator:Aqua","floor":7.0,"key":"SMITH"},{"floor":10.0,"key":"RECALL"},{"data":"animator:Kazuma","floor":12.0,"key":"SMITH"},{"data":"animator:Benimaru","floor":15.0,"key":"SMITH"},{"data":"animator:Benimaru","floor":24,"key":"SMITH"},{"floor":27,"key":"REST"}],"circlet_count":1,"master_deck":["animator:Strike_Konosuba","animator:Defend_Konosuba","animator:Kazuma+1","animator:Aqua+1","animator:Scar","animator:Benimaru+1","animator:ElricAlphonse","animator:Mitsurugi","animator:Megumin+6","animator:Benimaru+1","animator:Shizu","animator:Strike_MadokaMagica","animator:Strike_Konosuba","animator:Defend_HitsugiNoChaika","animator:Defend_GoblinSlayer","animator:Defend_NoGameNoLife","animator:Greed","animator:Hakurou","animator:Vesta","animator:Sloth"],"relics":["animator:LivingPicture","animator:TheMissingPiece","animator:PurgingStone","Happy Flower","animator:HolyGrailRelic","MutagenicStrength","Circlet","Toy Ornithopter","Nilry\u0027s Codex"],"acts_visited":["Exordium","TheCity"],"potions_floor_usage":[21,21,23],"damage_taken":[{"damage":8.0,"enemies":"Jaw Worm","floor":1.0,"turns":7.0},{"damage":0.0,"enemies":"2 Louse","floor":2.0,"turns":3.0},{"damage":6.0,"enemies":"Small Slimes","floor":4.0,"turns":4.0},{"damage":26.0,"enemies":"Replay:BlueRogue","floor":6.0,"turns":5.0},{"damage":7.0,"enemies":"Red Slaver","floor":8.0,"turns":2.0},{"damage":0.0,"enemies":"Blue Slaver","floor":11.0,"turns":3.0},{"damage":61.0,"enemies":"Fading Forest","floor":16.0,"turns":11.0},{"damage":13,"enemies":"Spheric Guardian","floor":18,"turns":4},{"damage":10,"enemies":"2 Thieves","floor":21,"turns":3},{"damage":42,"enemies":"Book of Stabbing","floor":23,"turns":5},{"damage":20,"enemies":"Chosen and Byrds","floor":25,"turns":6},{"damage":28,"enemies":"Cultist and Chosen","floor":28,"turns":6},{"damage":6,"enemies":"Sentry and Sphere","floor":30,"turns":3}],"seed_played":"1544425201273184533","potions_obtained":[{"floor":4.0,"key":"ColorlessPotion"},{"floor":6.0,"key":"Reflective Coating"},{"floor":8.0,"key":"Milkshake"},{"floor":11.0,"key":"DuplicationPotion"},{"floor":20,"key":"Regen Potion"},{"floor":20,"key":"ColorlessPotion"},{"floor":21,"key":"ColorlessPotion"},{"floor":28,"key":"Block Potion"}],"is_trial":false,"path_per_floor":["M","M","$","M","$","E","R","M","T","R","M","R","?","?","R","B",null,"M","?","?","M","$","E","R","M","T","R","M","?","M"],"character_chosen":"THE_ANIMATOR","items_purchased":["animator:ElricAlphonse"],"campfire_rested":1,"item_purchase_floors":[3],"current_hp_per_floor":[65,67,67,63,63,40,40,36,36,36,40,40,58,58,58,11,83,72,72,72,68,68,31,31,16,16,42,17,1,0,0],"gold":193,"neow_bonus":"TEN_PERCENT_HP_BONUS","is_daily":false,"chose_seed":false,"campfire_upgraded":4,"win_rate":0.0,"timestamp":1610622348,"path_taken":["M","M","$","M","$","E","R","M","T","R","M","R","?","?","R","BOSS","M","?","?","?","$","E","R","M","T","R","M","?","M"],"items_purchased_type":["Card"],"build_version":"2020-12-22","purchased_purges":2,"victory":false,"max_hp_per_floor":[72,72,72,72,72,73,73,73,73,73,74,74,74,74,74,75,83,85,85,85,88,85,87,87,89,89,89,89,89,86,86],"card_choices":[{"not_picked":["animator:LizardPriest","animator:DolaRiku"],"picked":"animator:Scar","floor":1.0},{"not_picked":["animator:Souei","animator:Alexander"],"picked":"animator:Benimaru","floor":2.0},{"not_picked":["animator:YunYun","animator:Vanir"],"picked":"animator:Mitsurugi","floor":4.0},{"not_picked":["animator:Mitsurugi","animator:Verdia"],"picked":"animator:Megumin","floor":6.0},{"not_picked":["animator:Sebas","animator:Assassin"],"picked":"animator:Benimaru","floor":8.0},{"not_picked":["animator:Tet","animator:DolaSchwi"],"picked":"animator:Shizu","floor":11.0},{"not_picked":["animator:Sora","animator:SwordMaiden"],"picked":"animator:Greed","floor":16.0},{"not_picked":["animator:MetalKnight","animator:YunYun"],"picked":"animator:Hakurou","floor":18},{"not_picked":["animator:Hakurou","animator:GazelDwargon"],"picked":"animator:Vesta","floor":21},{"not_picked":["animator:SakuraMatou","animator:Hakurou","animator:Pride+1"],"picked":"SKIP","floor":23},{"not_picked":["animator:CowGirl+1","animator:GuildGirl"],"picked":"animator:Sloth","floor":25},{"not_picked":["animator:WinryRockbell+1","animator:SakuraMatou","animator:YunYun"],"picked":"SKIP","floor":28}],"player_experience":55209,"relics_obtained":[{"floor":6.0,"key":"Happy Flower"},{"floor":23,"key":"Circlet"},{"floor":26,"key":"Toy Ornithopter"},{"floor":29,"key":"Nilry\u0027s Codex"}],"event_choices":[{"damage_healed":18.0,"max_hp_gain":0.0,"max_hp_loss":0.0,"gold_gain":0.0,"event_name":"Mushrooms","player_choice":"Healed and dodged fight","floor":13.0,"gold_loss":0.0,"damage_taken":0.0,"cards_obtained":["Parasite"]},{"damage_healed":0,"gold_gain":0,"player_choice":"Inject Mutagens","damage_taken":0,"relics_obtained":["MutagenicStrength"],"max_hp_gain":0,"max_hp_loss":0,"event_name":"Drug Dealer","floor":19,"gold_loss":0},{"damage_healed":0,"gold_gain":0,"player_choice":"Got Potions","damage_taken":0,"max_hp_gain":0,"max_hp_loss":0,"event_name":"Lab","floor":20,"gold_loss":0},{"damage_healed":0,"gold_gain":0,"player_choice":"Obtained Book","damage_taken":16,"max_hp_gain":0,"max_hp_loss":0,"event_name":"Cursed Tome","floor":29,"gold_loss":0}],"is_beta":false,"boss_relics":[{"not_picked":["Busted Crown","animator:CursedBlade"],"picked":"animator:HolyGrailRelic"}],"items_purged_floors":[3,22],"is_endless":false,"potions_floor_spawned":[4,6,8,11,21,28],"killed_by":"Sentry and Sphere","ascension_level":0}}