{"host":"cjmwurvrz00ml9vd","time":1610662570,"event":{"mods":["2.2 Compatiblity","AchievementEnabler","Act Like it!","Aspiration","BaseMod","Beaked The Cultist","Better Third Choice","BetterRewards","Colored Powertips","Conspire","Downfall","Energized Spire","Infinite Spire","Marisa????????","Marked Mod","Minty Spire (QoL Compilation)","Replay The Spire","Say the Spire","StSLib","The Blackbeard","The Cursed","The Disciple","The Hierophant","The Jungle","The Necromancer","The Servant 0.9.4","TheFirefly","vexMod"],"gold_per_floor":[116,129,55,68,68,68,68,88,114,143,154,168,168,198,198,293,293,309,309,309,321,321,348,348,366,366,392,392,411,444,49,49,153,153,168,168,179,179,179,210,229,247,271,271,271,246,246,272,272,272],"floor_reached":51,"language":"ENG","playtime":3233,"items_purged":[],"score":1344,"play_id":"555379a8-b575-44f5-9ae3-f5df3adce35b","local_time":"20210114231610","is_ascension_mode":true,"campfire_choices":[{"floor":6,"key":"REST"},{"floor":13,"key":"REST"},{"floor":15,"key":"REST"},{"data":"infinitespire:Collect","floor":24,"key":"SMITH"},{"data":"TheCursedMod:NeowsMight","floor":32,"key":"SMITH"},{"data":"TheCursedMod:CircleOfAbyss","floor":45,"key":"SMITH"},{"data":"TheCursedMod:VoidForm","floor":49,"key":"SMITH"}],"circlet_count":0,"master_deck":["TheCursedMod:Strike_TheCursed","TheCursedMod:Strike_TheCursed+1","TheCursedMod:Strike_TheCursed","TheCursedMod:Strike_TheCursed","TheCursedMod:Defend_TheCursed+1","TheCursedMod:Defend_TheCursed","TheCursedMod:Defend_TheCursed","TheCursedMod:Defend_TheCursed+1","TheCursedMod:CursedWand+1","TheCursedMod:CleanUpWorkshop","TheCursedMod:CircleOfWindfury+1","TheCursedMod:EmpowerCircles+1","TheCursedMod:StingEye+1","TheCursedMod:CircleOfAbyss","TheCursedMod:NeowsMight+1","TheCursedMod:CircleOfBlood","TheCursedMod:ForbiddenAlchemy","TheCursedMod:ReleasedStrength","infinitespire:Collect+1","TheCursedMod:CollectTribute","TheCursedMod:CircleOfCorruption+1","TheCursedMod:CircleOfAbyss+1","TheCursedMod:CursedSpellbook+1","TheCursedMod:TroublousMinions","TheCursedMod:VoidForm+1","Shade_Step+1","TheCursedMod:CircleOfFlame","Parasite","Parasite","Distraction+1"],"relics":["vexMod:TimeEaterHat","m_ByrdBlood","HornCleat","m_SlimeRing","Ooze Armor","Lightning?","blackbeard:Spearhead","BreadOfAWashokuLover","downfall:TeleportStone","Iron Core","m_SnakeBloodCore","Replay:Lucky Slots","Pan","theJungle:Flamango","War Paint","Slimebound:SlimedTailRelic","ShroomBag","vexMod:MemoryStick","beaked:ShinyBauble","m_MercuryCore","Burning Blood","Thread and Needle","infinitespire:Chaos","TheCursedMod:CrystalBall","Replay:Rubber Ducky","CeramicFish"],"acts_visited":["Exordium","TheCity","TheBeyond"],"potions_floor_usage":[2,10,14,14,16,18,18,23,23,23,23,25,30,30,30,30,30,33,33,33,33,33,37,37,37,41,41,41,50,50,50,50,50,50,50,50,50,50],"damage_taken":[{"damage":2,"enemies":"Small Slimes","floor":1,"turns":4},{"damage":5,"enemies":"Jaw Worm","floor":2,"turns":6},{"damage":5,"enemies":"Cultist","floor":4,"turns":5},{"damage":10,"enemies":"Large Slime","floor":8,"turns":10},{"damage":0,"enemies":"Gremlin Nob","floor":10,"turns":4},{"damage":14,"enemies":"Lots of Slimes","floor":11,"turns":6},{"damage":1,"enemies":"3 Louse","floor":12,"turns":5},{"damage":3,"enemies":"Lagavulin","floor":14,"turns":9},{"damage":55,"enemies":"Hexaghost","floor":16,"turns":15},{"damage":2,"enemies":"3 Byrds","floor":18,"turns":4},{"damage":30,"enemies":"Shell Parasite","floor":21,"turns":7},{"damage":3,"enemies":"conspire:Head Lice","floor":23,"turns":7},{"damage":0,"enemies":"Snecko","floor":25,"turns":4},{"damage":0,"enemies":"Gremlin Leader","floor":27,"turns":7},{"damage":0,"enemies":"3 Cultists","floor":29,"turns":5},{"damage":7,"enemies":"conspire:Head Lice","floor":30,"turns":3},{"damage":0,"enemies":"Champ","floor":33,"turns":6},{"damage":50,"enemies":"3 Shapes","floor":35,"turns":4},{"damage":0,"enemies":"3 Darklings","floor":37,"turns":4},{"damage":29,"enemies":"beaked:SuperParasite","floor":40,"turns":6},{"damage":6,"enemies":"Sphere and 2 Shapes","floor":41,"turns":3},{"damage":0,"enemies":"4 Shapes","floor":42,"turns":4},{"damage":8,"enemies":"Writhing Mass","floor":48,"turns":5},{"damage":28,"enemies":"infinitespire:MassOfShapes","floor":50,"turns":6}],"seed_played":"-3388800411304875758","potions_obtained":[{"floor":4,"key":"Reflective Coating"},{"floor":11,"key":"Block Potion"},{"floor":12,"key":"Elixir"},{"floor":14,"key":"Reflective Coating"},{"floor":21,"key":"SpeedPotion"},{"floor":23,"key":"Adrenaline Potion"},{"floor":29,"key":"SkillPotion"},{"floor":30,"key":"Regen Potion"},{"floor":41,"key":"LifebloodPotion"},{"floor":48,"key":"FearPotion"}],"is_trial":false,"path_per_floor":["M","M","$","M","?","R","?","M","T","E","M","M","R","E","R","B",null,"M","?","?","M","AVR","E","R","M","T","E","?","M","E","$","R","B",null,"M","?","M","?","AVR","E","M","M","T","?","R","?","$","M","R","B",null],"character_chosen":"THE_CURSED","items_purchased":["TheCursedMod:CircleOfWindfury","TheCursedMod:EmpowerCircles","vexMod:HeadHunter","TheCursedMod:PinkPellets","BlessingOfTheForge","ReplayTheSpireMod:CursedCoin","TheCursedMod:StingEye","Gremlin Food","conspire:TopHat","TheCursedMod:TroublousMinions","infinitespire:PuzzleCube","Omamori"],"campfire_rested":3,"item_purchase_floors":[0,0,0,0,0,3,3,3,31,31,31,31],"current_hp_per_floor":[30,25,25,20,20,42,42,32,32,32,18,17,39,36,58,7,58,62,62,62,34,34,51,51,57,57,59,52,56,65,65,65,80,84,36,36,40,40,40,85,85,98,98,98,98,98,98,98,98,98],"gold":272,"neow_bonus":"","is_daily":false,"chose_seed":false,"campfire_upgraded":4,"win_rate":0.0,"timestamp":1610662570,"path_taken":["M","M","$","M","?","R","?","M","T","E","M","?","R","E","R","BOSS","M","?","?","?","AVR","E","R","M","T","E","?","M","E","$","R","BOSS","M","?","M","?","AVR","E","?","M","T","?","R","?","$","M","R","BOSS"],"items_purchased_type":["Card","Card","Relic","Relic","Potion","Relic","Card","Relic","Relic","Card","Relic","Relic"],"build_version":"2020-12-22","purchased_purges":0,"victory":true,"max_hp_per_floor":[75,75,75,75,75,75,75,75,75,75,75,75,75,75,75,75,75,75,75,75,75,75,75,75,75,75,75,75,75,85,85,85,85,85,85,85,85,85,85,85,85,98,98,98,98,98,98,98,98,98],"card_choices":[{"not_picked":["TheCursedMod:ManaBullet","TheCursedMod:SpitefulStrike","TheCursedMod:Stretching"],"picked":"SKIP","floor":1},{"not_picked":["TheCursedMod:EmpowerCircles","TheCursedMod:SpitefulStrike","TheCursedMod:ManaBullet"],"picked":"SKIP","floor":2},{"not_picked":["TheCursedMod:StingEye","TheCursedMod:Wield","TheCursedMod:CursedStaff"],"picked":"SKIP","floor":4},{"not_picked":["TheCursedMod:WearCloak","TheCursedMod:Grudge","TheCursedMod:Wield"],"picked":"SKIP","floor":8},{"not_picked":["TheCursedMod:Neurasthenia","TheCursedMod:StunningStrike"],"picked":"TheCursedMod:CircleOfAbyss","floor":10},{"not_picked":["TheCursedMod:WearCloak","TheCursedMod:CursedStaff","TheCursedMod:Wield"],"picked":"SKIP","floor":10},{"not_picked":["TheCursedMod:Grudge","TheCursedMod:CursedBlade","TheCursedMod:SoulReap"],"picked":"SKIP","floor":11},{"not_picked":["TheCursedMod:RavingStaff","TheCursedMod:SpitefulStrike","TheCursedMod:Evocation"],"picked":"SKIP","floor":12},{"not_picked":["TheCursedMod:ForbiddenAlchemy","TheCursedMod:Neurasthenia"],"picked":"TheCursedMod:NeowsMight","floor":14},{"not_picked":["TheCursedMod:HellsGateOpen","TheCursedMod:SoulReap"],"picked":"TheCursedMod:CircleOfBlood","floor":14},{"not_picked":["TheCursedMod:OutForBlood","TheCursedMod:ManaCirculation"],"picked":"TheCursedMod:ForbiddenAlchemy","floor":16},{"not_picked":["hexamod:Haunted","Replay:Hysterical Blindness"],"picked":"ReplayTheSpireMod:Doomed","floor":17},{"not_picked":["infinitespire:Pacifist","Regret"],"picked":"Languid","floor":17},{"not_picked":["Guardian:Aged","ReplayTheSpireMod:Compounding Headache"],"picked":"TheCursedMod:Dregs","floor":17},{"not_picked":["TheCursedMod:SpitefulStrike+1","TheCursedMod:Torture+1"],"picked":"TheCursedMod:ReleasedStrength","floor":18},{"not_picked":["TheCursedMod:CircleOfWindfury+1","TheCursedMod:Torture","TheCursedMod:SmokeScreen"],"picked":"SKIP","floor":21},{"not_picked":["TheCursedMod:DemonicPact","TheCursedMod:UltimatePain","TheCursedMod:AntiAging"],"picked":"SKIP","floor":23},{"not_picked":["TheCursedMod:AbyssShockwave","TheCursedMod:SpitefulPlan","TheCursedMod:Mangle+1"],"picked":"SKIP","floor":23},{"not_picked":["TheCursedMod:LuckyCharm","TheCursedMod:RavingStaff","TheCursedMod:VitalStrike+1"],"picked":"SKIP","floor":25},{"not_picked":["TheCursedMod:NeowsMight","TheCursedMod:OutForBlood"],"picked":"TheCursedMod:CollectTribute","floor":27},{"not_picked":["TheCursedMod:WearCloak","TheCursedMod:BloodBarrier"],"picked":"TheCursedMod:CircleOfCorruption+1","floor":27},{"not_picked":["TheCursedMod:RavingStaff","TheCursedMod:Torture","TheCursedMod:CursedArmor+1"],"picked":"SKIP","floor":29},{"not_picked":["TheCursedMod:UltimatePain","TheCursedMod:DemonicPact"],"picked":"TheCursedMod:CircleOfAbyss","floor":30},{"not_picked":["TheCursedMod:CursedMace","TheCursedMod:CircleOfCorruption"],"picked":"TheCursedMod:CursedSpellbook+1","floor":30},{"not_picked":["TheCursedMod:StunningStrike","TheCursedMod:DemonicPact"],"picked":"TheCursedMod:VoidForm","floor":33},{"not_picked":["TheCursedMod:RapidMovement+1","TheCursedMod:CursedSpellbook","TheCursedMod:CursedAmulet+1"],"picked":"SKIP","floor":35},{"not_picked":["TheCursedMod:TroublousMinions","TheCursedMod:TacticalStrike+1"],"picked":"TheCursedMod:CircleOfFlame","floor":37},{"not_picked":["TheCursedMod:BloodBarrier","TheCursedMod:HellfireBreathing","TheCursedMod:CircleOfBlood+1"],"picked":"SKIP","floor":40},{"not_picked":["beaked:BloodRitual","TheCursedMod:CursedMace","beaked:Resilience"],"picked":"SKIP","floor":41},{"not_picked":["Evolve+1","TheCursedMod:Wield+1","beaked:WarriorEssence+1"],"picked":"SKIP","floor":42},{"not_picked":["Havoc+1","Dual Wield+1"],"picked":"Distraction+1","floor":48}],"player_experience":639499,"relics_obtained":[{"floor":9,"key":"Whetstone"},{"floor":10,"key":"Unceasing Top"},{"floor":14,"key":"aspiration:DSix"},{"floor":23,"key":"infinitespire:Golems Mask"},{"floor":26,"key":"ReplayTheSpireMod:Shallot"},{"floor":27,"key":"Divine Protection"},{"floor":30,"key":"Pear"},{"floor":40,"key":"TheCursedMod:CrystalBall"},{"floor":43,"key":"Replay:Rubber Ducky"}],"event_choices":[{"damage_healed":0,"gold_gain":0,"player_choice":"Inject Mutagens","damage_taken":0,"relics_obtained":["MutagenicStrength"],"max_hp_gain":0,"max_hp_loss":0,"event_name":"Drug Dealer","floor":19,"gold_loss":0},{"cards_removed":["TheCursedMod:Dregs","Languid","ReplayTheSpireMod:Doomed","Looming Evil","TheCursedMod:Dregs"],"damage_healed":0,"gold_gain":0,"player_choice":"Removed Curses","damage_taken":0,"max_hp_gain":0,"max_hp_loss":0,"event_name":"Fountain of Cleansing","floor":20,"gold_loss":0},{"damage_healed":0,"gold_gain":0,"player_choice":"Damaged","damage_taken":7,"max_hp_gain":0,"max_hp_loss":0,"event_name":"Wheel of Change","floor":28,"gold_loss":0},{"damage_healed":0,"gold_gain":0,"player_choice":"Forge","damage_taken":0,"max_hp_gain":0,"max_hp_loss":0,"event_name":"Accursed Blacksmith","floor":38,"gold_loss":0,"cards_upgraded":["Shade_Step"]}],"is_beta":false,"boss_relics":[{"not_picked":["Replay:Bronze Core","conspire:SeveredTorchhead"],"picked":"Replay:Ancient Bell"},{"not_picked":["MealTicket","Dream Catcher"],"picked":"infinitespire:Satchel"},{"not_picked":["infinitespire:Broken Mirror","Question Card"],"picked":"The Courier"},{"not_picked":["Lizard Tail","Replay:PocketPolymizer"],"picked":"Ginger"},{"not_picked":["Empty Cage","aspiration:RitualDagger"],"picked":"beaked:SacredDeck"}],"items_purged_floors":[],"is_endless":false,"potions_floor_spawned":[4,11,12,14,21,23,29,30,41,48],"ascension_level":5}}