{"host":"684z1xpuwaoqmmh1","time":1610631166,"event":{"mods":["Bard","BaseMod","Downfall","Hermit","Jorbs\u0027s Wanderer Trilogy","Marisa????????","Minty Spire (QoL Compilation)","Robot Space Explorer","Shade Mod","StSLib","The Bug Knight","The Cursed","The Hayseed","The Hierophant","The Marked","The Mystic","The Runesmith","The Senshi","The Spell Scribe"],"gold_per_floor":[113,125,125,125,144,176,188,223,223,237,237,264,264,264,264,364,364,377,388,421,438,140,140,167,167,167,167,186,186,213,242,242,242,242],"floor_reached":33,"language":"ENG","playtime":1586,"items_purged":["Pain"],"score":355,"play_id":"1db44aaf-f344-4c7d-a024-babadef90c50","local_time":"20210114153246","is_ascension_mode":true,"campfire_choices":[{"data":"Shade:OfferingToTheBeyond","floor":11,"key":"SMITH"},{"data":"Shade:FreshBones","floor":13,"key":"SMITH"},{"data":"Shade:AuraOfUnlife","floor":15,"key":"SMITH"},{"data":"Shade:LoseControl","floor":23,"key":"SMITH"},{"data":"Shade:RitualOffering","floor":25,"key":"SMITH"},{"data":"Shade:AblativeArmor","floor":27,"key":"SMITH"},{"data":"Shade:Bite_Shade","floor":29,"key":"SMITH"},{"data":"Shade:AnimateDead","floor":32,"key":"SMITH"}],"circlet_count":0,"master_deck":["Shade:Strike_Shade","Shade:Strike_Shade","Shade:Strike_Shade","Shade:Defend_Shade","Shade:Defend_Shade","Shade:Defend_Shade","Shade:AnimateDead+1","Shade:CarefulCut","Shade:SanguineRitual","Shade:FleshLikeOak","Shade:Bonestorm","Shade:FreshBones+1","Shade:Excise","Shade:AuraOfUnlife+1","Shade:OfferingToTheBeyond+1","Shade:SkeletonHug","Shade:FuneraryArmor","Shade:LoseControl+1","CurseOfTheBell","Shade:FeralStrike","Shade:SensePrey","Shade:FleshOffering+1","Shade:AblativeArmor+1","Shade:StitchTogether+1","Shade:RitualOffering+1","Shade:Bite_Shade+1","Shade:Excise","Shade:TouchOfTheGrave+1"],"relics":["Shade:YorickSkull","WarpedTongs","Anchor","Juzu Bracelet","Eternal Feather","StoneCalendar","Frozen Egg 2","Calling Bell","Dream Catcher","Pear","WingedGreaves","Red Mask","Sling","Matryoshka","hexamod:BolsterEngine","Orichalcum","CaptainsWheel"],"acts_visited":["Exordium","TheCity"],"potions_floor_usage":[6,19,20,24,28,30],"damage_taken":[{"damage":0,"enemies":"Jaw Worm","floor":1,"turns":3},{"damage":0,"enemies":"2 Louse","floor":2,"turns":3},{"damage":1,"enemies":"Cultist","floor":5,"turns":3},{"damage":12,"enemies":"3 Sentries","floor":6,"turns":5},{"damage":0,"enemies":"2 Fungi Beasts","floor":7,"turns":3},{"damage":17,"enemies":"Lagavulin","floor":8,"turns":7},{"damage":7,"enemies":"3 Louse","floor":10,"turns":3},{"damage":13,"enemies":"HollowMod:MossKnight","floor":12,"turns":6},{"damage":12,"enemies":"Slime Boss","floor":16,"turns":7},{"damage":3,"enemies":"Chosen","floor":18,"turns":5},{"damage":3,"enemies":"3 Byrds","floor":19,"turns":4},{"damage":22,"enemies":"Masked Bandits","floor":20,"turns":4},{"damage":7,"enemies":"3 Cultists","floor":21,"turns":3},{"damage":28,"enemies":"Slavers","floor":24,"turns":7},{"damage":4,"enemies":"Snake Plant","floor":28,"turns":5},{"damage":29,"enemies":"Book of Stabbing","floor":30,"turns":7},{"damage":23,"enemies":"Gremlin Leader","floor":31,"turns":6},{"damage":72,"enemies":"Champ","floor":33,"turns":14}],"seed_played":"-8464195005792997308","potions_obtained":[{"floor":2,"key":"BlessingOfTheForge"},{"floor":5,"key":"Explosive Potion"},{"floor":8,"key":"Fire Potion"},{"floor":18,"key":"LiquidMemories"},{"floor":20,"key":"PowerPotion"},{"floor":24,"key":"Weak Potion"},{"floor":28,"key":"Strength Potion"}],"is_trial":false,"path_per_floor":["M","M","?","?","M","E","M","E","T","M","R","E","R","?","R","B",null,"M","M","?","M","$","R","E","R","T","R","M","R","E","E","R","B"],"character_chosen":"SHADE","items_purchased":["Sling","Shade:StitchTogether+1"],"campfire_rested":0,"item_purchase_floors":[22,22],"current_hp_per_floor":[65,65,58,58,57,45,45,28,28,21,30,17,26,14,23,11,75,72,69,47,40,40,52,24,39,39,54,50,65,46,39,54,0,0],"gold":242,"neow_bonus":"TRANSFORM_CARD","is_daily":false,"chose_seed":false,"campfire_upgraded":8,"win_rate":0.0,"timestamp":1610631166,"path_taken":["M","M","?","?","M","E","M","E","T","M","R","E","R","?","R","BOSS","M","M","?","M","$","R","E","R","T","R","M","R","E","E","R","BOSS"],"items_purchased_type":["Relic","Card"],"build_version":"2020-12-22","purchased_purges":1,"victory":false,"max_hp_per_floor":[65,65,65,65,65,65,65,65,65,65,65,65,65,65,65,65,75,75,75,75,75,75,75,75,75,75,75,75,75,75,75,75,75,75],"card_choices":[{"not_picked":["Shade:FingerOfDeath","Shade:GreyBargain"],"picked":"Shade:FleshLikeOak","floor":1},{"not_picked":["Shade:ExtraLimbs","Shade:Premonition"],"picked":"Shade:Bonestorm","floor":2},{"not_picked":["Shade:ClawBack","Shade:Trample"],"picked":"Shade:FreshBones","floor":5},{"not_picked":["Shade:BoneShards","Shade:Trample"],"picked":"Shade:Excise","floor":6},{"not_picked":["Shade:BoneShards","Shade:Brains"],"picked":"Shade:AuraOfUnlife","floor":7},{"not_picked":["Shade:SanguineRitual","Shade:AuraOfUnlife"],"picked":"Shade:OfferingToTheBeyond","floor":8},{"not_picked":["Shade:GreyBargain","Shade:LyeBath"],"picked":"Shade:SkeletonHug","floor":10},{"not_picked":["Shade:Bonestorm","Shade:CoffinDance"],"picked":"Shade:FuneraryArmor","floor":12},{"not_picked":["Shade:Coordination+1","Shade:MadHubris"],"picked":"Shade:LoseControl","floor":16},{"not_picked":["Shade:FuneraryArmor","Shade:ExtraLimbs"],"picked":"Shade:FeralStrike","floor":18},{"not_picked":["Shade:CoffinDance","Shade:Frenzy+1"],"picked":"Shade:SensePrey","floor":19},{"not_picked":["Shade:GoDigging","Shade:Bite_Shade"],"picked":"Shade:FleshOffering+1","floor":20},{"not_picked":["Shade:SpontaneousRitual","Shade:CoffinDance"],"picked":"Shade:AblativeArmor","floor":21},{"not_picked":["Shade:Trample","Shade:Brains+1"],"picked":"Shade:RitualOffering","floor":24},{"not_picked":["Shade:Asphyxiate","Shade:GreyBargain"],"picked":"Shade:Bite_Shade","floor":28},{"not_picked":["Shade:SanguineRitual","Shade:SelfBurial"],"picked":"Shade:Excise","floor":30},{"not_picked":["Shade:ExtraLimbs+1","Shade:FeralStrike"],"picked":"Shade:TouchOfTheGrave+1","floor":31}],"player_experience":2825348,"relics_obtained":[{"floor":6,"key":"Anchor"},{"floor":8,"key":"Juzu Bracelet"},{"floor":9,"key":"Eternal Feather"},{"floor":12,"key":"StoneCalendar"},{"floor":17,"key":"Dream Catcher"},{"floor":17,"key":"Pear"},{"floor":17,"key":"WingedGreaves"},{"floor":20,"key":"Red Mask"},{"floor":24,"key":"Matryoshka"},{"floor":26,"key":"hexamod:BolsterEngine"},{"floor":30,"key":"Orichalcum"},{"floor":31,"key":"CaptainsWheel"}],"event_choices":[{"cards_removed":["Shade:Strike_Shade"],"damage_healed":0,"gold_gain":0,"player_choice":"Card Removal","damage_taken":7,"max_hp_gain":0,"max_hp_loss":0,"event_name":"Golden Wing","floor":3,"gold_loss":0},{"damage_healed":0,"gold_gain":0,"player_choice":"Rummage","damage_taken":0,"relics_obtained":["WarpedTongs"],"max_hp_gain":0,"max_hp_loss":0,"event_name":"Accursed Blacksmith","floor":4,"gold_loss":0,"cards_obtained":["Pain"]},{"damage_healed":0,"gold_gain":0,"player_choice":"Success","damage_taken":12,"relics_obtained":["Frozen Egg 2"],"max_hp_gain":0,"max_hp_loss":0,"event_name":"Scrap Ooze","floor":14,"gold_loss":0},{"damage_healed":0,"gold_gain":0,"player_choice":"Fought Bandits","damage_taken":0,"max_hp_gain":0,"max_hp_loss":0,"event_name":"Masked Bandits","floor":20,"gold_loss":0}],"is_beta":false,"boss_relics":[{"not_picked":["Pandora\u0027s Box","Runesmith:UraniumAnvil"],"picked":"Calling Bell"}],"items_purged_floors":[22],"is_endless":false,"potions_floor_spawned":[2,5,8,18,20,24,28],"killed_by":"Champ","ascension_level":2}}