{"host":"tr12w2fixbnujl15","time":1610644904,"event":{"mods":["2.2 Compatiblity","BaseMod","Better Skull","BetterRewards","Clockwork Mod","Colored Powertips","Evolution","Hermit","Hubris","Infinite Spire","Koishi","Mad Scientist","Minty Spire (QoL Compilation)","Quick Restart","Replay The Spire","Shop Mod","StSLib","SuperFastMode","The Animator","The Bug Knight","The Construct","The Cursed","The Hierophant","The Necromancer","The Sage","The Senshi","The Servant 0.9.4","The Spell Scribe","TheFirefly","WarShipGirlsR/????R mod"],"gold_per_floor":[109,109,109,128,142,142,174,193,193,193,193,211,63,91,91,194,194,214,214,227,243,342,342,354,354,354,354,96,115,115,130,130,228,228,243,263,283,53,53,53,53,70,97,97,97,111,111,72,72,72,72],"floor_reached":50,"language":"ENG","playtime":5460,"items_purged":[],"score":527,"play_id":"dee12068-ab36-41cd-af38-5cc306b53ba4","local_time":"20210114122144","is_ascension_mode":false,"campfire_choices":[{"data":"ReplayGash","floor":6,"key":"SMITH"},{"data":"FTL","floor":11,"key":"SMITH"},{"data":"1","floor":15,"key":"LIFT"},{"data":"2","floor":23,"key":"LIFT"},{"floor":25,"key":"REST"},{"data":"Creative AI","floor":27,"key":"SMITH"},{"data":"FIFO Queue","floor":27,"key":"SMITH"},{"data":"Defragment","floor":30,"key":"SMITH"},{"data":"Zap","floor":30,"key":"SMITH"},{"floor":32,"key":"REST"},{"floor":40,"key":"REST"},{"floor":44,"key":"REST"},{"floor":49,"key":"REST"}],"circlet_count":0,"master_deck":["Cold Snap","Cold Snap","Cold Snap","Cold Snap","Conserve Battery","Conserve Battery","Conserve Battery","Defend_B","Zap+1","Dualcast","Conserve Battery","ReplayGash+1","Self Repair","Hello World+1","FTL+1","Sweeping Beam","Creative AI+1","Core Surge","Creative AI+1","Turbo+1","Defragment+1","Go for the Eyes+1","FIFO Queue+1","Machine Learning+1","Reboot+1","Compile Driver","Thunder Strike","Barrage","Ball Lightning","Sweeping Beam+1","Storm+1","BootSequence+1","Fission+1","Turbo","Storm","Blizzard+1","Conserve Battery+1"],"relics":["Cracked Core","EVO:Axolotl","NeowsBlessing","hubris:SlimyHat","HollowMod:StagPassRelic","Girya","hubris:ScarierMask","Replay:Arrowhead","hubris:RunicObelisk","Dream Catcher","Golden Egg","Black Star","Geode"],"acts_visited":["Exordium","TheCity","TheBeyond"],"potions_floor_usage":[8,14,14,18,21,31,31,37,37,37,50],"damage_taken":[{"damage":0,"enemies":"Small Slimes","floor":1,"turns":1},{"damage":0,"enemies":"Cultist","floor":4,"turns":1},{"damage":0,"enemies":"2 Louse","floor":5,"turns":1},{"damage":4,"enemies":"HollowMod:MossKnight","floor":7,"turns":8},{"damage":8,"enemies":"Lots of Slimes","floor":8,"turns":4},{"damage":6,"enemies":"Gremlin Gang","floor":12,"turns":5},{"damage":7,"enemies":"Gremlin Nob","floor":14,"turns":5},{"damage":21,"enemies":"Fading Forest","floor":16,"turns":11},{"damage":14,"enemies":"3 Byrds","floor":18,"turns":3},{"damage":14,"enemies":"Chosen","floor":20,"turns":6},{"damage":3,"enemies":"Snecko","floor":21,"turns":7},{"damage":15,"enemies":"Cultist and Chosen","floor":24,"turns":5},{"damage":12,"enemies":"Centurion and Healer","floor":29,"turns":5},{"damage":25,"enemies":"Snake Plant","floor":31,"turns":5},{"damage":39,"enemies":"hubris:MusketHawk","floor":33,"turns":11},{"damage":24,"enemies":"Orb Walker","floor":35,"turns":5},{"damage":17,"enemies":"3 Darklings","floor":36,"turns":5},{"damage":24,"enemies":"4 Shapes","floor":37,"turns":4},{"damage":37,"enemies":"Maw","floor":42,"turns":7},{"damage":6,"enemies":"3 Darklings","floor":46,"turns":3},{"damage":52,"enemies":"Replay:Hell Engine","floor":50,"turns":11}],"seed_played":"1889141309701708755","potions_obtained":[{"floor":1,"key":"EssenceOfSteel"},{"floor":4,"key":"Swift Potion"},{"floor":7,"key":"AttackPotion"},{"floor":12,"key":"BlessingOfTheForge"},{"floor":16,"key":"Explosive Potion"},{"floor":21,"key":"Block Potion"},{"floor":29,"key":"Regen Potion"},{"floor":31,"key":"Explosive Potion"},{"floor":35,"key":"LiquidMemories"},{"floor":36,"key":"Adrenaline Potion"},{"floor":46,"key":"PowerPotion"}],"is_trial":false,"path_per_floor":["M","$","?","M","M","R","E","M","T","?","R","M","$","E","R","B",null,"M","$","M","M","?","R","M","R","T","R","$","M","R","M","R","B",null,"M","M","M","$","?","R","AVR","M","T","R","?","M","?","$","R","B"],"character_chosen":"DEFECT","items_purchased":["Creative AI","Machine Learning+1","Reboot","Dream Catcher","Storm","Blizzard"],"campfire_rested":5,"item_purchase_floors":[13,28,28,38,38,48],"current_hp_per_floor":[75,75,75,75,75,75,75,74,74,74,74,75,75,75,75,71,75,68,68,61,65,65,65,50,72,72,72,72,67,67,56,75,43,75,58,41,17,17,17,39,39,9,9,31,31,25,25,25,47,0,0],"gold":72,"neow_bonus":"THREE_ENEMY_KILL","is_daily":false,"chose_seed":false,"campfire_upgraded":6,"win_rate":0.0,"timestamp":1610644904,"path_taken":["M","$","?","M","?","R","E","M","T","?","R","M","$","E","R","BOSS","M","?","M","M","?","R","M","R","T","R","$","M","R","M","R","BOSS","M","M","M","$","?","R","AVR","M","T","R","?","M","?","$","R","BOSS"],"items_purchased_type":["Card","Card","Card","Relic","Card","Card"],"build_version":"2020-12-22","purchased_purges":0,"victory":false,"max_hp_per_floor":[75,75,75,75,75,75,75,75,75,75,75,75,75,75,75,75,75,75,75,75,75,75,75,75,75,75,75,75,75,75,75,75,75,75,75,75,75,75,75,75,75,75,75,75,75,75,75,75,75,75,75],"card_choices":[{"not_picked":["Turbo","Consume"],"picked":"Conserve Battery","floor":1},{"not_picked":["Gash","Rebound"],"picked":"ReplayGash","floor":4},{"not_picked":["Stack","Reinforced Body"],"picked":"Self Repair","floor":5},{"not_picked":["Reinforced Body","Blizzard"],"picked":"Hello World","floor":7},{"not_picked":["Beam Cell","Cold Snap"],"picked":"FTL","floor":8},{"not_picked":["Conserve Battery","Cold Snap"],"picked":"Sweeping Beam","floor":12},{"not_picked":["Aggregate","Streamline"],"picked":"Core Surge","floor":14},{"not_picked":["All For One","hubris:Prefetch"],"picked":"Creative AI","floor":16},{"not_picked":["Stack","BootSequence"],"picked":"Turbo+1","floor":18},{"not_picked":["BasicCrystalCard","Self Repair"],"picked":"Defragment","floor":20},{"not_picked":["ReplaySolidLightProjector","Leap"],"picked":"Go for the Eyes+1","floor":21},{"not_picked":["Aggregate","BasicCrystalCard"],"picked":"FIFO Queue","floor":24},{"not_picked":["ReplaySolidLightProjector","Scrape"],"picked":"Compile Driver","floor":29},{"not_picked":["Compile Driver","Skim"],"picked":"Heatsinks","floor":31},{"not_picked":["Reboot","ReplayRNGCard"],"picked":"Thunder Strike","floor":33},{"not_picked":["Stack+1","Conserve Battery+1"],"picked":"Barrage","floor":35},{"not_picked":["Hologram+1","Go for the Eyes+1"],"picked":"Ball Lightning","floor":36},{"not_picked":["Leap+1","Beam Cell"],"picked":"Sweeping Beam+1","floor":37},{"not_picked":["Conserve Battery","Reprogram"],"picked":"BootSequence+1","floor":40},{"not_picked":["ReplayTheSpireMod:System Scan","Go for the Eyes"],"picked":"Fission","floor":42},{"not_picked":["Redo","Sweeping Beam"],"picked":"Turbo","floor":44},{"not_picked":["Glacier","ReplayTheSpireMod:GoodbyeWorld"],"picked":"Storm","floor":46},{"not_picked":["Panic Button+1","Rebound"],"picked":"Conserve Battery+1","floor":49}],"player_experience":54628,"relics_obtained":[{"floor":7,"key":"hubris:SlimyHat"},{"floor":9,"key":"HollowMod:StagPassRelic"},{"floor":14,"key":"Girya"},{"floor":26,"key":"Replay:Arrowhead"},{"floor":43,"key":"Geode"}],"event_choices":[{"damage_healed":0,"gold_gain":0,"player_choice":"Ignored","damage_taken":0,"max_hp_gain":0,"max_hp_loss":0,"event_name":"Purifier","floor":3,"gold_loss":0},{"damage_healed":0,"gold_gain":0,"player_choice":"Upgraded","damage_taken":0,"max_hp_gain":0,"max_hp_loss":0,"event_name":"Upgrade Shrine","floor":10,"gold_loss":0,"cards_upgraded":["Hello World"]},{"damage_healed":0,"gold_gain":99,"player_choice":"Stole From Cult","damage_taken":0,"max_hp_gain":0,"max_hp_loss":0,"event_name":"Nest","floor":22,"gold_loss":0},{"damage_healed":0,"gold_gain":0,"player_choice":"Ignored","damage_taken":0,"max_hp_gain":0,"max_hp_loss":0,"event_name":"The Moai Head","floor":39,"gold_loss":0},{"cards_removed":["Heatsinks"],"damage_healed":0,"gold_gain":0,"player_choice":"Removed Power","damage_taken":0,"max_hp_gain":0,"max_hp_loss":0,"event_name":"Falling","floor":45,"gold_loss":0}],"is_beta":false,"boss_relics":[{"not_picked":["ChewingGum","ReplayTheSpireMod:SealedPack"],"picked":"hubris:ScarierMask"},{"not_picked":["Runic Dome","FrozenCore"],"picked":"hubris:RunicObelisk"}],"items_purged_floors":[],"is_endless":false,"potions_floor_spawned":[1,4,7,12,16,21,29,31,35,36,46],"killed_by":"Replay:Hell Engine","ascension_level":0}}