{"host":"7uuqqk35leady37t","time":1610618571,"event":{"mods":["BaseMod","Colored Map","Colored Powertips","Marisa£®ÏF”Í°°ƒß¿Ì…≥£©","Minty Spire (QoL Compilation)","Relic Stats","Remilia£®¿Ÿ√◊¿Ú—«£©","Replay The Spire","Robot Space Explorer","StSLib","The Bug Knight","The Servant 0.9.4","UnlockEverythingMod","Waifu the Spire","Yuri Mod","[IsaacMod]“‘»ˆº‚À˛"],"gold_per_floor":[119,119,40,40,54,81,81,92,92,92,107,107,127,127,127,217,217,241,77,101,101,116,147,165,179,179,179,198,198,198,228,228,307,307,321,321,321],"floor_reached":36,"language":"ZHS","playtime":678,"items_purged":[],"score":1008,"play_id":"d6ab447d-1c3d-4e99-a8dd-8cbe7a18d445","local_time":"20210114180251","daily_mods":["Shiny","Red Cards","Terminal"],"is_ascension_mode":true,"campfire_choices":[{"floor":10,"key":"RECALL"},{"data":"FlawlessForm","floor":15,"key":"SMITH"},{"data":"yuri:GhostForm","floor":32,"key":"SMITH"}],"circlet_count":0,"master_deck":["Demon Form","Wraith Form v2","Echo Form","DevaForm","BatForm","FlawlessForm+1","yuri:DragonForm","yuri:GhostForm+1","RobotSpaceExplorer:TrailblazerForm","AscendersBane","Double Tap","Fiend Fire","Eclipse","Demonic Infusion","Exhume","Bludgeon","Limit Break","Hemogenesis","Demon Form","Berserk","Impervious","Juggernaut","Brutality","Offering","Feed","Replay:Many Hands","Corruption","Barricade","Reaper","Immolate","Hyperbeam","Machine Learning","Buffer","All For One","Core Surge","Multi-Cast","Thunder Strike","ElectricPowerLearning","Electrodynamics","ReplayTheSpireMod:Omega Cannon","Rainbow","ReplayTheSpireMod:Fabricate Wheel","Mirror Shield","Seek","Echo Form","Reboot","Fission","Biased Cognition","ReplayRNGCard","Meteor Strike","Amplify","Creative AI","EpicFetus","Armaments","Capacitor","Regret","Flex","Cleave","Defragment","Sweeping Beam","BasicCrystalCard","Creative AI","Aggregate","Turbo","Sentinel","Stack+1","Warcry+1","Immolate","Ball Lightning","Go for the Eyes","Echo Form","Fire Breathing"],"relics":["Cracked Core","HushsDoor","DeadEye","NeowsBlessing","Omamori","Tiny Chest","NeowsBlessing","Bottled Flame","Bloody Idol","NeowsBlessing","Inserter","SteamSale","NeowsBlessing","Akabeko","NeowsBlessing","Garlic","Nuclear Battery"],"acts_visited":["Exordium","TheCity"],"potions_floor_usage":[35,35],"damage_taken":[{"damage":6,"enemies":"Small Slimes","floor":1,"turns":2},{"damage":0,"enemies":"Jaw Worm","floor":5,"turns":1},{"damage":0,"enemies":"Gremlin Nob","floor":6,"turns":1},{"damage":0,"enemies":"2 Louse","floor":8,"turns":1},{"damage":0,"enemies":"Exordium Wildlife","floor":11,"turns":1},{"damage":0,"enemies":"2 Fungi Beasts","floor":13,"turns":1},{"damage":0,"enemies":"Fading Forest","floor":16,"turns":1},{"damage":0,"enemies":"3 Byrds","floor":18,"turns":1},{"damage":0,"enemies":"2 Thieves","floor":20,"turns":1},{"damage":0,"enemies":"Snecko","floor":22,"turns":1},{"damage":0,"enemies":"Slavers","floor":23,"turns":1},{"damage":0,"enemies":"Shelled Parasite and Fungi","floor":24,"turns":1},{"damage":0,"enemies":"3 Cultists","floor":25,"turns":3},{"damage":0,"enemies":"Snake Plant","floor":28,"turns":1},{"damage":0,"enemies":"Replay:Snechameleon","floor":31,"turns":1},{"damage":0,"enemies":"Automaton","floor":33,"turns":1},{"damage":34,"enemies":"Orb Walker","floor":35,"turns":5},{"damage":15,"enemies":"3 Darklings","floor":36,"turns":2}],"seed_played":"-4211835138916850034","potions_obtained":[{"floor":8,"key":"FearPotion"},{"floor":20,"key":"Swift Potion"},{"floor":24,"key":"Regen Potion"}],"is_trial":true,"path_per_floor":["M","WH","$","?","M","E","WH","M","T","R","M","?","M","WH","R","B",null,"M","$","M","WH","M","E","M","M","T","WH","M","?","T","E","R","B",null,"M","M"],"character_chosen":"DEFECT","items_purchased":["Capacitor","SteamSale"],"campfire_rested":0,"item_purchase_floors":[3,19],"current_hp_per_floor":[58,58,58,58,58,58,58,58,58,58,58,58,57,56,55,54,53,52,51,50,49,48,47,46,43,42,41,40,39,38,37,36,35,34,14,0,0],"gold":321,"neow_bonus":"THREE_ENEMY_KILL","is_daily":false,"chose_seed":false,"campfire_upgraded":2,"win_rate":0.0,"timestamp":1610618571,"path_taken":["M","WH","$","?","M","E","WH","M","T","R","M","?","M","WH","R","BOSS","M","$","M","WH","M","E","M","?","T","WH","M","?","?","E","R","BOSS","M","M"],"items_purchased_type":["Card","Relic"],"build_version":"2020-12-22","purchased_purges":0,"victory":false,"max_hp_per_floor":[69,68,67,66,65,64,63,62,61,60,59,58,57,56,55,54,53,52,51,50,49,48,47,46,43,42,41,40,39,38,37,36,35,34,33,33,33],"relic_stats":{"Inserter":[9],"counters":[18,26],"Bloody Idol":5,"Tiny Chest":1,"obtain_stats":[{"KeepersGift":0,"Inserter":17,"NeowsBlessing":2,"Golden Idol":12,"Omamori":4,"DeadEye":0,"SteamSale":19,"Akabeko":23,"Nuclear Battery":34,"Bottled Flame":9,"Bloody Idol":29,"ForgetMeNow":30,"Tiny Chest":6,"Garlic":31,"Cracked Core":0,"HushsDoor":0},{"KeepersGift":0,"Inserter":7,"NeowsBlessing":1,"Golden Idol":5,"Omamori":1,"DeadEye":0,"SteamSale":8,"Akabeko":11,"Nuclear Battery":16,"Bottled Flame":4,"Bloody Idol":14,"ForgetMeNow":14,"Tiny Chest":3,"Garlic":15,"Cracked Core":0,"HushsDoor":0},{"KeepersGift":0,"Inserter":8,"NeowsBlessing":2,"Golden Idol":6,"Omamori":2,"DeadEye":0,"SteamSale":9,"Akabeko":12,"Nuclear Battery":19,"Bottled Flame":5,"Bloody Idol":17,"ForgetMeNow":17,"Tiny Chest":4,"Garlic":18,"Cracked Core":0,"HushsDoor":0}]},"card_choices":[{"not_picked":[],"picked":"EpicFetus","floor":0},{"not_picked":["Hologram","Panic Button"],"picked":"Armaments","floor":1},{"not_picked":["Streamline","Massacre"],"picked":"Flex","floor":5},{"not_picked":["Bomb","Demonic Infusion"],"picked":"Cleave","floor":6},{"not_picked":["Infernal Blade","Headbutt"],"picked":"Defragment","floor":8},{"not_picked":["Reckless Charge","Recycle"],"picked":"Sweeping Beam","floor":11},{"not_picked":["Perfected Strike","Cold Snap"],"picked":"BasicCrystalCard","floor":13},{"not_picked":["Barricade","Bludgeon"],"picked":"Creative AI","floor":16},{"not_picked":["Warcry","Turbo"],"picked":"Aggregate","floor":18},{"not_picked":["Run Through","Clothesline"],"picked":"Turbo","floor":20},{"not_picked":["Clothesline","Sever Soul"],"picked":"Sentinel","floor":22},{"not_picked":["Force Field","Infernal Blade"],"picked":"Stack+1","floor":23},{"not_picked":["Dropkick","Thunderclap"],"picked":"Warcry+1","floor":24},{"not_picked":["Shockwave","Havoc"],"picked":"Immolate","floor":25},{"not_picked":["Barrage","Clash"],"picked":"Ball Lightning","floor":28},{"not_picked":["Headbutt","Recycle"],"picked":"Go for the Eyes","floor":31},{"not_picked":["Biased Cognition","Multi-Cast"],"picked":"Echo Form","floor":33},{"not_picked":["Burning Pact","Recycle"],"picked":"Fire Breathing","floor":35}],"player_experience":59871,"relics_obtained":[{"floor":6,"key":"Tiny Chest"},{"floor":9,"key":"Bottled Flame"},{"floor":23,"key":"Akabeko"},{"floor":30,"key":"ForgetMeNow"},{"floor":31,"key":"Garlic"}],"event_choices":[{"damage_healed":0,"gold_gain":0,"player_choice":"Box","damage_taken":0,"relics_obtained":["Omamori"],"max_hp_gain":0,"max_hp_loss":0,"event_name":"Big Fish","floor":4,"gold_loss":0,"cards_obtained":["Regret"]},{"damage_healed":0,"gold_gain":0,"player_choice":"Take Wound","damage_taken":0,"relics_obtained":["Golden Idol"],"max_hp_gain":0,"max_hp_loss":0,"event_name":"Golden Idol","floor":12,"gold_loss":0,"cards_obtained":["Injury"]},{"damage_healed":0,"gold_gain":0,"player_choice":"Gave Idol","damage_taken":0,"relics_obtained":["Bloody Idol"],"max_hp_gain":0,"max_hp_loss":0,"event_name":"Forgotten Altar","floor":29,"relics_lost":["Golden Idol"],"gold_loss":0}],"is_beta":false,"boss_relics":[{"not_picked":["Empty Cage","Painkiller Herb"],"picked":"Inserter"},{"not_picked":[]},{"not_picked":["Coffee Dripper","Replay:Grab Bag"],"picked":"Nuclear Battery"}],"items_purged_floors":[],"is_endless":false,"potions_floor_spawned":[8,20,24,28],"killed_by":"3 Darklings","ascension_level":20}}