{"host":"suaetoo57rt99mh0","time":1610586621,"event":{"mods":["Act Like it!","Arknights The Spire","Aspiration","BaseMod","CatGirl Mod","Conspire","Defuse TimeMaze Blight","Downfall","Elementarium","Energized Spire","Grow up Mod","Hermit","Hubris","Infinite Spire","Jedi Mod","Marisa????????","Minty Spire (QoL Compilation)","Potionbrewer","Quarter Circle Forward PUNCH!","Quick Restart","Relic Filter","Replay The Spire","StSLib","The Animator","The Bladedancer","The Construct","The Cursed","The Jungle","The Mystic","The Necromancer","The Poker Player","The Runesmith","The Sage","The Servant 0.9.4","TheArtist","TheHeartMod","Uncapped","UnlockEverythingMod","Useless Jewels Mod","vexMod"],"gold_per_floor":[109,109,125,144,163,163,175,175,175,175,195,211,242,258,258,453,453,565,565,578,578,598,598,609,626,626,642,654,654,654],"floor_reached":28,"language":"ENG","playtime":2205,"items_purged":[],"score":330,"play_id":"0241df51-2521-4b06-9f7a-3d1125ebb2b9","local_time":"20210113191021","is_ascension_mode":false,"metric_token":2578,"campfire_choices":[{"data":"PokerPlayerMod:Heart2","floor":6.0,"key":"SMITH"},{"data":"PokerPlayerMod:Heart3","floor":8.0,"key":"SMITH"},{"data":"PokerPlayerMod:Diamond2","floor":23.0,"key":"SMITH"}],"circlet_count":0,"master_deck":["PokerPlayerMod:Diamond2","PokerPlayerMod:Diamond3","PokerPlayerMod:Diamond3","PokerPlayerMod:Diamond4","PokerPlayerMod:Diamond5","PokerPlayerMod:Spade3","PokerPlayerMod:Spade3","PokerPlayerMod:Spade3","PokerPlayerMod:Spade4","PokerPlayerMod:Club2","PokerPlayerMod:Club2","PokerPlayerMod:Heart5","PokerPlayerMod:TrumpStrike","PokerPlayerMod:BadJoker","PokerPlayerMod:Mulligan","PokerPlayerMod:Club6","PokerPlayerMod:Trickery","PokerPlayerMod:CardBurn","PokerPlayerMod:Diamond3","PokerPlayerMod:Diamond5","PokerPlayerMod:HeartStrike","PokerPlayerMod:SpadeStrike","PokerPlayerMod:Club10+","PokerPlayerMod:FlyingCard","PokerPlayerMod:Heart10+","PokerPlayerMod:Diamond10+","PokerPlayerMod:Raise","PokerPlayerMod:ClubDance","PokerPlayerMod:Raise+1","PokerPlayerMod:Trickery+1","PokerPlayerMod:Sharpen","PokerPlayerMod:DartThrow"],"relics":["PokerPlayerMod:DeckCase","NeowsBlessing","Darkstone Periapt","hubris:Icosahedron","conspire:GlowingRock","Nloth\u0027s Gift","HornCleat"],"acts_visited":["Exordium","TheCity"],"potions_floor_usage":[],"damage_taken":[{"damage":0.0,"enemies":"Jaw Worm","floor":1.0,"turns":1.0},{"damage":0.0,"enemies":"Small Slimes","floor":3.0,"turns":1.0},{"damage":0.0,"enemies":"Cultist","floor":4.0,"turns":1.0},{"damage":0.0,"enemies":"Exordium Wildlife","floor":5.0,"turns":3.0},{"damage":6.0,"enemies":"Red Slaver","floor":7.0,"turns":3.0},{"damage":11.0,"enemies":"3 Louse","floor":11.0,"turns":3.0},{"damage":19.0,"enemies":"Lots of Slimes","floor":12.0,"turns":3.0},{"damage":10.0,"enemies":"3 Sentries","floor":13.0,"turns":5.0},{"damage":2.0,"enemies":"Exordium Thugs","floor":14.0,"turns":3.0},{"damage":0.0,"enemies":"Slime Boss","floor":16.0,"turns":9.0},{"damage":12.0,"enemies":"2 Thieves","floor":18.0,"turns":2.0},{"damage":0.0,"enemies":"Chosen","floor":20.0,"turns":3.0},{"damage":18.0,"enemies":"Snecko","floor":22.0,"turns":5.0},{"damage":0.0,"enemies":"Snake Plant","floor":24.0,"turns":3.0},{"damage":21.0,"enemies":"Shelled Parasite and Fungi","floor":25.0,"turns":5.0},{"damage":0.0,"enemies":"3 Cultists","floor":27.0,"turns":3.0},{"damage":8,"enemies":"Snecko","floor":28,"turns":5}],"seed_played":"-3906942865001993573","potions_obtained":[{"floor":4.0,"key":"potionbrewer:EndurancePotion"},{"floor":5.0,"key":"potionbrewer:DiscountPotion"},{"floor":11.0,"key":"Adrenaline Potion"},{"floor":16.0,"key":"SkillPotion"},{"floor":18.0,"key":"LiquidMemories"},{"floor":20.0,"key":"Guardian:BlockOnCardUsePotion"},{"floor":22.0,"key":"ColorlessPotion"},{"floor":28,"key":"DuplicationPotion"}],"is_trial":false,"path_per_floor":["M","?","M","M","M","R","M","R","T","?","M","M","E","M","R","B",null,"M","?","M","?","M","R","M","M","T","M","M"],"character_chosen":"THE_POKER_PLAYER","items_purchased":[],"campfire_rested":0,"item_purchase_floors":[],"current_hp_per_floor":[72,82,92,102,112,122,126,136,146,156,155,155,160,178,212,222,232,233,243,259,269,264,274,284,301,311,332,330,330,330],"gold":654,"neow_bonus":"THREE_ENEMY_KILL","is_daily":false,"chose_seed":false,"campfire_upgraded":3,"win_rate":0.0,"timestamp":1610586621,"path_taken":["M","?","M","M","M","R","M","R","T","?","M","M","E","M","R","BOSS","M","?","?","?","M","R","M","M","T","M","?"],"items_purchased_type":[],"build_version":"2020-12-22","purchased_purges":0,"victory":false,"max_hp_per_floor":[72,82,92,102,112,122,132,142,152,162,172,182,192,202,212,222,232,242,252,262,272,282,292,302,312,322,332,332,332,332],"card_choices":[{"not_picked":["PokerPlayerMod:CloakAndDiamond","PokerPlayerMod:Configure"],"picked":"PokerPlayerMod:Club6","floor":1.0},{"not_picked":["PokerPlayerMod:Club4","PokerPlayerMod:SpadeStrike"],"picked":"PokerPlayerMod:Trickery","floor":3.0},{"not_picked":["PokerPlayerMod:HotShotCut","PokerPlayerMod:MagicTrick"],"picked":"PokerPlayerMod:CardBurn","floor":4.0},{"not_picked":["PokerPlayerMod:Spade3","PokerPlayerMod:Spade1"],"picked":"PokerPlayerMod:Diamond3","floor":5.0},{"not_picked":["PokerPlayerMod:Spade2","PokerPlayerMod:HeartStrike"],"picked":"PokerPlayerMod:Diamond5","floor":7.0},{"not_picked":["PokerPlayerMod:Club6","PokerPlayerMod:ClubsClub"],"picked":"PokerPlayerMod:HeartStrike","floor":11.0},{"not_picked":["PokerPlayerMod:Diamond3","PokerPlayerMod:Extraction"],"picked":"PokerPlayerMod:SpadeStrike","floor":12.0},{"not_picked":["PokerPlayerMod:Heart4","PokerPlayerMod:Diamond1"],"picked":"PokerPlayerMod:Club9","floor":13.0},{"not_picked":["PokerPlayerMod:HotShotCut","PokerPlayerMod:HiddenCard"],"picked":"PokerPlayerMod:FlyingCard","floor":14.0},{"not_picked":["PokerPlayerMod:VarietyAttack","PokerPlayerMod:Spade8"],"picked":"PokerPlayerMod:Heart10+","floor":16.0},{"not_picked":["PokerPlayerMod:Spade2","PokerPlayerMod:Heart2"],"picked":"PokerPlayerMod:Diamond10+","floor":18.0},{"not_picked":["PokerPlayerMod:ClubsClub","PokerPlayerMod:Spade5"],"picked":"PokerPlayerMod:Raise","floor":20.0},{"not_picked":["PokerPlayerMod:Club4","PokerPlayerMod:Configure"],"picked":"PokerPlayerMod:ClubDance","floor":22.0},{"not_picked":["PokerPlayerMod:Diamond7","PokerPlayerMod:RiskyBet+1"],"picked":"PokerPlayerMod:Raise+1","floor":24.0},{"not_picked":["PokerPlayerMod:Overdeal+1","PokerPlayerMod:CardBurn+1"],"picked":"PokerPlayerMod:Trickery+1","floor":25.0},{"not_picked":["PokerPlayerMod:Spade4","PokerPlayerMod:Diamond4"],"picked":"PokerPlayerMod:Sharpen","floor":27.0},{"not_picked":["PokerPlayerMod:FakeSymbols","PokerPlayerMod:Diamond1"],"picked":"PokerPlayerMod:DartThrow","floor":28}],"player_experience":75711,"relics_obtained":[{"floor":9.0,"key":"Darkstone Periapt"},{"floor":13.0,"key":"conspire:GlowingRock"},{"floor":26.0,"key":"HornCleat"}],"event_choices":[{"damage_healed":0.0,"max_hp_gain":0.0,"max_hp_loss":0.0,"gold_gain":0.0,"event_name":"Living Wall","player_choice":"Grow","floor":2.0,"gold_loss":0.0,"damage_taken":0.0,"cards_upgraded":["PokerPlayerMod:Club2"]},{"damage_healed":0.0,"max_hp_gain":0.0,"max_hp_loss":0.0,"gold_gain":0.0,"event_name":"The Woman in Blue","player_choice":"Bought 0 Potions","floor":19.0,"gold_loss":0.0,"damage_taken":0.0},{"damage_healed":0.0,"max_hp_gain":0.0,"max_hp_loss":0.0,"gold_gain":0.0,"event_name":"N\u0027loth","player_choice":"Traded Relic","floor":21.0,"relics_lost":["vexMod:ImprovementManual"],"gold_loss":0.0,"damage_taken":0.0,"relics_obtained":["Nloth\u0027s Gift"]}],"is_beta":false,"boss_relics":[{"not_picked":["construct:WeddingRing","SlaversCollar"],"picked":"vexMod:ImprovementManual"}],"items_purged_floors":[],"is_endless":false,"potions_floor_spawned":[4,5,11,14,16,18,20,22,28],"killed_by":"Snecko","ascension_level":0}}