{"host":"ishme5wb80o83upk","time":1610625262,"event":{"mods":["BaseMod","HololiveMod","Minty Spire (QoL Compilation)","StSLib"],"gold_per_floor":[77,89,100,112,37,64,14,14,14,75,93,122,122,161,161,284,284,310,227,19,19,41,41,45,45],"floor_reached":24,"language":"KOR","playtime":1096,"items_purged":["Hololive_Strike"],"score":505,"play_id":"3698d615-9415-47fc-a6cc-92bf3c1098be","local_time":"20210114205422","is_ascension_mode":true,"campfire_choices":[{"data":"Hololive_CallOzoraSubaru","floor":8.0,"key":"SMITH"},{"data":"Hololive_CallSakuraMiko","floor":15.0,"key":"SMITH"},{"data":"Apotheosis","floor":23,"key":"SMITH"}],"circlet_count":0,"master_deck":["Hololive_Strike","Hololive_Defend","Hololive_CandyCastle","Hololive_CallOzoraSubaru","Hololive_CallRoboco","Hololive_CallOzoraSubaru+1","Hololive_CallMinatoAqua","Hololive_CallMoonaHoshinova","Hololive_WolfAndLamb","Hololive_CallFriendA","Hololive_CallSakuraMiko+1","Hololive_CallHoshimachiSuisei","Hololive_IdolExercise","Hololive_CallAiraniIofifteen","Apotheosis+1"],"relics":["Hololive_TheStar","Happy Flower","Bird Faced Urn","Pear","The Courier","Black Star"],"acts_visited":["Exordium","TheCity"],"potions_floor_usage":[22],"damage_taken":[{"damage":0.0,"enemies":"Small Slimes","floor":1.0,"turns":3.0},{"damage":0.0,"enemies":"Jaw Worm","floor":2.0,"turns":3.0},{"damage":0.0,"enemies":"Cultist","floor":3.0,"turns":3.0},{"damage":0.0,"enemies":"Looter","floor":4.0,"turns":3.0},{"damage":0.0,"enemies":"Gremlin Nob","floor":6.0,"turns":3.0},{"damage":0.0,"enemies":"3 Sentries","floor":10.0,"turns":6.0},{"damage":0.0,"enemies":"Blue Slaver","floor":11.0,"turns":3.0},{"damage":0.0,"enemies":"Lagavulin","floor":12.0,"turns":4.0},{"damage":0.0,"enemies":"Gremlin Nob","floor":14.0,"turns":3.0},{"damage":0.0,"enemies":"The Guardian","floor":16.0,"turns":5.0},{"damage":0.0,"enemies":"Shell Parasite","floor":18.0,"turns":7.0},{"damage":3.0,"enemies":"2 Thieves","floor":19.0,"turns":5.0},{"damage":49,"enemies":"Cultist and Chosen","floor":22,"turns":8},{"damage":10,"enemies":"Book of Stabbing","floor":24,"turns":6}],"seed_played":"5325501205009046966","potions_obtained":[{"floor":3.0,"key":"FearPotion"},{"floor":4.0,"key":"DuplicationPotion"},{"floor":12.0,"key":"Swift Potion"},{"floor":14.0,"key":"Ancient Potion"}],"is_trial":false,"path_per_floor":["M","M","M","M","$","E","?","R","T","E","M","E","?","E","R","B",null,"M","M","$","?","M","R","E"],"character_chosen":"Hololive_HololiveCharacter","items_purchased":["Hololive_CallAiraniIofifteen","Apotheosis"],"campfire_rested":0,"item_purchase_floors":[20,20],"current_hp_per_floor":[32,32,32,32,32,32,32,32,32,32,35,45,45,45,45,45,45,45,45,45,45,6,6,14,14],"gold":45,"neow_bonus":"ONE_RANDOM_RARE_CARD","is_daily":false,"chose_seed":false,"campfire_upgraded":3,"win_rate":0.0,"timestamp":1610625262,"path_taken":["M","M","M","M","$","E","?","R","T","E","M","E","?","E","R","BOSS","M","M","$","?","?","R","E"],"items_purchased_type":["Card","Card"],"build_version":"2020-12-22","purchased_purges":1,"victory":false,"max_hp_per_floor":[35,35,35,35,35,35,35,35,35,35,35,45,45,45,45,45,45,45,45,45,45,45,45,45,45],"card_choices":[{"not_picked":["Hololive_FlyingPonyTail","Hololive_Trident","Hololive_Sequa","Hololive_LuckPotion"],"picked":"SKIP","floor":1.0},{"not_picked":["Hololive_RevenueBasedLive","Hololive_FlyingPonyTail","Hololive_Rebound","Hololive_Drill"],"picked":"SKIP","floor":2.0},{"not_picked":["Hololive_HuntDinosaur","Hololive_CallNatsuiroMatsuri","Hololive_LuckPotion"],"picked":"Hololive_CallFriendA","floor":3.0},{"not_picked":["Hololive_OvertimeWork","Hololive_CallTsunomakiWatame","Hololive_CallOkamiMio"],"picked":"Hololive_CallSakuraMiko","floor":4.0},{"not_picked":["Hololive_HuntDinosaur","Hololive_BeCareful","Hololive_CocoNews"],"picked":"Hololive_CallHoshimachiSuisei","floor":6.0},{"not_picked":["Hololive_CallAkiRosenthal","Hololive_Spy","Hololive_LuckPotion","Hololive_CallDoris"],"picked":"SKIP","floor":10.0},{"not_picked":["Hololive_Breathe","Hololive_CallCivia","Hololive_CallRoboco","Hololive_Drill"],"picked":"SKIP","floor":11.0},{"not_picked":["Hololive_CallHoshimachiSuisei","Hololive_HuntDinosaur","Hololive_Teleport","Hololive_CallUsadaPekora"],"picked":"SKIP","floor":12.0},{"not_picked":["Hololive_Sequa","Hololive_Drill","Hololive_FlyingPonyTail","Hololive_CallTsunomakiWatame"],"picked":"SKIP","floor":14.0},{"not_picked":["Hololive_MaximGun","Hololive_DurableLive","Hololive_StarCraft"],"picked":"Hololive_IdolExercise","floor":16.0},{"not_picked":["Hololive_CallFriendA","Hololive_HuntDinosaur","Hololive_CallShiroganeNoel","Hololive_CallTokoyamiTowa"],"picked":"SKIP","floor":18.0},{"not_picked":["Hololive_FlyingPonyTail+1","Hololive_CallKiryuuCoco","Hololive_CallShiranuiFlare","Hololive_HuntDinosaur"],"picked":"SKIP","floor":19.0},{"not_picked":["Hololive_CocoNews","Hololive_StrengthChampion","Hololive_RevenueBasedLive","Hololive_HuntDinosaur"],"picked":"SKIP","floor":22}],"player_experience":1084024,"relics_obtained":[{"floor":6.0,"key":"Happy Flower"},{"floor":10.0,"key":"Bird Faced Urn"},{"floor":12.0,"key":"Pear"},{"floor":14.0,"key":"The Courier"}],"event_choices":[{"cards_removed":["Hololive_Defend"],"damage_healed":0.0,"max_hp_gain":0.0,"max_hp_loss":0.0,"gold_gain":0.0,"event_name":"The Cleric","player_choice":"Card Removal","floor":7.0,"gold_loss":50.0,"damage_taken":0.0},{"damage_healed":0.0,"max_hp_gain":0.0,"max_hp_loss":0.0,"gold_gain":0.0,"event_name":"Liars Game","player_choice":"Ignored","floor":13.0,"gold_loss":0.0,"damage_taken":0.0},{"damage_healed":0.0,"max_hp_gain":0.0,"max_hp_loss":0.0,"gold_gain":0.0,"event_name":"N\u0027loth","player_choice":"Ignored","floor":21.0,"gold_loss":0.0,"damage_taken":0.0}],"is_beta":false,"boss_relics":[{"not_picked":["Hololive_TopUpMoneyS","Astrolabe"],"picked":"Black Star"}],"items_purged_floors":[5],"is_endless":false,"potions_floor_spawned":[3,4,12,14],"killed_by":"Book of Stabbing","ascension_level":7}}