{"host":"tl8jdqk9pnwb74j1","time":1610625787,"event":{"mods":["BaseMod","BetterRewards","Custom Start","Minty Spire (QoL Compilation)","Shop Mod","StSLib","SuperFastMode"],"gold_per_floor":[115,115,131,14,14,14,31,49,72,72,22,22,77,97,97,200,200,219,219,29,49,23,42,42,42,42,62,94,94,94,112,112,208,208,218,115,115,1,1,1,1,11,57,69,82,0,31,45,45,45],"floor_reached":51,"language":"ZHS","playtime":1420,"items_purged":["Strike_R","Strike_R","Strike_R","Strike_R+1"],"score":960,"play_id":"f4186f49-a002-490e-94b9-1f5fb4b98cc5","local_time":"20210114200307","is_ascension_mode":false,"campfire_choices":[{"data":"Body Slam","floor":6.0,"key":"SMITH"},{"data":"Body Slam","floor":10.0,"key":"SMITH"},{"data":"True Grit","floor":12.0,"key":"SMITH"},{"data":"Berserk","floor":15.0,"key":"SMITH"},{"data":"Juggernaut","floor":24.0,"key":"SMITH"},{"data":"Intimidate","floor":29.0,"key":"SMITH"},{"data":"Flame Barrier","floor":32.0,"key":"SMITH"},{"data":"Impervious","floor":40,"key":"SMITH"},{"data":"Rage","floor":49,"key":"SMITH"}],"circlet_count":0,"master_deck":["Defend_R","Defend_R+1","Defend_R","Intimidate+1","Body Slam+1","Berserk+1","Body Slam+1","True Grit+1","Shrug It Off","Juggernaut+1","Shrug It Off","Shrug It Off","Shockwave","Flame Barrier+1","Impervious+1","Flame Barrier","Rage+1","Hemokinesis","Battle Trance","True Grit+1"],"relics":["Burning Blood","Membership Card","Potion Belt","Coffee Dripper","Mummified Hand","Blood Vial","Mark of Pain","MerchantsRug","Anchor","Bronze Scales","Juzu Bracelet","Ancient Tea Set","Red Mask","Pantograph"],"acts_visited":["Exordium","TheCity","TheBeyond"],"potions_floor_usage":[50,50,50,50],"damage_taken":[{"damage":3.0,"enemies":"Jaw Worm","floor":1.0,"turns":3.0},{"damage":2.0,"enemies":"Small Slimes","floor":3.0,"turns":3.0},{"damage":0.0,"enemies":"2 Louse","floor":7.0,"turns":3.0},{"damage":0.0,"enemies":"Looter","floor":8.0,"turns":4.0},{"damage":14.0,"enemies":"Gremlin Nob","floor":13.0,"turns":4.0},{"damage":4.0,"enemies":"Red Slaver","floor":14.0,"turns":2.0},{"damage":19.0,"enemies":"The Guardian","floor":16.0,"turns":11.0},{"damage":15.0,"enemies":"2 Thieves","floor":18.0,"turns":4.0},{"damage":0.0,"enemies":"Chosen","floor":21.0,"turns":3.0},{"damage":2.0,"enemies":"Shelled Parasite and Fungi","floor":23.0,"turns":4.0},{"damage":3.0,"enemies":"Snake Plant","floor":27.0,"turns":3.0},{"damage":0.0,"enemies":"Gremlin Leader","floor":28.0,"turns":4.0},{"damage":0.0,"enemies":"Centurion and Healer","floor":31.0,"turns":5.0},{"damage":10.0,"enemies":"Champ","floor":33.0,"turns":9.0},{"damage":10.0,"enemies":"Orb Walker","floor":35.0,"turns":4.0},{"damage":2,"enemies":"3 Shapes","floor":42,"turns":4},{"damage":0,"enemies":"3 Darklings","floor":44,"turns":4},{"damage":21,"enemies":"Sphere and 2 Shapes","floor":45,"turns":5},{"damage":6,"enemies":"Giant Head","floor":47,"turns":7},{"damage":9,"enemies":"Writhing Mass","floor":48,"turns":5},{"damage":9,"enemies":"Time Eater","floor":50,"turns":8}],"seed_played":"2484745918512632894","potions_obtained":[{"floor":7.0,"key":"Energy Potion"},{"floor":8.0,"key":"Regen Potion"},{"floor":13.0,"key":"Block Potion"},{"floor":16.0,"key":"GamblersBrew"},{"floor":18.0,"key":"LiquidMemories"},{"floor":23.0,"key":"Strength Potion"},{"floor":44,"key":"Weak Potion"},{"floor":45,"key":"BlessingOfTheForge"},{"floor":47,"key":"FearPotion"},{"floor":48,"key":"AttackPotion"}],"is_trial":false,"path_per_floor":["M","?","M","$","?","R","M","M","T","R","$","R","?","M","R","B",null,"M","?","$","M","$","M","R","?","T","M","E","R","?","M","R","B",null,"M","$","?","$","?","R","$","M","T","M","M","?","E","M","R","B",null],"character_chosen":"IRONCLAD","items_purchased":["Membership Card","Intimidate","Berserk","Mummified Hand","Shrug It Off","MerchantsRug","Anchor","Bronze Scales","Juzu Bracelet"],"campfire_rested":0,"item_purchase_floors":[0,0,4,20,22,36,36,38,38],"current_hp_per_floor":[80,64,68,68,61,61,67,73,73,73,73,73,65,67,67,54,80,71,71,71,77,77,80,80,80,80,80,80,80,80,80,80,76,80,76,76,76,76,76,76,76,80,80,80,65,65,67,66,66,77],"gold":45,"neow_bonus":"","is_daily":false,"chose_seed":false,"campfire_upgraded":9,"win_rate":0.0,"timestamp":1610625787,"path_taken":["M","?","M","$","?","R","M","?","T","R","$","R","?","M","R","BOSS","M","?","$","M","$","M","R","?","T","?","E","R","?","M","R","BOSS","M","$","?","$","?","R","?","M","T","M","M","?","E","M","R","BOSS"],"items_purchased_type":["Relic","Card","Card","Relic","Card","Relic","Relic","Relic","Relic"],"build_version":"2020-12-22","purchased_purges":4,"victory":true,"max_hp_per_floor":[80,80,80,80,80,80,80,80,80,80,80,80,80,80,80,80,80,80,80,80,80,80,80,80,80,80,80,80,80,80,80,80,80,80,80,80,80,80,80,80,80,80,80,80,80,80,80,80,80,80],"card_choices":[{"not_picked":["Clash","Perfected Strike","Havoc"],"picked":"SKIP","floor":1.0},{"not_picked":["Heavy Blade","Shrug It Off"],"picked":"Body Slam","floor":3.0},{"not_picked":["Thunderclap","Clothesline"],"picked":"Body Slam","floor":7.0},{"not_picked":["Anger","Dark Embrace"],"picked":"True Grit","floor":8.0},{"not_picked":["Berserk","Clash"],"picked":"Shrug It Off","floor":14.0},{"not_picked":["Immolate","Bludgeon"],"picked":"Juggernaut","floor":16.0},{"not_picked":["Warcry","Clothesline"],"picked":"Shrug It Off","floor":18.0},{"not_picked":["Carnage","Warcry","True Grit"],"picked":"SKIP","floor":21.0},{"not_picked":["Whirlwind","Thunderclap+1","True Grit"],"picked":"SKIP","floor":23.0},{"not_picked":["Power Through","True Grit","Inflame"],"picked":"SKIP","floor":27.0},{"not_picked":["Brutality","True Grit+1","Headbutt"],"picked":"SKIP","floor":28.0},{"not_picked":["Cleave","Sword Boomerang"],"picked":"Flame Barrier","floor":31.0},{"not_picked":["Demon Form","Feed"],"picked":"Impervious","floor":33.0},{"not_picked":["Anger","Metallicize"],"picked":"Flame Barrier","floor":35.0},{"not_picked":["Bloodletting+1","Wild Strike","Iron Wave"],"picked":"SKIP","floor":42},{"not_picked":["Thunderclap+1","Brutality","Clothesline+1"],"picked":"SKIP","floor":44},{"not_picked":["Shrug It Off","Rupture+1"],"picked":"Battle Trance","floor":45},{"not_picked":["Limit Break","Clash","Spot Weakness+1"],"picked":"SKIP","floor":47},{"not_picked":["Flame Barrier","Havoc"],"picked":"True Grit+1","floor":48}],"player_experience":958119,"relics_obtained":[{"floor":9.0,"key":"Potion Belt"},{"floor":13.0,"key":"Red Skull"},{"floor":26.0,"key":"Blood Vial"},{"floor":28.0,"key":"Orichalcum"},{"floor":43,"key":"Ancient Tea Set"},{"floor":47,"key":"Pantograph"}],"event_choices":[{"damage_healed":0.0,"max_hp_gain":0.0,"max_hp_loss":0.0,"gold_gain":0.0,"event_name":"Shining Light","player_choice":"Entered Light","floor":2.0,"gold_loss":0.0,"damage_taken":16.0,"cards_upgraded":["Defend_R","Strike_R"]},{"cards_removed":["Strike_R"],"damage_healed":0.0,"max_hp_gain":0.0,"max_hp_loss":0.0,"gold_gain":0.0,"event_name":"Golden Wing","player_choice":"Card Removal","floor":5.0,"gold_loss":0.0,"damage_taken":7.0},{"damage_healed":0.0,"max_hp_gain":0.0,"max_hp_loss":0.0,"gold_gain":0.0,"event_name":"Dead Adventurer","player_choice":"Searched \u00271\u0027 times","floor":13.0,"gold_loss":0.0,"damage_taken":0.0},{"damage_healed":0.0,"max_hp_gain":0.0,"max_hp_loss":0.0,"gold_gain":0.0,"event_name":"Ghosts","player_choice":"Ignored","floor":19.0,"gold_loss":0.0,"damage_taken":0.0},{"cards_removed":["Bash"],"damage_healed":0.0,"max_hp_gain":0.0,"max_hp_loss":0.0,"gold_gain":0.0,"event_name":"Bonfire Elementals","player_choice":"Offered Basic","floor":25.0,"gold_loss":0.0,"damage_taken":0.0},{"damage_healed":0.0,"max_hp_gain":0.0,"max_hp_loss":0.0,"gold_gain":0.0,"event_name":"The Library","player_choice":"Read","floor":30.0,"gold_loss":0.0,"damage_taken":0.0,"cards_obtained":["Shockwave"]},{"damage_healed":0,"gold_gain":0,"player_choice":"1 cards matched","damage_taken":0,"max_hp_gain":0,"max_hp_loss":0,"event_name":"Match and Keep!","floor":37,"gold_loss":0,"cards_obtained":["Rage"]},{"damage_healed":0,"gold_gain":0,"cards_transformed":["Defend_R"],"player_choice":"Transformed","damage_taken":0,"max_hp_gain":0,"max_hp_loss":0,"event_name":"Transmorgrifier","floor":39,"gold_loss":0,"cards_obtained":["Hemokinesis"]},{"damage_healed":0,"gold_gain":0,"player_choice":"Paid","damage_taken":0,"relics_obtained":["Red Mask"],"max_hp_gain":0,"max_hp_loss":0,"event_name":"Tomb of Lord Red Mask","floor":46,"gold_loss":82}],"is_beta":false,"boss_relics":[{"not_picked":["Ectoplasm","Black Blood"],"picked":"Coffee Dripper"},{"not_picked":["Runic Dome","Black Star"],"picked":"Mark of Pain"}],"items_purged_floors":[4,11,20,36],"is_endless":false,"potions_floor_spawned":[7,8,13,16,18,23,27,44,45,47,48],"ascension_level":0}}