{"host":"l97fnvmr74b5xfzs","time":1610660733,"event":{"mods":["AchievementEnabler","BaseMod","Better Third Choice","Downfall","Evolution","Minty Spire (QoL Compilation)","Relic Stats","StSLib"],"gold_per_floor":[118,130,55,0,0,0,27,27,27,46,79,91,91,126,126,126,126],"floor_reached":16,"language":"ENG","playtime":1038,"items_purged":[],"score":143,"play_id":"e37d9d8c-bcd5-4d36-878e-de1389e9c8b2","local_time":"20210114164533","is_ascension_mode":false,"campfire_choices":[{"data":"Vault","floor":6,"key":"SMITH"},{"data":"JustLucky","floor":8,"key":"SMITH"},{"data":"Enlightenment","floor":13,"key":"SMITH"},{"data":"Indignation","floor":15,"key":"SMITH"}],"circlet_count":0,"master_deck":["Strike_P","Strike_P","Strike_P","Defend_P","Defend_P","Defend_P","Defend_P","Eruption","Vigilance","Evaluate","FollowUp","JustLucky+1","Crescendo","Enlightenment+1","Vault+1","EmptyFist","Weave","Brilliance","ClearTheMind","Indignation+1"],"relics":["PureWater","EVO:Axolotl","NeowsBlessing","Happy Flower","Matryoshka","Potion Belt","Art of War"],"acts_visited":["Exordium"],"potions_floor_usage":[12,14,14],"damage_taken":[{"damage":0,"enemies":"Cultist","floor":1,"turns":1},{"damage":0,"enemies":"Jaw Worm","floor":2,"turns":1},{"damage":0,"enemies":"3 Sentries","floor":7,"turns":1},{"damage":5,"enemies":"Small Slimes","floor":10,"turns":3},{"damage":18,"enemies":"Lagavulin","floor":11,"turns":7},{"damage":5,"enemies":"Exordium Thugs","floor":12,"turns":5},{"damage":10,"enemies":"Gremlin Nob","floor":14,"turns":4},{"damage":42,"enemies":"Hexaghost","floor":16,"turns":10}],"seed_played":"-2405748469481807558","potions_obtained":[{"floor":1,"key":"ColorlessPotion"},{"floor":11,"key":"sneckomod:MuddlingPotion"},{"floor":12,"key":"Swift Potion"}],"is_trial":false,"path_per_floor":["M","M","$","?","?","R","E","R","T","M","E","M","R","E","R","B"],"character_chosen":"WATCHER","items_purchased":["JustLucky","Crescendo"],"campfire_rested":0,"item_purchase_floors":[3,3],"current_hp_per_floor":[72,72,72,78,78,78,78,78,78,73,55,50,50,40,40,0,0],"gold":126,"neow_bonus":"THREE_ENEMY_KILL","is_daily":false,"chose_seed":false,"campfire_upgraded":4,"win_rate":0.0,"timestamp":1610660733,"path_taken":["M","?","$","?","?","R","E","R","T","M","E","M","R","E","R","BOSS"],"items_purchased_type":["Card","Card"],"build_version":"2020-12-22","purchased_purges":0,"victory":false,"max_hp_per_floor":[72,72,72,78,78,78,78,78,78,78,78,78,78,78,78,78,78],"relic_stats":{"Happy Flower":[9],"counters":[8,32],"Art of War":[1],"obtain_stats":[{"Potion Belt":11,"Matryoshka":9,"NeowsBlessing":0,"Happy Flower":7,"Art of War":14,"EVO:Axolotl":0,"PureWater":0},{"Potion Belt":5,"Matryoshka":3,"NeowsBlessing":0,"Happy Flower":3,"Art of War":7,"EVO:Axolotl":0,"PureWater":0},{"Potion Belt":13,"Matryoshka":3,"NeowsBlessing":0,"Happy Flower":3,"Art of War":22,"EVO:Axolotl":0,"PureWater":0}]},"card_choices":[{"not_picked":["EmptyBody","Halt"],"picked":"Evaluate","floor":1},{"not_picked":["FlyingSleeves","Consecrate"],"picked":"FollowUp","floor":2},{"not_picked":["Adaptation","Fasting2"],"picked":"EmptyFist","floor":7},{"not_picked":["BowlingBash","WreathOfFlame"],"picked":"Weave","floor":10},{"not_picked":["Prostrate","BowlingBash"],"picked":"Brilliance","floor":11},{"not_picked":["BowlingBash","WreathOfFlame"],"picked":"ClearTheMind","floor":12},{"not_picked":["SignatureMove","Consecrate"],"picked":"Indignation","floor":14}],"player_experience":309900,"relics_obtained":[{"floor":7,"key":"Happy Flower"},{"floor":9,"key":"Matryoshka"},{"floor":11,"key":"Potion Belt"},{"floor":14,"key":"Art of War"}],"event_choices":[{"damage_healed":0,"gold_gain":0,"player_choice":"RENOUNCE","damage_taken":55,"max_hp_gain":0,"max_hp_loss":0,"event_name":"betterThird:BetterSerpent","floor":4,"gold_loss":55,"cards_obtained":["Enlightenment"]},{"damage_healed":0,"gold_gain":0,"cards_transformed":["Strike_P"],"player_choice":"Transformed","damage_taken":0,"max_hp_gain":0,"max_hp_loss":0,"event_name":"Transmorgrifier","floor":5,"gold_loss":0,"cards_obtained":["Vault"]}],"is_beta":false,"boss_relics":[],"items_purged_floors":[],"is_endless":false,"potions_floor_spawned":[1,11,12],"killed_by":"Hexaghost","ascension_level":0}}