{"host":"6jtzbi9kl8x9w6dt","time":1610601167,"event":{"mods":["Act Like it!","Aspiration","BaseMod","BetterRewards","Colored Powertips","Defuse TimeMaze Blight","Downfall","Friendly Minions","Halation","Hallownest","Hermit","Hubris","Marisa????????","Mimic Mod","Minty Spire (QoL Compilation)","Prisma Mod","READ ME - Guardian Mod","StSLib","SuperFastMode","Td1madao Mod","The Animator","The Bladedancer","The Construct","The Cursed","The Disciple","The Hierophant","The Mystic","The Necromancer","The Senshi","The Servant 0.9.4"],"gold_per_floor":[99,109,109,126,33,50,75,0,30,42,42,56,56,72,85,85,85],"floor_reached":16,"language":"ENG","playtime":571,"items_purged":[],"score":119,"play_id":"53f9f1da-a4b6-47a4-af68-5b88a952ebcd","local_time":"20210113211247","is_ascension_mode":false,"campfire_choices":[{"data":"theSenshi:MoonPrismPowerMakeUp","floor":1,"key":"SMITH"},{"floor":8,"key":"RECALL"},{"data":"theSenshi:CrisisMakeUp","floor":13,"key":"SMITH"}],"circlet_count":0,"master_deck":["theSenshi:SailorKick","theSenshi:SailorKick","theSenshi:SailorKick","theSenshi:SailorKick","theSenshi:SailorBlock","theSenshi:SailorBlock","theSenshi:SailorBlock","theSenshi:SailorBlock","theSenshi:RoseThrow","theSenshi:TuxedoMaskAssists","theSenshi:MoonTwilightFlash","theSenshi:CrisisMakeUp+1","theSenshi:SailorV","hubris:DuctTapeCard","theSenshi:LunasBite","theSenshi:IWillPunishYou","theSenshi:SailorUranusAssists","theSenshi:MoonPrincessHalation"],"relics":["theSenshi:TransformationBroochRelic","downfall:HeartBlessingBlue","hubris:DuctTape","hubris:Icosahedron"],"acts_visited":["Exordium"],"potions_floor_usage":[15,16,16],"damage_taken":[{"damage":0,"enemies":"Cultist","floor":2,"turns":5},{"damage":2,"enemies":"Jaw Worm","floor":4,"turns":4},{"damage":0,"enemies":"downfall:FleeingMerchant","floor":5,"turns":4},{"damage":8,"enemies":"Small Slimes","floor":6,"turns":3},{"damage":12,"enemies":"Red Slaver","floor":10,"turns":4},{"damage":13,"enemies":"3 Louse","floor":12,"turns":3},{"damage":17,"enemies":"Blue Slaver","floor":14,"turns":4},{"damage":0,"enemies":"Large Slime","floor":15,"turns":5},{"damage":40,"enemies":"downfall:Defect","floor":16,"turns":5}],"seed_played":"-8516919479594050672","potions_obtained":[{"floor":2,"key":"Dexterity Potion"},{"floor":3,"key":"BlessingOfTheForge"},{"floor":3,"key":"BlessingOfTheForge"},{"floor":3,"key":"FearPotion"},{"floor":14,"key":"DistilledChaos"}],"is_trial":false,"path_per_floor":["R","M","?","M","$","M","T","R","?","M","?","M","R","M","M","B"],"character_chosen":"THE_SENSHI","items_purchased":["theSenshi:MoonCrisisMakeUp"],"campfire_rested":0,"item_purchase_floors":[5],"current_hp_per_floor":[82,82,82,80,80,72,72,82,82,70,70,57,57,40,40,0,0],"gold":85,"neow_bonus":"TEN_PERCENT_HP_BONUS","is_daily":false,"chose_seed":false,"campfire_upgraded":2,"win_rate":0.0,"timestamp":1610601167,"path_taken":["R","M","?","?","$","M","T","R","?","M","?","M","R","M","M","BOSS"],"items_purchased_type":["Card"],"build_version":"2020-12-22","purchased_purges":0,"victory":false,"max_hp_per_floor":[82,82,82,82,82,82,82,92,92,92,92,92,92,92,92,92,92],"card_choices":[{"not_picked":["theSenshi:KlutzyLuck","theSenshi:MoonCrystalPowerMakeUp"],"picked":"theSenshi:TuxedoMaskAssists","floor":2},{"not_picked":["theSenshi:YouCanTalk","theSenshi:HesSoDreamy"],"picked":"theSenshi:MoonTwilightFlash","floor":4},{"not_picked":["theSenshi:MoonPunch","theSenshi:SailorNeptuneAssists"],"picked":"theSenshi:CrisisMakeUp","floor":5},{"not_picked":["theSenshi:UranusStrength","theSenshi:SupersonicWaves"],"picked":"theSenshi:SailorV","floor":6},{"not_picked":["theSenshi:Sidestep","theSenshi:LateForSchool"],"picked":"theSenshi:LunasBite","floor":10},{"not_picked":["theSenshi:GatheringStrength","theSenshi:LunasBite"],"picked":"theSenshi:IWillPunishYou","floor":12},{"not_picked":["theSenshi:LunasBite","theSenshi:TallSilhouette"],"picked":"theSenshi:SailorUranusAssists","floor":14},{"not_picked":["theSenshi:SupersonicWaves","theSenshi:SailorMercuryAssists"],"picked":"theSenshi:MoonPrincessHalation","floor":15}],"player_experience":70825,"relics_obtained":[],"event_choices":[{"damage_healed":0,"gold_gain":0,"player_choice":"Got Potions","damage_taken":0,"max_hp_gain":0,"max_hp_loss":0,"event_name":"Lab","floor":3,"gold_loss":0}],"is_beta":false,"boss_relics":[],"items_purged_floors":[],"is_endless":false,"potions_floor_spawned":[2,4,10,12,14],"killed_by":"downfall:Defect","ascension_level":0}}