{"host":"uxq2rly8rxtwffuf","time":1610615966,"event":{"mods":["BaseMod","Koishi","Minty Spire (QoL Compilation)","StSLib","The Servant 0.9.4"],"gold_per_floor":[115,40,40,50,62,62,94,94,94,107,127,138,138,138,138,240,240,251,251,270,288,44,44,44],"floor_reached":23,"language":"ENG","playtime":769,"items_purged":["Defend_R","Strike_R"],"score":290,"play_id":"230a9ee9-b0db-4d51-926b-64f44939c34b","local_time":"20210114121926","is_ascension_mode":true,"campfire_choices":[{"data":"Uppercut","floor":6,"key":"SMITH"},{"data":"True Grit","floor":13,"key":"SMITH"},{"floor":15,"key":"RECALL"}],"circlet_count":0,"master_deck":["AscendersBane","Strike_R","Strike_R","Defend_R","Defend_R","Defend_R","Bash+1","Uppercut+1","True Grit+1","Flame Barrier","Spot Weakness","Dropkick+1","Offering","Shrug It Off+1","Sword Boomerang+1"],"relics":["Burning Blood","Mercury Hourglass","Paper Frog","SacredBark","HandDrill"],"acts_visited":["Exordium","TheCity"],"potions_floor_usage":[7,7,18,23],"damage_taken":[{"damage":2,"enemies":"Jaw Worm","floor":1,"turns":4},{"damage":4,"enemies":"Cultist","floor":4,"turns":4},{"damage":1,"enemies":"Small Slimes","floor":5,"turns":4},{"damage":23,"enemies":"Lagavulin","floor":7,"turns":5},{"damage":0,"enemies":"2 Fungi Beasts","floor":10,"turns":3},{"damage":5,"enemies":"Gremlin Gang","floor":11,"turns":4},{"damage":12,"enemies":"Large Slime","floor":12,"turns":6},{"damage":31,"enemies":"The Guardian","floor":16,"turns":8},{"damage":18,"enemies":"2 Thieves","floor":18,"turns":4},{"damage":20,"enemies":"Spheric Guardian","floor":20,"turns":4},{"damage":16,"enemies":"Cultist and Chosen","floor":21,"turns":7},{"damage":35,"enemies":"Gremlin Leader","floor":23,"turns":5}],"seed_played":"1308829953691749393","potions_obtained":[{"floor":4,"key":"AttackPotion"},{"floor":5,"key":"Strength Potion"},{"floor":16,"key":"Block Potion"},{"floor":18,"key":"Dexterity Potion"},{"floor":20,"key":"ElixirPotion"}],"is_trial":false,"path_per_floor":["M","$","?","M","M","R","E","T","T","M","M","M","R","?","R","B",null,"M","?","M","M","$","E"],"character_chosen":"IRONCLAD","items_purchased":["HandDrill"],"campfire_rested":0,"item_purchase_floors":[22],"current_hp_per_floor":[76,76,76,78,80,80,63,63,63,69,70,64,64,48,48,23,66,54,54,40,30,30,0,0],"gold":44,"neow_bonus":"TRANSFORM_CARD","is_daily":false,"chose_seed":false,"campfire_upgraded":2,"win_rate":0.0,"timestamp":1610615966,"path_taken":["M","$","?","?","M","R","E","?","T","M","M","M","R","?","R","BOSS","M","?","M","M","$","E"],"items_purchased_type":["Relic"],"build_version":"2020-12-22","purchased_purges":2,"victory":false,"max_hp_per_floor":[80,80,80,80,80,80,80,80,80,80,80,80,80,80,80,80,80,80,80,80,80,80,80,80],"card_choices":[{"not_picked":["Havoc","Perfected Strike"],"picked":"True Grit","floor":1},{"not_picked":["Intimidate","Sever Soul","Dark Embrace"],"picked":"SKIP","floor":4},{"not_picked":["Clash","Battle Trance"],"picked":"Spot Weakness","floor":5},{"not_picked":["Sentinel","Clothesline"],"picked":"Dropkick","floor":7},{"not_picked":["Corruption","Reckless Charge","Wild Strike"],"picked":"SKIP","floor":10},{"not_picked":["Clothesline","Infernal Blade","Uppercut"],"picked":"SKIP","floor":11},{"not_picked":["Clash","Pommel Strike","Sword Boomerang"],"picked":"SKIP","floor":12},{"not_picked":["Double Tap","Impervious"],"picked":"Offering","floor":16},{"not_picked":["Rupture","Rage","True Grit"],"picked":"SKIP","floor":18},{"not_picked":["True Grit","Carnage"],"picked":"Shrug It Off+1","floor":20},{"not_picked":["Heavy Blade","Body Slam"],"picked":"Sword Boomerang+1","floor":21}],"player_experience":1401041,"relics_obtained":[{"floor":7,"key":"Mercury Hourglass"},{"floor":8,"key":"Paper Frog"}],"event_choices":[{"damage_healed":0,"gold_gain":0,"cards_transformed":["Strike_R"],"player_choice":"Transformed","damage_taken":0,"max_hp_gain":0,"max_hp_loss":0,"event_name":"Transmorgrifier","floor":3,"gold_loss":0,"cards_obtained":["Flame Barrier"]},{"damage_healed":0,"gold_gain":0,"player_choice":"Entered Light","damage_taken":16,"max_hp_gain":0,"max_hp_loss":0,"event_name":"Shining Light","floor":14,"gold_loss":0,"cards_upgraded":["Bash","Dropkick"]},{"damage_healed":0,"gold_gain":0,"player_choice":"Ignored","damage_taken":0,"max_hp_gain":0,"max_hp_loss":0,"event_name":"Vampires","floor":19,"gold_loss":0}],"is_beta":false,"boss_relics":[{"not_picked":["Coffee Dripper","Snecko Eye"],"picked":"SacredBark"}],"items_purged_floors":[2,22],"is_endless":false,"potions_floor_spawned":[4,5,16,18,20],"killed_by":"Gremlin Leader","ascension_level":10}}