{"host":"53xtucduyxlgsr8b","time":1610595442,"event":{"mods":["BaseMod","Colored Map","Colored Powertips","Downfall","Hermit","Highlight Path","Marisa£®ÏF”Í°°ƒß¿Ì…≥£©","Minty Spire (QoL Compilation)","Quick Restart","READ ME - Guardian Mod","StSLib","The Cursed","The Hierophant","The Servant 0.9.4"],"gold_per_floor":[119,135,43,60,60,60,93,40,40,53,63,63,82,93,93,192,192,207,221,555,573,592,618,629,656,656,656,45,200,217,246,246,350,350,364,270,280,319,319,354,370,370,450,460,460,488,488,500,500,500,500,500],"floor_reached":50,"language":"ZHS","playtime":3177,"items_purged":["Guardian:Strike_Guardian","Guardian:Strike_Guardian","Guardian:Defend_Guardian"],"score":641,"play_id":"9d19bbab-2f73-4ec5-85fd-5a226261611c","local_time":"20210114113722","is_ascension_mode":false,"campfire_choices":[{"data":"Guardian:BaubleBeam","floor":6.0,"key":"SMITH"},{"floor":12.0,"key":"RECALL"},{"data":"Guardian:GatlingBeam","floor":15.0,"key":"SMITH"},{"data":"Guardian:PrismaticBeam","floor":27.0,"key":"SMITH"},{"data":"Guardian:PiercingHide","floor":29.0,"key":"SMITH"},{"data":"Guardian:CurlUp","floor":32.0,"key":"SMITH"},{"data":"Guardian:BronzeOrb","floor":42.0,"key":"SMITH"},{"data":"Guardian:RollAttack","floor":47.0,"key":"SMITH"},{"data":"Guardian:EvasiveProtocol","floor":49.0,"key":"SMITH"}],"circlet_count":0,"master_deck":["Guardian:Strike_Guardian+1","Guardian:Strike_Guardian","Guardian:Defend_Guardian+1","Guardian:Defend_Guardian+1","Guardian:Defend_Guardian","Guardian:CurlUp+1","Guardian:TwinSlam","Guardian:PiercingHide+1","Guardian:BaubleBeam+1","Guardian:GatlingBeam+1","Guardian:PrismaticBarrier+1","Guardian:SpikerProtocol+1","Guardian:CrystalBeam","Guardian:SentryBeam","Madness+1","Guardian:VentSteam+1","Guardian:EvasiveProtocol+1","Guardian:Planning+1","Guardian:GatlingBeam+1","Guardian:Suspension+1","Guardian:StasisStrike","Guardian:PrismaticBeam+1","Guardian:TemporalStrike","Guardian:BronzeArmor+1","Guardian:Emergency+1","Guardian:ExploitGems+1","Guardian:MultiBeam","Guardian:RollAttack+1","Guardian:BronzeOrb+1","Guardian:BronzeArmor+1","Guardian:FloatingOrbs+1","Writhe","Guardian:Clone+1"],"relics":["Guardian:ModeShifter","NeowsBlessing","Toxic Egg 2","ClockworkSouvenir","Bottled Lightning","Pantograph","Letter Opener","Coffee Dripper","War Paint","DollysMirror","Oddly Smooth Stone","Happy Flower","Question Card","Guardian:DefensiveModeMoreBlock","Shuriken","PreservedInsect","Runic Pyramid","Ornamental Fan","Strange Spoon","Strawberry","Orichalcum","Medical Kit","WingedGreaves","Molten Egg 2","Centennial Puzzle"],"acts_visited":[],"potions_floor_usage":[],"damage_taken":[{"damage":0.0,"enemies":"Jaw Worm","floor":1.0,"turns":1.0},{"damage":0.0,"enemies":"Small Slimes","floor":2.0,"turns":1.0},{"damage":0.0,"enemies":"Cultist","floor":4.0,"turns":1.0},{"damage":29.0,"enemies":"3 Sentries","floor":7.0,"turns":8.0},{"damage":17.0,"enemies":"Gremlin Gang","floor":10.0,"turns":6.0},{"damage":1.0,"enemies":"Exordium Wildlife","floor":11.0,"turns":4.0},{"damage":0.0,"enemies":"Lots of Slimes","floor":13.0,"turns":3.0},{"damage":6.0,"enemies":"Blue Slaver","floor":14.0,"turns":3.0},{"damage":8.0,"enemies":"Slime Boss","floor":16.0,"turns":10.0},{"damage":14.0,"enemies":"2 Thieves","floor":18.0,"turns":3.0},{"damage":0.0,"enemies":"Chosen","floor":19.0,"turns":3.0},{"damage":2.0,"enemies":"Centurion and Healer","floor":21.0,"turns":6.0},{"damage":3.0,"enemies":"Snake Plant","floor":22.0,"turns":3.0},{"damage":22.0,"enemies":"Gremlin Leader","floor":23.0,"turns":7.0},{"damage":8.0,"enemies":"Sentry and Sphere","floor":24.0,"turns":5.0},{"damage":14.0,"enemies":"Slavers","floor":25.0,"turns":5.0},{"damage":0.0,"enemies":"Shelled Parasite and Fungi","floor":30.0,"turns":3.0},{"damage":10.0,"enemies":"Book of Stabbing","floor":31.0,"turns":4.0},{"damage":16.0,"enemies":"Automaton","floor":33.0,"turns":8.0},{"damage":1.0,"enemies":"3 Darklings","floor":35.0,"turns":3.0},{"damage":12.0,"enemies":"Orb Walker","floor":37.0,"turns":3.0},{"damage":1.0,"enemies":"Nemesis","floor":40.0,"turns":5.0},{"damage":4.0,"enemies":"Spire Growth","floor":41.0,"turns":4.0},{"damage":4.0,"enemies":"Transient","floor":44.0,"turns":5.0},{"damage":55.0,"enemies":"Reptomancer","floor":46.0,"turns":3.0},{"damage":1.0,"enemies":"Maw","floor":48.0,"turns":5.0},{"damage":0,"enemies":"Awakened One","floor":50,"turns":1}],"seed_played":"-58585194770584536","potions_obtained":[{"floor":7.0,"key":"Regen Potion"},{"floor":10.0,"key":"Poison Potion"},{"floor":13.0,"key":"GamblersBrew"},{"floor":16.0,"key":"Poison Potion"},{"floor":19.0,"key":"Regen Potion"},{"floor":22.0,"key":"EssenceOfSteel"},{"floor":23.0,"key":"SkillPotion"},{"floor":30.0,"key":"Swift Potion"},{"floor":31.0,"key":"LiquidBronze"},{"floor":33.0,"key":"Poison Potion"},{"floor":40.0,"key":"Swift Potion"},{"floor":44.0,"key":"Fruit Juice"},{"floor":46.0,"key":"AttackPotion"}],"is_trial":false,"path_per_floor":["M","M","$","M","?","R","E","?","T","M","M","R","M","M","R","B",null,"M","M","$","M","M","E","M","E","T","R","$","R","M","E","R","B",null,"M","$","M","$","?","E","M","R","T","M","?","E","R","M","R","B"],"character_chosen":"GUARDIAN","items_purchased":["Guardian:BaubleBeam","Guardian:GatlingBeam","Toxic Egg 2","ClockworkSouvenir","Guardian:PrismaticBarrier+1","Guardian:SpikerProtocol","Bottled Lightning","War Paint","Guardian:Gem_Red","Guardian:EvasiveProtocol","Guardian:Planning+1","DollysMirror","Guardian:DefensiveModeMoreBlock","Shuriken","Guardian:BronzeArmor+1","Guardian:Emergency+1","Regen Potion","Guardian:Gem_Synthetic","Ornamental Fan","Strange Spoon","Strawberry","Orichalcum","Guardian:RollAttack","Medical Kit","WingedGreaves","Regen Potion","Guardian:BronzeOrb"],"campfire_rested":0,"item_purchase_floors":[3,3,3,3,3,3,3,20,20,20,20,20,28,28,28,28,28,36,36,36,36,38,38,38,38,38,38],"current_hp_per_floor":[80,80,80,80,64,64,35,35,35,27,26,26,26,20,20,37,80,66,66,66,64,73,51,43,29,29,29,29,29,34,24,24,33,80,79,86,74,74,74,73,69,69,69,70,92,37,37,36,36,61,61,61],"gold":500,"neow_bonus":"THREE_ENEMY_KILL","is_daily":false,"chose_seed":false,"campfire_upgraded":8,"win_rate":0.0,"timestamp":1610595442,"path_taken":["M","M","$","M","?","R","E","?","T","?","M","R","M","M","R","BOSS","M","M","$","M","M","E","?","E","T","R","$","R","M","E","R","BOSS","M","$","M","$","?","E","?","R","T","M","?","E","R","M","R","BOSS"],"items_purchased_type":["Card","Card","Relic","Relic","Card","Card","Relic","Relic","Card","Card","Card","Relic","Relic","Relic","Card","Card","Potion","Card","Relic","Relic","Relic","Relic","Card","Relic","Relic","Potion","Card"],"build_version":"2020-12-22","purchased_purges":3,"victory":false,"max_hp_per_floor":[80,80,80,80,80,80,80,80,80,80,80,80,80,80,80,80,80,80,80,80,80,80,80,80,80,80,80,80,80,80,80,80,80,80,80,87,87,87,87,87,87,87,87,92,92,92,92,92,92,92,92,92],"card_choices":[{"not_picked":["Guardian:ChargeCore","Guardian:Recover"],"picked":"Guardian:PiercingHide","floor":1.0},{"not_picked":["Guardian:FloatingOrbs","Guardian:BronzeOrb"],"picked":"Guardian:Gem_Crimson","floor":2.0},{"not_picked":["Guardian:Planning+1","Guardian:PrimingBeam"],"picked":"Guardian:CrystalBeam","floor":4.0},{"not_picked":["Guardian:HyperBeam_Guardian","Guardian:PolyBeam"],"picked":"Guardian:Gem_Fragmented","floor":7.0},{"not_picked":["Guardian:TimeCapacitor","Guardian:TimeBomb+1"],"picked":"Guardian:SentryBeam","floor":10.0},{"not_picked":["Guardian:Gem_Green","Guardian:TemporalShield+1"],"picked":"Guardian:Gem_Purple","floor":11.0},{"not_picked":["Guardian:WalkerClaw","Guardian:TemporalStrike"],"picked":"Guardian:Gem_Crimson","floor":13.0},{"not_picked":["Guardian:Repulse","Guardian:WalkerClaw"],"picked":"Guardian:Gem_White","floor":14.0},{"not_picked":["Guardian:ConstructionForm","Guardian:HyperBeam_Guardian"],"picked":"Guardian:WeakpointTargeting+1","floor":16.0},{"not_picked":["Guardian:DecasProtection+1","Guardian:PrimingBeam"],"picked":"Guardian:VentSteam+1","floor":18.0},{"not_picked":["Guardian:SpikerProtocol","Guardian:TimeBomb+1"],"picked":"Guardian:Gem_Fragmented","floor":19.0},{"not_picked":["Guardian:Planning+1","Guardian:ArmoredProtocol"],"picked":"Guardian:Suspension+1","floor":21.0},{"not_picked":["Guardian:TemporalShield+1","Guardian:ArmoredProtocol"],"picked":"Guardian:StasisStrike","floor":22.0},{"not_picked":["Guardian:Incinerate","Guardian:Planning+1"],"picked":"Guardian:Gem_Crimson","floor":23.0},{"not_picked":["Guardian:SentryBeam","Guardian:WalkerClaw"],"picked":"Guardian:PrismaticBeam","floor":24.0},{"not_picked":["Guardian:Gem_White","Guardian:PrismaticBeam"],"picked":"Guardian:TemporalStrike","floor":25.0},{"not_picked":["Guardian:Gem_Blue","Guardian:PolyBeam","Guardian:Gem_Cyan"],"picked":"Guardian:Gem_White","floor":30.0},{"not_picked":["Guardian:FloatingOrbs","Guardian:Reroute+1","Guardian:RevengeProtocol"],"picked":"Guardian:Gem_White","floor":31.0},{"not_picked":["Guardian:TimeSifter","Guardian:ConstructionForm","Guardian:HyperBeam_Guardian"],"picked":"Guardian:ExploitGems+1","floor":33.0},{"not_picked":["Guardian:Gem_White","Guardian:Planning+1","Guardian:Suspension+1"],"picked":"Guardian:MultiBeam","floor":35.0},{"not_picked":["Guardian:SentryBeam+1","Guardian:Planning+1","Guardian:ChargeCore"],"picked":"Guardian:Gem_Red","floor":37.0},{"not_picked":["Guardian:Incinerate+1","Guardian:Clone+1","Guardian:CrystalBeam+1"],"picked":"Guardian:BronzeArmor+1","floor":40.0},{"not_picked":["Guardian:ChargeCore","Guardian:Reroute","Guardian:BaubleBeam"],"picked":"Guardian:Gem_Red","floor":41.0},{"not_picked":["Guardian:Gem_Crimson","Guardian:DonusPower+1","Guardian:TemporalStrike+1"],"picked":"Guardian:FloatingOrbs+1","floor":44.0},{"not_picked":["Guardian:MultiBeam+1","Guardian:Recover+1","Guardian:TimeCapacitor"],"picked":"Guardian:Gem_Orange","floor":46.0},{"not_picked":["Guardian:EvasiveProtocol+1","Guardian:ChargeCore+1","Guardian:TimeBomb+1"],"picked":"Guardian:Clone+1","floor":48.0}],"player_experience":66961,"relics_obtained":[{"floor":7.0,"key":"Pantograph"},{"floor":23.0,"key":"Oddly Smooth Stone"},{"floor":25.0,"key":"Happy Flower"},{"floor":26.0,"key":"Question Card"},{"floor":31.0,"key":"PreservedInsect"},{"floor":43.0,"key":"Molten Egg 2"},{"floor":46.0,"key":"Centennial Puzzle"}],"event_choices":[{"damage_healed":0.0,"max_hp_gain":0.0,"max_hp_loss":0.0,"gold_gain":0.0,"event_name":"Shining Light","player_choice":"Entered Light","floor":5.0,"gold_loss":0.0,"damage_taken":16.0,"cards_upgraded":["Guardian:SpikerProtocol","Guardian:Strike_Guardian"]},{"damage_healed":0.0,"max_hp_gain":0.0,"max_hp_loss":0.0,"gold_gain":0.0,"event_name":"WeMeetAgain","player_choice":"Paid Gold","floor":8.0,"gold_loss":53.0,"damage_taken":0.0,"relics_obtained":["Letter Opener"]},{"damage_healed":23.0,"max_hp_gain":0.0,"max_hp_loss":0.0,"gold_gain":0.0,"event_name":"Winding Halls","player_choice":"Writhe","floor":45.0,"gold_loss":0.0,"damage_taken":0.0,"cards_obtained":["Writhe"]}],"is_beta":false,"boss_relics":[{"not_picked":["Cursed Key","Snecko Eye"],"picked":"Coffee Dripper"},{"not_picked":["Lizard Tail","Fusion Hammer"],"picked":"Runic Pyramid"}],"items_purged_floors":[3,20,36],"is_endless":false,"potions_floor_spawned":[7,10,13,16,19,22,23,30,31,33,40,44,46],"killed_by":"Awakened One","ascension_level":0}}