{"host":"6bsan6hkua32tfq7","time":1610592381,"event":{"mods":["BaseMod","Better Third Choice","Colored Map","Highlight Path","Minty Spire (QoL Compilation)","StSLib"],"gold_per_floor":[114,39,39,39,57,82,82,112,137,153,153,179,229,249,249,320,320,333,344,344,269,287,287,317,331,386,398,398,398],"floor_reached":28,"language":"ENG","playtime":911,"items_purged":["Strike_R"],"score":566,"play_id":"753dcf7a-23f0-4194-b545-0c97f2c16931","local_time":"20210114034621","is_ascension_mode":true,"campfire_choices":[{"data":"Blood for Blood","floor":11,"key":"SMITH"},{"floor":15,"key":"REST"},{"floor":23,"key":"REST"}],"circlet_count":0,"master_deck":["AscendersBane","Defend_R","Defend_R","Bash","Metallicize","Heavy Blade","Blood for Blood+1","Dark Embrace+1","True Grit","True Grit","Headbutt","Corruption+1","Thunderclap+1","Shrug It Off+1","Limit Break+1","Flame Barrier","Shockwave","Armaments","Rupture+1","Armaments","Armaments+1"],"relics":["Burning Blood","NeowsBlessing","Blood Vial","Frozen Egg 2","Regal Pillow","Boot","Astrolabe","Pantograph","Anchor"],"acts_visited":["Exordium","TheCity"],"potions_floor_usage":[12,16,24,27,28],"damage_taken":[{"damage":0,"enemies":"2 Louse","floor":1,"turns":1},{"damage":0,"enemies":"Small Slimes","floor":5,"turns":1},{"damage":0,"enemies":"3 Sentries","floor":6,"turns":2},{"damage":29,"enemies":"Gremlin Nob","floor":8,"turns":4},{"damage":4,"enemies":"Jaw Worm","floor":10,"turns":5},{"damage":33,"enemies":"Lagavulin","floor":12,"turns":8},{"damage":14,"enemies":"2 Fungi Beasts","floor":14,"turns":4},{"damage":68,"enemies":"Slime Boss","floor":16,"turns":15},{"damage":18,"enemies":"3 Byrds","floor":18,"turns":5},{"damage":19,"enemies":"Shell Parasite","floor":19,"turns":5},{"damage":22,"enemies":"Centurion and Healer","floor":22,"turns":6},{"damage":28,"enemies":"Gremlin Leader","floor":24,"turns":6},{"damage":20,"enemies":"Snake Plant","floor":25,"turns":5},{"damage":26,"enemies":"Cultist and Chosen","floor":27,"turns":6},{"damage":21,"enemies":"Shelled Parasite and Fungi","floor":28,"turns":4}],"seed_played":"4206491238962573831","potions_obtained":[{"floor":6,"key":"Weak Potion"},{"floor":8,"key":"Block Potion"},{"floor":22,"key":"SteroidPotion"},{"floor":24,"key":"SkillPotion"},{"floor":25,"key":"LiquidBronze"}],"is_trial":false,"path_per_floor":["M","$","?","?","M","E","$","E","T","M","R","E","?","M","R","B",null,"M","M","?","?","M","R","E","M","T","M","M"],"character_chosen":"IRONCLAD","items_purchased":[],"campfire_rested":2,"item_purchase_floors":[],"current_hp_per_floor":[74,74,67,72,78,80,80,57,57,61,61,36,36,30,69,9,62,52,41,41,41,27,66,46,34,34,16,0,0],"gold":398,"neow_bonus":"THREE_ENEMY_KILL","is_daily":false,"chose_seed":false,"campfire_upgraded":1,"win_rate":0.0,"timestamp":1610592381,"path_taken":["M","$","?","?","M","E","?","E","T","M","R","E","?","?","R","BOSS","M","M","?","?","M","R","E","M","T","M","M"],"items_purchased_type":[],"build_version":"2020-12-22","purchased_purges":1,"victory":false,"max_hp_per_floor":[75,75,75,80,80,80,80,80,80,80,80,80,80,80,80,80,80,80,80,80,80,80,80,80,80,80,80,80,80],"card_choices":[{"not_picked":["Armaments","Inflame"],"picked":"Metallicize","floor":1},{"not_picked":["Infernal Blade","Warcry"],"picked":"Heavy Blade","floor":5},{"not_picked":["Sentinel","Wild Strike"],"picked":"Blood for Blood","floor":6},{"not_picked":["Headbutt","Perfected Strike"],"picked":"Dark Embrace+1","floor":8},{"not_picked":["Rupture+1","Clothesline"],"picked":"True Grit","floor":10},{"not_picked":["Headbutt","Hemokinesis"],"picked":"True Grit","floor":12},{"not_picked":["Second Wind","Warcry"],"picked":"Headbutt","floor":14},{"not_picked":["Impervious","Exhume"],"picked":"Corruption+1","floor":16},{"not_picked":["Anger","Sword Boomerang"],"picked":"Flame Barrier","floor":18},{"not_picked":["Rage","Perfected Strike"],"picked":"Shockwave","floor":19},{"not_picked":["Havoc","Entrench"],"picked":"Armaments","floor":22},{"not_picked":["Seeing Red","Havoc"],"picked":"Rupture+1","floor":24},{"not_picked":["Perfected Strike","Inflame+1"],"picked":"Armaments","floor":25},{"not_picked":["Heavy Blade","Clash"],"picked":"Armaments+1","floor":27}],"player_experience":5270341,"relics_obtained":[{"floor":6,"key":"Blood Vial"},{"floor":8,"key":"Frozen Egg 2"},{"floor":9,"key":"Regal Pillow"},{"floor":12,"key":"Boot"},{"floor":24,"key":"Pantograph"},{"floor":26,"key":"Anchor"}],"event_choices":[{"cards_removed":["Defend_R"],"damage_healed":0,"gold_gain":0,"player_choice":"Card Removal","damage_taken":7,"max_hp_gain":0,"max_hp_loss":0,"event_name":"Golden Wing","floor":3,"gold_loss":0},{"damage_healed":0,"gold_gain":0,"player_choice":"Donut","damage_taken":0,"max_hp_gain":5,"max_hp_loss":0,"event_name":"Big Fish","floor":4,"gold_loss":0},{"damage_healed":0,"gold_gain":50,"player_choice":"Pray","damage_taken":0,"max_hp_gain":0,"max_hp_loss":0,"event_name":"Golden Shrine","floor":13,"gold_loss":0},{"cards_removed":["Strike_R"],"damage_healed":0,"gold_gain":0,"player_choice":"Elegance","damage_taken":0,"max_hp_gain":0,"max_hp_loss":0,"event_name":"betterThird:BetterWriting","floor":20,"gold_loss":0},{"cards_removed":["Defend_R"],"damage_healed":0,"gold_gain":0,"player_choice":"Gave Gold","damage_taken":0,"max_hp_gain":0,"max_hp_loss":0,"event_name":"Beggar","floor":21,"gold_loss":75}],"is_beta":false,"boss_relics":[{"not_picked":["Black Star","Black Blood"],"picked":"Astrolabe"}],"items_purged_floors":[2],"is_endless":false,"potions_floor_spawned":[6,8,10,22,24,25],"killed_by":"Shelled Parasite and Fungi","ascension_level":20}}