{"host":"ecaj4hn004xnnrw9","time":1610629240,"event":{"mods":["AchievementEnabler","BaseMod","Better Third Choice","Hermit","Hubris","Infinite Spire","Jorbs\u0027s Wanderer Trilogy","Minty Spire (QoL Compilation)","Quick Restart","Shop Mod","StSLib","The Construct","The Jungle","The Runesmith"],"gold_per_floor":[115,115,29,49,69,94,94,111,159,259,274,288,288,299,299,403,403,416,61,61,81,81,91,6,6,6,16,32,60,60,60,60,157,157,176,196,210,210,228,228,128,143,168,182,194,223,223,223,223],"floor_reached":48,"language":"ENG","playtime":2647,"items_purged":["construct:HeavyBolt","construct:AttackMode","construct:Strike_Gold","construct:Strike_Gold"],"score":613,"play_id":"e1fd59a6-569d-44e5-9240-00014b960b79","local_time":"20210114130040","is_ascension_mode":false,"campfire_choices":[{"data":"construct:DefenseMode","floor":7,"key":"SMITH"},{"data":"construct:ReactiveShield","floor":13,"key":"SMITH"},{"data":"construct:ShiftGuard","floor":15,"key":"SMITH"},{"data":"construct:ShiftGuard","floor":25,"key":"SMITH"},{"data":"construct:Reinforce","floor":32,"key":"SMITH"},{"floor":40,"key":"REST"}],"circlet_count":0,"master_deck":["construct:Strike_Gold","construct:Strike_Gold","construct:Defend_Gold","construct:Defend_Gold+1","construct:Defend_Gold","construct:Defend_Gold+1","construct:Defend_Gold","construct:DefenseMode+1","construct:ElectricArmor+1","construct:SuppressiveFire","construct:ShiftGuard+2","construct:PointDefense","construct:ReactiveShield+1","construct:ShiftGuard+1","construct:Reinforce+1","construct:Reinforce+1","construct:Reserves","construct:GuardCore+1","construct:BatteryAcid+1","construct:Zapper+1"],"relics":["construct:Cogwheel","NeowsBlessing","hubris:SphereOfDissonance","War Paint","SlaversCollar","Eternal Feather","hubris:TinFlute","Lantern","Tiny Chest","construct:WeddingRing","construct:MegaBattery","Anchor","Regal Pillow"],"acts_visited":["Exordium","TheCity","TheBeyond"],"potions_floor_usage":[6,16,18,36,42,46,48],"damage_taken":[{"damage":0,"enemies":"Jaw Worm","floor":1,"turns":1},{"damage":0,"enemies":"Cultist","floor":4,"turns":1},{"damage":0,"enemies":"2 Louse","floor":5,"turns":1},{"damage":3,"enemies":"Lagavulin","floor":6,"turns":21},{"damage":14,"enemies":"Gremlin Gang","floor":8,"turns":7},{"damage":14,"enemies":"Exordium Wildlife","floor":11,"turns":4},{"damage":8,"enemies":"Red Slaver","floor":12,"turns":8},{"damage":3,"enemies":"Blue Slaver","floor":14,"turns":4},{"damage":0,"enemies":"The Guardian","floor":16,"turns":11},{"damage":4,"enemies":"3 Byrds","floor":18,"turns":7},{"damage":15,"enemies":"Chosen","floor":21,"turns":9},{"damage":3,"enemies":"3 Cultists","floor":23,"turns":8},{"damage":10,"enemies":"Centurion and Healer","floor":27,"turns":10},{"damage":0,"enemies":"Snake Plant","floor":28,"turns":5},{"damage":0,"enemies":"Book of Stabbing","floor":29,"turns":7},{"damage":0,"enemies":"Champ","floor":33,"turns":15},{"damage":2,"enemies":"3 Shapes","floor":35,"turns":6},{"damage":12,"enemies":"3 Darklings","floor":36,"turns":9},{"damage":58,"enemies":"Sphere and 2 Shapes","floor":37,"turns":6},{"damage":0,"enemies":"Maw","floor":39,"turns":9},{"damage":23,"enemies":"4 Shapes","floor":42,"turns":12},{"damage":0,"enemies":"Spire Growth","floor":44,"turns":8},{"damage":0,"enemies":"Maw","floor":45,"turns":10},{"damage":16,"enemies":"Nightmare","floor":46,"turns":8},{"damage":10,"enemies":"4 Shapes","floor":48,"turns":1}],"seed_played":"-1581975556097826128","potions_obtained":[{"floor":5,"key":"Energy Potion"},{"floor":6,"key":"Ancient Potion"},{"floor":11,"key":"PowerPotion"},{"floor":16,"key":"Explosive Potion"},{"floor":18,"key":"SteroidPotion"},{"floor":20,"key":"construct:MegaPotion"},{"floor":20,"key":"Dexterity Potion"},{"floor":33,"key":"LiquidMemories"},{"floor":36,"key":"Explosive Potion"},{"floor":42,"key":"Strength Potion"},{"floor":45,"key":"DuplicationPotion"}],"is_trial":false,"path_per_floor":["M","?","$","M","M","E","R","M","T","?","M","M","R","M","R","B",null,"M","$","?","M","AVR","M","?","R","T","M","M","E","$","?","R","B",null,"M","M","M","AVR","M","R","$","M","T","M","M","NM","T","M"],"character_chosen":"THE_CONSTRUCT_MOD","items_purchased":["construct:ElectricArmor","PowerPotion","construct:Reinforce","Eternal Feather"],"campfire_rested":1,"item_purchase_floors":[3,3,19,19],"current_hp_per_floor":[85,85,85,85,85,82,82,68,68,68,54,46,46,43,43,43,85,81,81,81,66,66,63,63,72,72,62,62,62,62,62,71,71,85,83,71,13,13,13,47,47,24,24,24,24,8,8,0,0],"gold":223,"neow_bonus":"THREE_ENEMY_KILL","is_daily":false,"chose_seed":false,"campfire_upgraded":5,"win_rate":0.0,"timestamp":1610629240,"path_taken":["M","?","$","?","M","E","R","M","T","?","M","?","R","M","R","BOSS","M","$","?","M","AVR","?","?","R","T","M","M","E","?","?","R","BOSS","M","M","?","AVR","M","R","$","M","T","M","M","NM","?","M"],"items_purchased_type":["Card","Potion","Card","Relic"],"build_version":"2020-12-22","purchased_purges":4,"victory":false,"max_hp_per_floor":[85,85,85,85,85,85,85,85,85,85,85,85,85,85,85,85,85,85,85,85,85,85,85,85,85,85,85,85,85,85,85,85,85,85,85,85,85,85,85,85,85,85,85,85,85,85,85,85,85],"card_choices":[{"not_picked":["construct:Analyze","construct:SweepLaser"],"picked":"construct:HeavyBolt","floor":1},{"not_picked":["construct:HardReboot","construct:Reinforce"],"picked":"construct:SuppressiveFire","floor":4},{"not_picked":["construct:PowerUp","construct:Anticipate"],"picked":"construct:ShiftGuard","floor":5},{"not_picked":["construct:ModeShift","construct:HardReboot"],"picked":"construct:PointDefense","floor":6},{"not_picked":["construct:Hazardproof","construct:FierceBash"],"picked":"construct:ReactiveShield","floor":8},{"not_picked":["construct:ScrapCannon","construct:SaveState"],"picked":"construct:ShiftGuard","floor":11},{"not_picked":["construct:OmegaCannon","construct:Analyze","construct:SyphonStrike"],"picked":"SKIP","floor":12},{"not_picked":["construct:HeavyBolt","construct:Analyze","construct:ForceCore"],"picked":"SKIP","floor":14},{"not_picked":["construct:Boost+1","construct:OmegaCannon","construct:ShiftStrike"],"picked":"SKIP","floor":18},{"not_picked":["construct:ScrapCannon","construct:Accumulate+1","construct:Isolate"],"picked":"SKIP","floor":21},{"not_picked":["construct:SuppressiveFire+1","construct:MetalShell+1"],"picked":"construct:Reinforce+1","floor":23},{"not_picked":["construct:FierceBash","construct:FocusedBeam","construct:ShiftStrike+1"],"picked":"SKIP","floor":27},{"not_picked":["construct:PanicFire","construct:Anticipate+1","construct:Backfire+1"],"picked":"SKIP","floor":28},{"not_picked":["construct:MetalShell","construct:HardReboot","construct:ClusterMines+1"],"picked":"SKIP","floor":29},{"not_picked":["construct:GatlingGun","construct:ClockworkEgg"],"picked":"construct:Reserves","floor":33},{"not_picked":["construct:SaveState","construct:ShiftStrike","construct:Overcharge"],"picked":"SKIP","floor":35},{"not_picked":["construct:VentSteam+1","construct:SyphonStrike","construct:ShiftStrike+1"],"picked":"SKIP","floor":36},{"not_picked":["construct:FocusedBeam","construct:SweepLaser"],"picked":"construct:GuardCore+1","floor":37},{"not_picked":["construct:Analyze","construct:Accumulate+1","construct:FierceBash"],"picked":"SKIP","floor":39},{"not_picked":["construct:Forcefield+1","construct:SaveState"],"picked":"construct:BatteryAcid+1","floor":42},{"not_picked":["construct:Dampening+1","construct:ForceCore+1","construct:OneWayMirror"],"picked":"SKIP","floor":44},{"not_picked":["construct:ModeShift+1","construct:Tumble+1","construct:Autoturret"],"picked":"SKIP","floor":45},{"not_picked":["construct:HardReboot+1","construct:QuickAttack"],"picked":"construct:Zapper+1","floor":46}],"player_experience":312269,"relics_obtained":[{"floor":6,"key":"hubris:SphereOfDissonance"},{"floor":9,"key":"War Paint"},{"floor":26,"key":"Lantern"},{"floor":29,"key":"Tiny Chest"},{"floor":46,"key":"Anchor"},{"floor":47,"key":"Regal Pillow"}],"event_choices":[{"cards_removed":["construct:Strike_Gold"],"damage_healed":0,"gold_gain":0,"player_choice":"Purged","damage_taken":0,"max_hp_gain":0,"max_hp_loss":0,"event_name":"Purifier","floor":2,"gold_loss":0},{"damage_healed":0,"gold_gain":100,"player_choice":"Pray","damage_taken":0,"max_hp_gain":0,"max_hp_loss":0,"event_name":"Golden Shrine","floor":10,"gold_loss":0},{"damage_healed":0,"gold_gain":0,"player_choice":"Got Potions","damage_taken":0,"max_hp_gain":0,"max_hp_loss":0,"event_name":"Lab","floor":20,"gold_loss":0},{"damage_healed":0,"gold_gain":0,"player_choice":"Obtained Relic","damage_taken":0,"relics_obtained":["hubris:TinFlute"],"max_hp_gain":0,"max_hp_loss":0,"event_name":"Addict","floor":24,"gold_loss":85},{"damage_healed":0,"gold_gain":0,"player_choice":"Upgraded","damage_taken":0,"max_hp_gain":0,"max_hp_loss":0,"event_name":"Upgrade Shrine","floor":31,"gold_loss":0,"cards_upgraded":["construct:ElectricArmor"]}],"is_beta":false,"boss_relics":[{"not_picked":["hubris:Stopwatch","Runic Dome"],"picked":"SlaversCollar"},{"not_picked":["hubris:CrackedHourglass","Runic Pyramid"],"picked":"construct:WeddingRing"}],"items_purged_floors":[19,22,38,41],"is_endless":true,"potions_floor_spawned":[5,6,11,16,18,28,33,36,39,42,45],"killed_by":"4 Shapes","ascension_level":0}}