{"host":"6swbl1yqdi8v28pk","time":1610586707,"event":{"mods":["AchievementEnabler","BaseMod","Colored Map","Minty Spire (QoL Compilation)","Quick Restart"],"gold_per_floor":[116,40,55,69,69,99,99,117,141,141,157,168,182,182,182,283,283,297,297,297,316,331,331,45,64,89,89,89,104,29,47,47,152,152,162,181,30,45,45,45,45,65,65,78,105,65,65,83,83,83,83],"floor_reached":50,"language":"SPA","playtime":2764,"items_purged":["Skewer"],"score":448,"play_id":"0067ee4d-62c5-4238-9d42-75ac5203ff29","local_time":"20210113191147","is_ascension_mode":false,"campfire_choices":[{"floor":7,"key":"REST"},{"floor":15,"key":"REST"},{"floor":23,"key":"REST"},{"floor":28,"key":"RECALL"},{"floor":32,"key":"REST"},{"data":"Footwork","floor":40,"key":"SMITH"},{"floor":47,"key":"REST"},{"data":"1","floor":49,"key":"LIFT"}],"circlet_count":0,"master_deck":["Survivor","Neutralize+1","Outmaneuver","Footwork+1","Slice","Dodge and Roll","Backstab","Well Laid Plans","Prepared","Escape Plan","Terror","Prepared","Dagger Throw","Bane","Backflip","Cloak And Dagger","Phantasmal Killer","Tools of the Trade","Reflex","Slice+1","Noxious Fumes","Cloak And Dagger","PiercingWail+1","Dash","Tactician","Backstab","Escape Plan+1"],"relics":["Ring of the Snake","NeowsBlessing","Bronze Scales","Pandora\u0027s Box","Torii","Happy Flower","Girya","Busted Crown","Ancient Tea Set","Letter Opener","Oddly Smooth Stone"],"acts_visited":["Exordium","TheCity","TheBeyond"],"potions_floor_usage":[16,16,21,21,33,33,33,38,42,50],"damage_taken":[{"damage":0,"enemies":"Cultist","floor":1,"turns":1},{"damage":0,"enemies":"2 Louse","floor":3,"turns":1},{"damage":0,"enemies":"Jaw Worm","floor":4,"turns":1},{"damage":53,"enemies":"3 Sentries","floor":6,"turns":18},{"damage":15,"enemies":"Gremlin Gang","floor":8,"turns":5},{"damage":9,"enemies":"Exordium Thugs","floor":11,"turns":6},{"damage":4,"enemies":"Exordium Wildlife","floor":12,"turns":5},{"damage":0,"enemies":"Blue Slaver","floor":13,"turns":3},{"damage":8,"enemies":"Hexaghost","floor":16,"turns":13},{"damage":24,"enemies":"3 Byrds","floor":18,"turns":4},{"damage":2,"enemies":"Spheric Guardian","floor":21,"turns":4},{"damage":36,"enemies":"Cultist and Chosen","floor":22,"turns":7},{"damage":15,"enemies":"Snake Plant","floor":25,"turns":3},{"damage":1,"enemies":"Snecko","floor":29,"turns":6},{"damage":3,"enemies":"Shelled Parasite and Fungi","floor":31,"turns":7},{"damage":1,"enemies":"Automaton","floor":33,"turns":12},{"damage":0,"enemies":"3 Shapes","floor":35,"turns":6},{"damage":1,"enemies":"Orb Walker","floor":36,"turns":4},{"damage":7,"enemies":"Transient","floor":38,"turns":5},{"damage":27,"enemies":"Spire Growth","floor":42,"turns":6},{"damage":0,"enemies":"Jaw Worm Horde","floor":44,"turns":6},{"damage":0,"enemies":"4 Shapes","floor":48,"turns":5},{"damage":59,"enemies":"Time Eater","floor":50,"turns":9}],"seed_played":"-3999826213274877759","potions_obtained":[{"floor":1,"key":"Energy Potion"},{"floor":8,"key":"SneckoOil"},{"floor":11,"key":"SkillPotion"},{"floor":13,"key":"FearPotion"},{"floor":16,"key":"Block Potion"},{"floor":18,"key":"Weak Potion"},{"floor":25,"key":"GamblersBrew"},{"floor":31,"key":"DuplicationPotion"},{"floor":35,"key":"AttackPotion"},{"floor":36,"key":"Block Potion"},{"floor":42,"key":"ColorlessPotion"}],"is_trial":false,"path_per_floor":["M","$","M","M","$","E","R","M","T","?","M","M","M","?","R","B",null,"M","?","?","M","M","R","$","M","T","T","R","M","$","M","R","B",null,"M","M","$","M","?","R","?","M","T","M","T","?","R","M","R","B"],"character_chosen":"THE_SILENT","items_purchased":["Footwork","Torii","Ancient Tea Set"],"campfire_rested":5,"item_purchase_floors":[2,24,37],"current_hp_per_floor":[70,70,70,70,70,17,38,23,23,40,31,27,27,27,47,39,67,43,43,43,41,5,25,25,10,10,10,10,9,9,6,26,25,67,67,66,66,59,59,59,59,32,32,32,32,32,51,51,51,0,0],"gold":83,"neow_bonus":"THREE_ENEMY_KILL","is_daily":false,"chose_seed":false,"campfire_upgraded":1,"win_rate":0.0,"timestamp":1610586707,"path_taken":["M","?","M","?","$","E","R","M","T","?","M","M","M","?","R","BOSS","M","?","?","M","?","R","$","M","T","?","R","M","$","?","R","BOSS","M","M","$","M","?","R","?","?","T","M","?","?","R","M","R","BOSS"],"items_purchased_type":["Card","Relic","Relic"],"build_version":"2020-12-22","purchased_purges":1,"victory":false,"max_hp_per_floor":[70,70,70,70,70,70,70,70,70,70,70,70,70,67,67,67,67,67,67,67,67,67,67,67,67,67,67,67,67,67,67,67,67,67,67,67,67,67,64,64,64,64,64,64,64,64,64,64,64,64,64],"card_choices":[{"not_picked":["Choke","Prepared"],"picked":"Outmaneuver","floor":1},{"not_picked":["Choke","Dagger Throw"],"picked":"Slice","floor":3},{"not_picked":["Footwork","Escape Plan"],"picked":"Dodge and Roll","floor":4},{"not_picked":["Blade Dance","Expertise"],"picked":"Backstab","floor":6},{"not_picked":["Accuracy","Acrobatics"],"picked":"Well Laid Plans","floor":8},{"not_picked":["All Out Attack","Catalyst"],"picked":"Prepared","floor":11},{"not_picked":["Dodge and Roll","Cloak And Dagger"],"picked":"Escape Plan","floor":12},{"not_picked":["Prepared","Expertise"],"picked":"Terror","floor":13},{"not_picked":["Outmaneuver+1","Masterful Stab"],"picked":"Slice+1","floor":18},{"not_picked":["Acrobatics","Tactician"],"picked":"Noxious Fumes","floor":21},{"not_picked":["Outmaneuver","Bouncing Flask+1"],"picked":"Cloak And Dagger","floor":22},{"not_picked":["Riddle With Holes","Calculated Gamble+1"],"picked":"PiercingWail+1","floor":25},{"not_picked":["Sucker Punch","Underhanded Strike"],"picked":"Dash","floor":29},{"not_picked":["PiercingWail+1","All Out Attack"],"picked":"Tactician","floor":31},{"not_picked":["Riddle With Holes+1"],"picked":"SKIP","floor":35},{"not_picked":["Sucker Punch+1"],"picked":"SKIP","floor":36},{"not_picked":["Infinite Blades+1"],"picked":"SKIP","floor":38},{"not_picked":[],"picked":"Escape Plan+1","floor":42},{"not_picked":["Dodge and Roll"],"picked":"SKIP","floor":44},{"not_picked":["Footwork"],"picked":"SKIP","floor":48}],"player_experience":151433,"relics_obtained":[{"floor":6,"key":"Bronze Scales"},{"floor":26,"key":"Happy Flower"},{"floor":27,"key":"Girya"},{"floor":43,"key":"Letter Opener"},{"floor":45,"key":"Oddly Smooth Stone"}],"event_choices":[{"damage_healed":17,"gold_gain":0,"player_choice":"Healed and dodged fight","damage_taken":0,"max_hp_gain":0,"max_hp_loss":0,"event_name":"Mushrooms","floor":10,"gold_loss":0,"cards_obtained":["Parasite"]},{"cards_removed":["Parasite"],"damage_healed":0,"gold_gain":0,"player_choice":"Forget","damage_taken":0,"max_hp_gain":0,"max_hp_loss":0,"event_name":"Living Wall","floor":14,"gold_loss":0},{"cards_removed":["Riddle With Holes"],"damage_healed":0,"gold_gain":0,"player_choice":"Elegance","damage_taken":0,"max_hp_gain":0,"max_hp_loss":0,"event_name":"Back to Basics","floor":19,"gold_loss":0},{"damage_healed":0,"gold_gain":0,"player_choice":"0 cards matched","damage_taken":0,"max_hp_gain":0,"max_hp_loss":0,"event_name":"Match and Keep!","floor":20,"gold_loss":0,"cards_obtained":[]},{"damage_healed":0,"gold_gain":0,"player_choice":"Max HP","damage_taken":0,"max_hp_gain":0,"max_hp_loss":3,"event_name":"Winding Halls","floor":39,"gold_loss":0},{"damage_healed":0,"gold_gain":0,"player_choice":"Copied","damage_taken":0,"max_hp_gain":0,"max_hp_loss":0,"event_name":"Duplicator","floor":41,"gold_loss":0,"cards_obtained":["Backstab"]},{"damage_healed":0,"gold_gain":0,"player_choice":"Upgrade","damage_taken":0,"max_hp_gain":0,"max_hp_loss":0,"event_name":"Designer","floor":46,"gold_loss":40,"cards_upgraded":["Neutralize"]}],"is_beta":false,"boss_relics":[{"not_picked":["HoveringKite","Coffee Dripper"],"picked":"Pandora\u0027s Box"},{"not_picked":["Snecko Eye","Cursed Key"],"picked":"Busted Crown"}],"items_purged_floors":[30],"is_endless":false,"potions_floor_spawned":[1,8,11,13,16,18,25,31,35,36,42],"killed_by":"Time Eater","ascension_level":0}}