{"host":"50per11302020","time":1610587769,"event":{"mods":["AchievementEnabler","BaseMod","Colored Map","Minty Spire (QoL Compilation)","Relic Stats","StSLib"],"gold_per_floor":[111,129,144,144,163,163,178,178,178,178,210,210,59,74,74,148,148,165,179,140,154,69,69,69,69,96,21,41,41,41],"floor_reached":29,"language":"ENG","playtime":1340,"items_purged":["Normality"],"score":439,"play_id":"cf8dc84e-b76a-4f07-a63e-3563aee42a89","local_time":"20210113172929","is_ascension_mode":true,"campfire_choices":[{"data":"Catalyst","floor":6.0,"key":"SMITH"},{"data":"Deadly Poison","floor":8.0,"key":"SMITH"},{"floor":10.0,"key":"REST"},{"data":"Neutralize","floor":12.0,"key":"SMITH"},{"floor":15.0,"key":"REST"},{"floor":23,"key":"REST"},{"floor":25,"key":"REST"}],"circlet_count":0,"master_deck":["AscendersBane","Strike_G","Strike_G","Strike_G","Strike_G","Strike_G","Defend_G","Defend_G","Defend_G","Defend_G","Defend_G","Survivor","Neutralize+1","Dagger Throw","Backstab","Catalyst+1","Terror","Deadly Poison+1","Backflip","Night Terror","Caltrops","Phantasmal Killer","PiercingWail+1","Infinite Blades","Footwork","Writhe"],"relics":["Ring of the Snake","CultistMask","Matryoshka","StoneCalendar","Cursed Key","Mercury Hourglass","Tingsha","Potion Belt","Dream Catcher"],"acts_visited":["Exordium","TheCity"],"potions_floor_usage":[21,29],"damage_taken":[{"damage":4.0,"enemies":"Cultist","floor":1.0,"turns":4.0},{"damage":5.0,"enemies":"Small Slimes","floor":2.0,"turns":5.0},{"damage":4.0,"enemies":"Jaw Worm","floor":3.0,"turns":5.0},{"damage":0.0,"enemies":"Exordium Wildlife","floor":5.0,"turns":3.0},{"damage":0.0,"enemies":"Blue Slaver","floor":7.0,"turns":2.0},{"damage":42.0,"enemies":"3 Sentries","floor":11.0,"turns":11.0},{"damage":5.0,"enemies":"Large Slime","floor":14.0,"turns":7.0},{"damage":14.0,"enemies":"The Guardian","floor":16.0,"turns":9.0},{"damage":13,"enemies":"3 Byrds","floor":18,"turns":3},{"damage":18,"enemies":"Chosen","floor":19,"turns":5},{"damage":18,"enemies":"Snake Plant","floor":21,"turns":3},{"damage":53,"enemies":"Shelled Parasite and Fungi","floor":28,"turns":5},{"damage":12,"enemies":"Cultist and Chosen","floor":29,"turns":3}],"seed_played":"-5061048031503153872","potions_obtained":[{"floor":2.0,"key":"Energy Potion"},{"floor":11.0,"key":"Dexterity Potion"},{"floor":14.0,"key":"Strength Potion"},{"floor":16.0,"key":"CultistPotion"},{"floor":19,"key":"SteroidPotion"}],"is_trial":false,"path_per_floor":["M","M","M","?","M","R","M","R","T","R","E","R","$","M","R","B",null,"M","M","$","M","?","R","?","R","T","$","M","M"],"character_chosen":"THE_SILENT","items_purchased":["Night Terror","Footwork"],"campfire_rested":4,"item_purchase_floors":[13,20],"current_hp_per_floor":[61,56,52,52,52,52,52,52,52,72,30,30,30,25,46,32,62,49,31,31,13,13,34,34,55,55,55,2,0,0],"gold":41,"neow_bonus":"TEN_PERCENT_HP_BONUS","is_daily":false,"chose_seed":false,"campfire_upgraded":3,"win_rate":0.0,"timestamp":1610587769,"path_taken":["M","?","M","?","M","R","?","R","T","R","E","R","$","M","R","BOSS","M","M","$","M","?","R","?","R","T","$","M","M"],"items_purchased_type":["Card","Card"],"build_version":"2020-12-18","purchased_purges":1,"victory":false,"max_hp_per_floor":[72,72,72,72,72,72,72,72,72,72,72,72,72,72,72,72,72,72,72,72,72,72,72,72,72,72,72,72,72,72],"relic_stats":{"Dream Catcher":0,"counters":[13,65],"StoneCalendar":[53],"Tingsha":[9],"Cursed Key":1,"obtain_stats":[{"Potion Belt":26,"Dream Catcher":26,"Matryoshka":9,"StoneCalendar":11,"Tingsha":24,"CultistMask":4,"Cursed Key":17,"Ring of the Snake":0,"Mercury Hourglass":22},{"Potion Belt":11,"Dream Catcher":11,"Matryoshka":5,"StoneCalendar":6,"Tingsha":11,"CultistMask":3,"Cursed Key":8,"Ring of the Snake":0,"Mercury Hourglass":11},{"Potion Belt":57,"Dream Catcher":57,"Matryoshka":19,"StoneCalendar":30,"Tingsha":57,"CultistMask":14,"Cursed Key":46,"Ring of the Snake":0,"Mercury Hourglass":57}],"Ring of the Snake":[26],"Mercury Hourglass":[33]},"card_choices":[{"not_picked":["Outmaneuver","Acrobatics"],"picked":"Dagger Throw","floor":1.0},{"not_picked":["Expertise","Reflex"],"picked":"Backstab","floor":2.0},{"not_picked":["Calculated Gamble","PiercingWail"],"picked":"Catalyst","floor":3.0},{"not_picked":["Heel Hook","Expertise"],"picked":"Terror","floor":5.0},{"not_picked":["Dodge and Roll","Finisher"],"picked":"Deadly Poison","floor":7.0},{"not_picked":["Acrobatics","Blade Dance"],"picked":"Backflip","floor":11.0},{"not_picked":["Quick Slash","Accuracy"],"picked":"Caltrops","floor":14.0},{"not_picked":["Doppelganger","Bullet Time"],"picked":"Phantasmal Killer","floor":16.0},{"not_picked":["Finisher","Quick Slash"],"picked":"PiercingWail+1","floor":18},{"not_picked":["Prepared+1","PiercingWail"],"picked":"Infinite Blades","floor":19},{"not_picked":["Setup","Backstab","Backflip"],"picked":"SKIP","floor":21},{"not_picked":["Masterful Stab","Cloak And Dagger","Acrobatics"],"picked":"SKIP","floor":28}],"player_experience":201921,"relics_obtained":[{"floor":9.0,"key":"Matryoshka"},{"floor":11.0,"key":"StoneCalendar"},{"floor":26,"key":"Potion Belt"},{"floor":26,"key":"Dream Catcher"}],"event_choices":[{"damage_healed":0.0,"max_hp_gain":0.0,"max_hp_loss":0.0,"gold_gain":0.0,"event_name":"FaceTrader","player_choice":"Trade","floor":4.0,"gold_loss":0.0,"damage_taken":0.0,"relics_obtained":["CultistMask"]},{"damage_healed":0,"gold_gain":0,"player_choice":"Obtained Relic","damage_taken":0,"relics_obtained":["Mercury Hourglass"],"max_hp_gain":0,"max_hp_loss":0,"event_name":"Addict","floor":22,"gold_loss":85},{"damage_healed":0,"gold_gain":0,"player_choice":"Opened","damage_taken":0,"relics_obtained":["Tingsha"],"max_hp_gain":0,"max_hp_loss":0,"event_name":"The Mausoleum","floor":24,"gold_loss":0,"cards_obtained":["Writhe"]}],"is_beta":true,"boss_relics":[{"not_picked":["SacredBark","Ectoplasm"],"picked":"Cursed Key"}],"items_purged_floors":[27],"is_endless":false,"potions_floor_spawned":[2,11,14,16,19],"killed_by":"Cultist and Chosen","ascension_level":19}}