{"host":"91ruqvp7hiryodqd","time":1610633144,"event":{"mods":["AchievementEnabler","BaseMod","Colored Map","Colored Powertips","Filter the Spire","Minty Spire (QoL Compilation)","Relic Stats","StSLib"],"gold_per_floor":[116,116,134,146,111,111,30,30,76,76,101,48,48,65,65,160,160,176,176,176,191,191,191,226,226,253,253,282,127,161,176,176,278,278,295,295,19,19,19,50,62,96,165,165,211,211,242,252,252,252],"floor_reached":51,"language":"ENG","playtime":2570,"items_purged":["Strike_G","Strike_G"],"score":1189,"play_id":"872f476e-5a0c-4798-87a4-e704cbb4df9c","local_time":"20210114210544","is_ascension_mode":true,"campfire_choices":[{"data":"Blade Dance","floor":6,"key":"SMITH"},{"data":"After Image","floor":8,"key":"SMITH"},{"data":"Predator","floor":10,"key":"SMITH"},{"data":"Blade Dance","floor":15,"key":"SMITH"},{"data":"Dash","floor":23,"key":"SMITH"},{"data":"Finisher","floor":25,"key":"SMITH"},{"data":"Accuracy","floor":32,"key":"SMITH"},{"data":"After Image","floor":44,"key":"SMITH"},{"data":"Neutralize","floor":49,"key":"SMITH"}],"circlet_count":0,"master_deck":["Strike_G+1","Defend_G","Defend_G","Defend_G","Defend_G+1","Defend_G","Survivor","Neutralize+1","Predator+1","Footwork","Blade Dance+1","After Image+1","Dash+1","Blade Dance+1","Venomology","Cloak And Dagger+1","Finisher+1","RitualDagger","Accuracy+1","Footwork+1","After Image+1","Tactician","Blade Dance+1","Endless Agony+1","Dagger Throw+1","Distraction+1"],"relics":["Black Star","Happy Flower","Tiny Chest","Centennial Puzzle","Empty Cage","Darkstone Periapt","Art of War","Ancient Tea Set","Bronze Scales","Peace Pipe","Paper Crane","The Courier","Meat on the Bone","Runic Pyramid","Frozen Egg 2","Ninja Scroll","Nunchaku","Pen Nib","Pantograph","Oddly Smooth Stone","Shuriken","Incense Burner","InkBottle","Sundial"],"acts_visited":["Exordium","TheCity","TheBeyond"],"potions_floor_usage":[16,18,21,24,24,24,30,33,33,33,33,33,40,42,42,42,50,50,50,50],"damage_taken":[{"damage":6,"enemies":"2 Louse","floor":1,"turns":3},{"damage":3,"enemies":"Jaw Worm","floor":3,"turns":4},{"damage":2,"enemies":"Small Slimes","floor":4,"turns":3},{"damage":14,"enemies":"Lagavulin","floor":11,"turns":6},{"damage":0,"enemies":"2 Fungi Beasts","floor":14,"turns":3},{"damage":0,"enemies":"Slime Boss","floor":16,"turns":14},{"damage":11,"enemies":"3 Byrds","floor":18,"turns":5},{"damage":8,"enemies":"2 Thieves","floor":21,"turns":4},{"damage":1,"enemies":"Gremlin Leader","floor":24,"turns":9},{"damage":5,"enemies":"Book of Stabbing","floor":28,"turns":5},{"damage":13,"enemies":"Gremlin Leader","floor":30,"turns":5},{"damage":0,"enemies":"Sentry and Sphere","floor":31,"turns":4},{"damage":0,"enemies":"Champ","floor":33,"turns":11},{"damage":7,"enemies":"3 Shapes","floor":35,"turns":5},{"damage":0,"enemies":"Nemesis","floor":40,"turns":5},{"damage":0,"enemies":"Orb Walker","floor":41,"turns":3},{"damage":4,"enemies":"Reptomancer","floor":42,"turns":8},{"damage":4,"enemies":"2 Orb Walkers","floor":45,"turns":3},{"damage":0,"enemies":"Giant Head","floor":47,"turns":6},{"damage":6,"enemies":"Sphere and 2 Shapes","floor":48,"turns":2},{"damage":47,"enemies":"Awakened One","floor":50,"turns":10}],"seed_played":"-7065036211392650073","potions_obtained":[{"floor":4,"key":"LiquidBronze"},{"floor":14,"key":"EssenceOfSteel"},{"floor":21,"key":"Block Potion"},{"floor":30,"key":"SteroidPotion"},{"floor":31,"key":"BlessingOfTheForge"},{"floor":33,"key":"Fire Potion"},{"floor":42,"key":"Weak Potion"}],"is_trial":false,"path_per_floor":["M","?","M","M","?","R","$","R","T","R","E","$","?","M","R","B",null,"M","?","T","M","?","R","E","R","T","?","E","$","E","M","R","B",null,"M","T","$","?","$","E","M","E","T","R","?","?","E","M","R","B",null],"character_chosen":"THE_SILENT","items_purchased":["After Image","Blade Dance","Accuracy","Ninja Scroll"],"campfire_rested":0,"item_purchase_floors":[7,12,29,37],"current_hp_per_floor":[64,50,47,45,62,62,62,62,62,62,48,48,48,48,48,48,70,59,59,59,51,70,70,69,69,69,63,58,58,59,59,59,59,70,63,63,63,63,63,63,63,59,59,59,55,50,50,44,44,31],"gold":252,"neow_bonus":"BOSS_RELIC","is_daily":false,"chose_seed":false,"campfire_upgraded":9,"win_rate":0.0,"timestamp":1610633144,"path_taken":["M","?","M","M","?","R","$","R","T","R","E","?","?","M","R","BOSS","M","?","?","?","?","R","E","R","T","?","E","$","E","M","R","BOSS","M","?","$","?","$","E","M","E","T","R","?","?","E","M","R","BOSS"],"items_purchased_type":["Card","Card","Card","Relic"],"build_version":"2020-12-22","purchased_purges":2,"victory":true,"max_hp_per_floor":[70,70,70,70,70,70,70,70,70,70,70,70,70,70,70,70,70,70,70,70,70,70,70,70,70,70,70,70,70,70,70,70,70,70,70,70,70,66,66,66,66,66,66,66,66,66,66,66,66,66],"relic_stats":{"Darkstone Periapt":0,"Happy Flower":[36],"counters":[21,118],"Pen Nib":[15],"Peace Pipe":1,"Centennial Puzzle":[30],"Nunchaku":[15],"Shuriken":[24],"Sundial":[0],"Bronze Scales":[195],"Pantograph":22,"Tiny Chest":2,"Black Star":7,"Art of War":[6],"obtain_stats":[{"Darkstone Periapt":20,"Incense Burner":45,"Empty Cage":17,"Ancient Tea Set":24,"Centennial Puzzle":11,"Nunchaku":40,"Ninja Scroll":37,"Sundial":47,"Pantograph":42,"Tiny Chest":11,"InkBottle":47,"Ring of the Snake":0,"Runic Pyramid":34,"Happy Flower":9,"Oddly Smooth Stone":42,"The Courier":30,"Pen Nib":40,"Paper Crane":28,"Frozen Egg 2":36,"Peace Pipe":28,"Shuriken":43,"Bronze Scales":26,"Black Star":0,"Art of War":24,"Meat on the Bone":30},{"Darkstone Periapt":7,"Incense Burner":18,"Empty Cage":6,"Ancient Tea Set":9,"Centennial Puzzle":4,"Nunchaku":15,"Ninja Scroll":14,"Sundial":19,"Pantograph":17,"Tiny Chest":4,"InkBottle":19,"Ring of the Snake":0,"Runic Pyramid":13,"Happy Flower":3,"Oddly Smooth Stone":17,"The Courier":11,"Pen Nib":15,"Paper Crane":10,"Frozen Egg 2":14,"Peace Pipe":10,"Shuriken":17,"Bronze Scales":9,"Black Star":0,"Art of War":9,"Meat on the Bone":11},{"Darkstone Periapt":38,"Incense Burner":100,"Empty Cage":33,"Ancient Tea Set":51,"Centennial Puzzle":16,"Nunchaku":86,"Ninja Scroll":81,"Sundial":106,"Pantograph":97,"Tiny Chest":16,"InkBottle":106,"Ring of the Snake":0,"Runic Pyramid":76,"Happy Flower":10,"Oddly Smooth Stone":97,"The Courier":61,"Pen Nib":86,"Paper Crane":56,"Frozen Egg 2":81,"Peace Pipe":56,"Shuriken":97,"Bronze Scales":51,"Black Star":0,"Art of War":51,"Meat on the Bone":61}],"InkBottle":[7],"Meat on the Bone":12},"card_choices":[{"not_picked":["Prepared","Acrobatics"],"picked":"Predator","floor":1},{"not_picked":["Bane","Poisoned Stab"],"picked":"Footwork","floor":3},{"not_picked":["Footwork","Quick Slash"],"picked":"Blade Dance","floor":4},{"not_picked":["Deflect","Storm of Steel"],"picked":"Dash","floor":11},{"not_picked":["Deadly Poison","Dagger Spray","Underhanded Strike"],"picked":"SKIP","floor":14},{"not_picked":["Die Die Die","Malaise"],"picked":"Venomology","floor":16},{"not_picked":["Bane","Dagger Spray"],"picked":"Cloak And Dagger","floor":18},{"not_picked":["Underhanded Strike","Acrobatics","Bane"],"picked":"SKIP","floor":21},{"not_picked":["All Out Attack","Deflect"],"picked":"Finisher","floor":24},{"not_picked":["Quick Slash","Finisher","Noxious Fumes+1"],"picked":"SKIP","floor":28},{"not_picked":["Wraith Form v2","Underhanded Strike"],"picked":"Footwork+1","floor":30},{"not_picked":["Backflip","Tactician","Flechettes"],"picked":"SKIP","floor":31},{"not_picked":["Backflip","Tactician","Flechettes"],"picked":"SKIP","floor":31},{"not_picked":["Envenom","A Thousand Cuts"],"picked":"After Image","floor":33},{"not_picked":["Predator+1","Reflex"],"picked":"Tactician","floor":35},{"not_picked":["Underhanded Strike","Finisher+1","Deadly Poison+1"],"picked":"SKIP","floor":40},{"not_picked":["Acrobatics+1","Deadly Poison+1"],"picked":"Blade Dance+1","floor":41},{"not_picked":["Flechettes+1","Deadly Poison+1","Poisoned Stab+1"],"picked":"SKIP","floor":42},{"not_picked":["Flying Knee","Venomology"],"picked":"Endless Agony+1","floor":45},{"not_picked":["Bane+1","Dagger Spray+1"],"picked":"Dagger Throw+1","floor":47},{"not_picked":["Dagger Throw","Blade Dance+1"],"picked":"Distraction+1","floor":48}],"player_experience":65346,"relics_obtained":[{"floor":9,"key":"Happy Flower"},{"floor":11,"key":"Tiny Chest"},{"floor":11,"key":"Centennial Puzzle"},{"floor":20,"key":"Darkstone Periapt"},{"floor":24,"key":"Art of War"},{"floor":24,"key":"Ancient Tea Set"},{"floor":26,"key":"Bronze Scales"},{"floor":28,"key":"Peace Pipe"},{"floor":28,"key":"Paper Crane"},{"floor":30,"key":"The Courier"},{"floor":30,"key":"Meat on the Bone"},{"floor":36,"key":"Frozen Egg 2"},{"floor":40,"key":"Nunchaku"},{"floor":40,"key":"Pen Nib"},{"floor":42,"key":"Pantograph"},{"floor":42,"key":"Oddly Smooth Stone"},{"floor":43,"key":"Shuriken"},{"floor":45,"key":"Incense Burner"},{"floor":47,"key":"InkBottle"},{"floor":47,"key":"Sundial"}],"event_choices":[{"damage_healed":0,"gold_gain":0,"player_choice":"Entered Light","damage_taken":14,"max_hp_gain":0,"max_hp_loss":0,"event_name":"Shining Light","floor":2,"gold_loss":0,"cards_upgraded":["Strike_G","Defend_G"]},{"damage_healed":17,"gold_gain":0,"player_choice":"Healed","damage_taken":0,"max_hp_gain":0,"max_hp_loss":0,"event_name":"The Cleric","floor":5,"gold_loss":35},{"damage_healed":0,"gold_gain":0,"player_choice":"Ignored","damage_taken":0,"max_hp_gain":0,"max_hp_loss":0,"event_name":"Liars Game","floor":13,"gold_loss":0},{"damage_healed":0,"gold_gain":0,"player_choice":"Forge","damage_taken":0,"max_hp_gain":0,"max_hp_loss":0,"event_name":"Accursed Blacksmith","floor":19,"gold_loss":0,"cards_upgraded":["Cloak And Dagger"]},{"damage_healed":23,"gold_gain":0,"player_choice":"Heal","damage_taken":0,"max_hp_gain":0,"max_hp_loss":0,"event_name":"The Library","floor":22,"gold_loss":0},{"damage_healed":0,"gold_gain":0,"player_choice":"Joined the Cult","damage_taken":6,"max_hp_gain":0,"max_hp_loss":0,"event_name":"Nest","floor":27,"gold_loss":0,"cards_obtained":["RitualDagger"]},{"damage_healed":0,"gold_gain":0,"player_choice":"Max HP","damage_taken":0,"max_hp_gain":0,"max_hp_loss":4,"event_name":"Winding Halls","floor":38,"gold_loss":0},{"damage_healed":0,"gold_gain":0,"player_choice":"Fight","damage_taken":0,"max_hp_gain":0,"max_hp_loss":0,"event_name":"Mysterious Sphere","floor":45,"gold_loss":0},{"damage_healed":0,"gold_gain":0,"player_choice":"Memory 2","damage_taken":5,"max_hp_gain":0,"max_hp_loss":0,"event_name":"SensoryStone","floor":46,"gold_loss":0}],"is_beta":false,"boss_relics":[{"not_picked":["Busted Crown","Ectoplasm"],"picked":"Empty Cage"},{"not_picked":["SlaversCollar","Cursed Key"],"picked":"Runic Pyramid"}],"items_purged_floors":[29,37],"is_endless":false,"potions_floor_spawned":[4,14,21,30,31,33,35,42,48],"ascension_level":1}}