{"host":"baymyijz6sxaqj5s","time":1610638112,"event":{"mods":["AchievementEnabler","BaseMod","Colored Map","Colored Powertips","DeckTracker","Highlight Path","KOR Keyword Fix","Keyboard Shortcuts","Minty Spire (QoL Compilation)","Quick Restart","StSLib","SuperFastMode"],"gold_per_floor":[118,137,155,117,130,130,130,130,130,147,161,161,178,191,191,191,191],"floor_reached":16,"language":"KOR","playtime":230,"items_purged":[],"score":135,"play_id":"93ab20b8-4b0b-4121-851f-1dbdbc4a5bce","local_time":"20210115002832","is_ascension_mode":true,"campfire_choices":[{"data":"Entrench","floor":6,"key":"SMITH"},{"data":"Thunderclap","floor":8,"key":"SMITH"},{"data":"Sword Boomerang","floor":12,"key":"SMITH"},{"floor":15,"key":"REST"}],"circlet_count":0,"master_deck":["Strike_R","Strike_R","Strike_R","Strike_R","Strike_R","Defend_R","Defend_R","Defend_R","Defend_R","Bash","Thunderclap+1","Entrench+1","Spot Weakness","Sword Boomerang+1","Body Slam"],"relics":["Burning Blood","Incense Burner","Pear"],"acts_visited":["Exordium"],"potions_floor_usage":[],"damage_taken":[{"damage":1,"enemies":"Cultist","floor":1,"turns":3},{"damage":10,"enemies":"2 Louse","floor":2,"turns":3},{"damage":13,"enemies":"Jaw Worm","floor":3,"turns":4},{"damage":11,"enemies":"2 Fungi Beasts","floor":5,"turns":4},{"damage":12,"enemies":"Looter","floor":10,"turns":3},{"damage":16,"enemies":"Blue Slaver","floor":11,"turns":3},{"damage":29,"enemies":"Exordium Wildlife","floor":13,"turns":4},{"damage":12,"enemies":"Looter","floor":14,"turns":3},{"damage":71,"enemies":"The Guardian","floor":16,"turns":9}],"seed_played":"-6324485038652903698","potions_obtained":[{"floor":1,"key":"Fire Potion"},{"floor":10,"key":"SpeedPotion"},{"floor":14,"key":"Energy Potion"}],"is_trial":false,"path_per_floor":["M","M","M","$","M","R","?","R","T","M","M","R","M","M","R","B"],"character_chosen":"IRONCLAD","items_purchased":["Entrench"],"campfire_rested":1,"item_purchase_floors":[4],"current_hp_per_floor":[88,84,77,77,72,72,72,72,82,76,66,66,43,37,66,0,0],"gold":191,"neow_bonus":"TEN_PERCENT_HP_BONUS","is_daily":false,"chose_seed":false,"campfire_upgraded":3,"win_rate":0.0,"timestamp":1610638112,"path_taken":["M","M","M","?","?","R","?","R","T","M","M","R","M","M","R","BOSS"],"items_purchased_type":["Card"],"build_version":"2020-12-22","purchased_purges":0,"victory":false,"max_hp_per_floor":[88,88,88,88,88,88,88,88,98,98,98,98,98,98,98,98,98],"card_choices":[{"not_picked":["Dual Wield","Flex","Power Through"],"picked":"SKIP","floor":1},{"not_picked":["Pommel Strike","Combust","Clash"],"picked":"SKIP","floor":2},{"not_picked":["Wild Strike","Power Through"],"picked":"Thunderclap","floor":3},{"not_picked":["Clothesline","Heavy Blade"],"picked":"Spot Weakness","floor":5},{"not_picked":["Twin Strike","Iron Wave"],"picked":"Sword Boomerang","floor":10},{"not_picked":["Havoc","Combust","Brutality"],"picked":"SKIP","floor":11},{"not_picked":["Warcry","Anger","Perfected Strike"],"picked":"SKIP","floor":13},{"not_picked":["Perfected Strike","Intimidate"],"picked":"Body Slam","floor":14}],"player_experience":90905,"relics_obtained":[{"floor":9,"key":"Pear"}],"event_choices":[{"damage_healed":0,"gold_gain":0,"player_choice":"Gave Potion","damage_taken":0,"relics_obtained":["Incense Burner"],"max_hp_gain":0,"max_hp_loss":0,"event_name":"WeMeetAgain","floor":7,"gold_loss":0}],"is_beta":false,"boss_relics":[],"items_purged_floors":[],"is_endless":false,"potions_floor_spawned":[1,10,14],"killed_by":"The Guardian","ascension_level":3}}