{"host":"qgru5siit3fz0wh9","time":1610634282,"event":{"mods":["AchievementEnabler","BaseMod","Highlight Path","Minty Spire (QoL Compilation)"],"gold_per_floor":[115,115,136,136,11,45,45,389,389,389,429,454,454,479,479,598,598,618,312,331,349,1,36,60,93,93,93,122,174,174,197,197,197,197],"floor_reached":33,"language":"ENG","playtime":4522,"items_purged":["Regret"],"score":355,"play_id":"2b994527-b543-42fe-9833-7dd3048c94d8","local_time":"20210114152442","is_ascension_mode":true,"campfire_choices":[{"data":"Flame Barrier","floor":7,"key":"SMITH"},{"floor":10,"key":"REST"},{"data":"Armaments","floor":15,"key":"SMITH"},{"floor":27,"key":"REST"},{"data":"Armaments","floor":30,"key":"SMITH"},{"floor":32,"key":"REST"}],"circlet_count":0,"master_deck":["Strike_R","Strike_R","Strike_R","Strike_R+1","Strike_R","Defend_R","Defend_R","Defend_R","Defend_R","Bash+1","Shrug It Off","Cleave","Anger","Flame Barrier+1","Fire Breathing","Immolate","Armaments+1","Offering","Dual Wield","Fire Breathing","Dual Wield","Pommel Strike","Feed","Anger+1","Searing Blow+1","Armaments+1","Wild Strike","Warcry+1"],"relics":["Burning Blood","Blood Vial","Golden Idol","Prayer Wheel","Old Coin","Ice Cream","Whetstone","Pen Nib","Ancient Tea Set","Mark of Pain","Anchor","Bag of Preparation","Omamori","Bottled Tornado","CeramicFish","Red Skull","Meat on the Bone"],"acts_visited":["Exordium","TheCity"],"potions_floor_usage":[21,23,23,25,25,29],"damage_taken":[{"damage":8,"enemies":"Jaw Worm","floor":1,"turns":5},{"damage":16,"enemies":"2 Louse","floor":3,"turns":3},{"damage":12,"enemies":"3 Sentries","floor":6,"turns":8},{"damage":45,"enemies":"Gremlin Nob","floor":8,"turns":5},{"damage":34,"enemies":"Lagavulin","floor":11,"turns":9},{"damage":4,"enemies":"Small Slimes","floor":14,"turns":2},{"damage":17,"enemies":"Hexaghost","floor":16,"turns":11},{"damage":4,"enemies":"Chosen","floor":18,"turns":4},{"damage":6,"enemies":"Shell Parasite","floor":20,"turns":2},{"damage":32,"enemies":"Snecko","floor":21,"turns":5},{"damage":49,"enemies":"Book of Stabbing","floor":23,"turns":5},{"damage":14,"enemies":"Shelled Parasite and Fungi","floor":24,"turns":3},{"damage":9,"enemies":"Gremlin Leader","floor":25,"turns":5},{"damage":6,"enemies":"Snake Plant","floor":28,"turns":2},{"damage":40,"enemies":"Slavers","floor":29,"turns":4},{"damage":6,"enemies":"3 Cultists","floor":31,"turns":3},{"damage":90,"enemies":"Champ","floor":33,"turns":7}],"seed_played":"-7829119020012710326","potions_obtained":[{"floor":8,"key":"ElixirPotion"},{"floor":11,"key":"HeartOfIron"},{"floor":14,"key":"BloodPotion"},{"floor":21,"key":"GamblersBrew"},{"floor":23,"key":"PowerPotion"},{"floor":24,"key":"DistilledChaos"},{"floor":25,"key":"BloodPotion"}],"is_trial":false,"path_per_floor":["M","?","M","?","$","E","R","E","T","R","E","T","?","M","R","B",null,"M","$","M","M","$","E","M","E","T","R","M","E","R","M","R","B"],"character_chosen":"IRONCLAD","items_purchased":["Anger","Flame Barrier","Anchor","Fire Breathing","Pommel Strike","Bag of Preparation","Omamori"],"campfire_rested":3,"item_purchase_floors":[5,5,19,19,22,22,22],"current_hp_per_floor":[78,74,64,64,64,60,60,23,23,45,19,19,19,23,23,14,74,74,74,74,48,48,21,18,17,17,40,45,29,29,46,70,0,0],"gold":197,"neow_bonus":"RANDOM_COMMON_RELIC","is_daily":false,"chose_seed":false,"campfire_upgraded":3,"win_rate":0.0,"timestamp":1610634282,"path_taken":["M","?","M","?","$","E","R","E","T","R","E","?","?","M","R","BOSS","M","$","M","M","$","E","M","E","T","R","M","E","R","M","R","BOSS"],"items_purchased_type":["Card","Card","Relic","Card","Card","Relic","Relic"],"build_version":"2020-12-22","purchased_purges":1,"victory":false,"max_hp_per_floor":[80,74,74,74,74,74,74,74,74,74,74,74,74,74,74,74,74,74,74,74,74,74,74,77,77,77,77,80,80,80,83,83,83,83],"card_choices":[{"not_picked":["Twin Strike","Body Slam"],"picked":"Shrug It Off","floor":1},{"not_picked":["Flex","Dropkick"],"picked":"Cleave","floor":3},{"not_picked":["Perfected Strike","Havoc","Entrench"],"picked":"SKIP","floor":6},{"not_picked":["Body Slam","Twin Strike"],"picked":"Fire Breathing","floor":8},{"not_picked":["Shrug It Off","Sever Soul"],"picked":"Immolate","floor":11},{"not_picked":["Clothesline","Carnage"],"picked":"Armaments","floor":14},{"not_picked":["Clash","Havoc","Heavy Blade"],"picked":"SKIP","floor":14},{"not_picked":["Berserk","Double Tap"],"picked":"Offering","floor":16},{"not_picked":["Headbutt","Anger"],"picked":"Dual Wield","floor":18},{"not_picked":["Body Slam","Havoc+1","Armaments"],"picked":"SKIP","floor":18},{"not_picked":["Havoc","Perfected Strike+1"],"picked":"Dual Wield","floor":20},{"not_picked":["Twin Strike","Dark Embrace","True Grit"],"picked":"SKIP","floor":20},{"not_picked":["Metallicize+1","Feel No Pain","Sword Boomerang"],"picked":"SKIP","floor":21},{"not_picked":["Combust","Metallicize","Dropkick"],"picked":"SKIP","floor":21},{"not_picked":["Havoc","Clothesline"],"picked":"Feed","floor":23},{"not_picked":["Second Wind","Entrench"],"picked":"Anger+1","floor":24},{"not_picked":["Dual Wield","Iron Wave"],"picked":"Searing Blow+1","floor":24},{"not_picked":["Sentinel+1","Iron Wave","Entrench"],"picked":"SKIP","floor":25},{"not_picked":["Hemokinesis","Clothesline"],"picked":"Armaments","floor":28},{"not_picked":["Perfected Strike+1","Twin Strike","Havoc"],"picked":"SKIP","floor":28},{"not_picked":["Clash","Body Slam"],"picked":"Wild Strike","floor":29},{"not_picked":["Clothesline+1","Anger"],"picked":"Warcry+1","floor":31},{"not_picked":["Heavy Blade","Sword Boomerang","Iron Wave"],"picked":"SKIP","floor":31}],"player_experience":385423,"relics_obtained":[{"floor":6,"key":"Prayer Wheel"},{"floor":8,"key":"Old Coin"},{"floor":9,"key":"Ice Cream"},{"floor":11,"key":"Whetstone"},{"floor":12,"key":"Pen Nib"},{"floor":23,"key":"Bottled Tornado"},{"floor":25,"key":"CeramicFish"},{"floor":26,"key":"Red Skull"},{"floor":29,"key":"Meat on the Bone"}],"event_choices":[{"damage_healed":0,"gold_gain":0,"player_choice":"Lose Max HP","damage_taken":0,"relics_obtained":["Golden Idol"],"max_hp_gain":0,"max_hp_loss":6,"event_name":"Golden Idol","floor":2,"gold_loss":0},{"damage_healed":0,"gold_gain":0,"player_choice":"Leave","damage_taken":0,"max_hp_gain":0,"max_hp_loss":0,"event_name":"The Cleric","floor":4,"gold_loss":0},{"damage_healed":0,"gold_gain":0,"player_choice":"Box","damage_taken":0,"relics_obtained":["Ancient Tea Set"],"max_hp_gain":0,"max_hp_loss":0,"event_name":"Big Fish","floor":13,"gold_loss":0,"cards_obtained":["Regret"]}],"is_beta":false,"boss_relics":[{"not_picked":["Ectoplasm","Runic Dome"],"picked":"Mark of Pain"}],"items_purged_floors":[19],"is_endless":false,"potions_floor_spawned":[8,11,14,16,21,23,24,25],"killed_by":"Champ","ascension_level":2}}