{"host":"jwbw4f4imxd0v0b0","time":1610592383,"event":{"mods":["BaseMod","Colored Map","Highlight Path","Minty Spire (QoL Compilation)","Relic Stats","StSLib"],"gold_per_floor":[118,138,158,158,178,213,213,243,243,276,276,286,300,314,314,415,415,427,17,30,30,30,62,62,87,110,0,0,18,44,57,57,156,156,171,171,183,183,237,267,267,297,297,337,349,371,408,439,451,463,475,487,13,46,46],"floor_reached":56,"language":"ENG","playtime":6947,"items_purged":["Writhe","Strike_G"],"score":1761,"play_id":"13e7ba6e-aa74-4f54-a2c2-ffce9406e085","local_time":"20210113204623","is_ascension_mode":true,"campfire_choices":[{"data":"Blade Dance","floor":7.0,"key":"SMITH"},{"floor":11.0,"key":"REST"},{"data":"Bouncing Flask","floor":15.0,"key":"SMITH"},{"data":"Malaise","floor":24.0,"key":"SMITH"},{"data":"Leg Sweep","floor":28.0,"key":"SMITH"},{"data":"Caltrops","floor":32.0,"key":"SMITH"},{"floor":41,"key":"REST"},{"floor":45,"key":"REST"},{"floor":49,"key":"RECALL"},{"data":"Calculated Gamble","floor":52,"key":"SMITH"}],"circlet_count":0,"master_deck":["Strike_G","Strike_G","Strike_G","Strike_G","Defend_G","Defend_G","Defend_G","Defend_G","Defend_G","Survivor","PiercingWail","Blade Dance+1","Distraction","Good Instincts","Terror","Acrobatics","Leg Sweep+1","Blade Dance","Poisoned Stab","PiercingWail","Bouncing Flask+1","Malaise+1","Well Laid Plans","Backflip","Caltrops+1","Leg Sweep","Night Terror","Envenom+1","Accuracy+1","Sadistic Nature+1","PiercingWail+1","Calculated Gamble+1","PiercingWail+1","Accuracy+1","Adrenaline","Blade Dance+1"],"relics":["SlaversCollar","InkBottle","Sundial","Gremlin Horn","Pantograph","Runic Dome","OrangePellets","Matryoshka","Oddly Smooth Stone","Meat on the Bone","Question Card","Frozen Egg 2","Nunchaku","HoveringKite","Bag of Marbles","Smiling Mask","Letter Opener","Dream Catcher","MawBank","Blood Vial","Snake Skull","Membership Card","Kunai","Lantern","Art of War"],"acts_visited":["Exordium","TheCity","TheBeyond","TheEnding"],"potions_floor_usage":[37,42,42,46,55,55,55,55,55,55],"damage_taken":[{"damage":4.0,"enemies":"Cultist","floor":1.0,"turns":5.0},{"damage":0.0,"enemies":"2 Louse","floor":2.0,"turns":4.0},{"damage":1.0,"enemies":"Jaw Worm","floor":3.0,"turns":4.0},{"damage":2.0,"enemies":"Blue Slaver","floor":5.0,"turns":6.0},{"damage":34.0,"enemies":"Gremlin Nob","floor":6.0,"turns":5.0},{"damage":3.0,"enemies":"3 Sentries","floor":8.0,"turns":10.0},{"damage":8.0,"enemies":"Lagavulin","floor":10.0,"turns":5.0},{"damage":0.0,"enemies":"2 Fungi Beasts","floor":12.0,"turns":2.0},{"damage":0.0,"enemies":"Exordium Wildlife","floor":13.0,"turns":7.0},{"damage":11.0,"enemies":"Lots of Slimes","floor":14.0,"turns":4.0},{"damage":14.0,"enemies":"The Guardian","floor":16.0,"turns":8.0},{"damage":9.0,"enemies":"Shell Parasite","floor":18.0,"turns":4.0},{"damage":0.0,"enemies":"2 Thieves","floor":20.0,"turns":3.0},{"damage":10.0,"enemies":"Slavers","floor":23.0,"turns":6.0},{"damage":8.0,"enemies":"Gremlin Leader","floor":25.0,"turns":10.0},{"damage":15.0,"enemies":"Centurion and Healer","floor":29.0,"turns":7.0},{"damage":19.0,"enemies":"Slavers","floor":30.0,"turns":8.0},{"damage":10.0,"enemies":"3 Cultists","floor":31.0,"turns":6.0},{"damage":42.0,"enemies":"Champ","floor":33.0,"turns":11.0},{"damage":6,"enemies":"Orb Walker","floor":35,"turns":4},{"damage":30,"enemies":"3 Darklings","floor":37,"turns":6},{"damage":14,"enemies":"Giant Head","floor":40,"turns":6},{"damage":22,"enemies":"Nemesis","floor":42,"turns":5},{"damage":0,"enemies":"Reptomancer","floor":44,"turns":2},{"damage":19,"enemies":"Transient","floor":46,"turns":5},{"damage":27,"enemies":"Nemesis","floor":47,"turns":5},{"damage":0,"enemies":"Jaw Worm Horde","floor":48,"turns":1},{"damage":37,"enemies":"Time Eater","floor":50,"turns":10},{"damage":9,"enemies":"Shield and Spear","floor":54,"turns":8},{"damage":60,"enemies":"The Heart","floor":55,"turns":6}],"seed_played":"-3647677134737295133","potions_obtained":[{"floor":2.0,"key":"Energy Potion"},{"floor":6.0,"key":"Dexterity Potion"},{"floor":10.0,"key":"Poison Potion"},{"floor":12.0,"key":"Dexterity Potion"},{"floor":13.0,"key":"SteroidPotion"},{"floor":18.0,"key":"Energy Potion"},{"floor":23.0,"key":"BlessingOfTheForge"},{"floor":30.0,"key":"Explosive Potion"},{"floor":31.0,"key":"Fire Potion"},{"floor":35,"key":"Energy Potion"},{"floor":37,"key":"SpeedPotion"},{"floor":40,"key":"AttackPotion"},{"floor":44,"key":"Poison Potion"},{"floor":54,"key":"Fire Potion"}],"is_trial":false,"path_per_floor":["M","M","M","?","M","E","R","E","T","E","R","M","M","M","R","B",null,"M","$","M","?","?","E","R","E","T","$","R","M","E","M","R","B",null,"M","?","M","?","T","E","R","E","T","E","R","M","E","M","R","B",null,"R","$","E","B",null],"character_chosen":"THE_SILENT","items_purchased":["OrangePellets","Matryoshka","Leg Sweep","Membership Card","Kunai","EntropicBrew","DistilledChaos","Lantern"],"campfire_rested":3,"item_purchase_floors":[19,19,27,53,53,53,53,53],"current_hp_per_floor":[59,59,58,58,56,22,22,19,19,11,32,32,32,21,21,32,61,52,52,52,52,52,42,42,46,46,46,46,43,36,38,38,33,61,55,55,37,37,37,35,56,46,46,46,67,50,37,39,39,41,63,63,63,56,22],"gold":46,"neow_bonus":"BOSS_RELIC","is_daily":false,"chose_seed":false,"campfire_upgraded":6,"win_rate":0.0,"timestamp":1610592383,"path_taken":["M","M","?","?","M","E","R","E","T","E","R","M","M","M","R","BOSS","M","$","M","?","?","E","R","E","T","$","R","M","E","M","R","BOSS","M","?","M","?","?","E","R","E","T","E","R","M","E","M","R","BOSS","R","$","E","BOSS"],"items_purchased_type":["Relic","Relic","Card","Relic","Relic","Potion","Potion","Relic"],"build_version":"2020-12-22","purchased_purges":2,"victory":true,"max_hp_per_floor":[70,70,70,70,70,70,70,70,70,70,70,70,70,70,70,70,70,70,70,70,70,70,70,70,70,70,70,70,70,70,70,70,70,70,70,70,70,70,70,70,70,70,70,70,70,70,70,70,70,70,70,70,70,70,70],"relic_stats":{"Gremlin Horn":[30,31],"counters":[30,173],"HoveringKite":[18],"Snake Skull":[40],"Letter Opener":[176],"Question Card":15,"Smiling Mask":0,"MawBank":120,"Blood Vial":12,"OrangePellets":[7],"Nunchaku":[18],"Dream Catcher":1,"Sundial":[16],"Pantograph":87,"Art of War":[1],"Kunai":[8],"obtain_stats":[{"Lantern":53,"Gremlin Horn":9,"HoveringKite":34,"Snake Skull":47,"Smiling Mask":39,"Blood Vial":44,"Nunchaku":30,"Dream Catcher":42,"Matryoshka":19,"Sundial":8,"Pantograph":10,"Kunai":53,"InkBottle":6,"Ring of the Snake":0,"Oddly Smooth Stone":22,"Letter Opener":40,"Frozen Egg 2":26,"Question Card":25,"MawBank":43,"SlaversCollar":0,"Runic Dome":17,"OrangePellets":19,"Bag of Marbles":39,"Art of War":54,"Membership Card":53,"Meat on the Bone":23},{"Lantern":28,"Gremlin Horn":6,"HoveringKite":19,"Snake Skull":26,"Smiling Mask":21,"Blood Vial":24,"Nunchaku":17,"Dream Catcher":23,"Matryoshka":12,"Sundial":6,"Pantograph":7,"Kunai":28,"InkBottle":5,"Ring of the Snake":0,"Oddly Smooth Stone":13,"Letter Opener":22,"Frozen Egg 2":15,"Question Card":15,"MawBank":23,"SlaversCollar":0,"Runic Dome":11,"OrangePellets":12,"Bag of Marbles":21,"Art of War":29,"Membership Card":28,"Meat on the Bone":14},{"Lantern":159,"Gremlin Horn":34,"HoveringKite":115,"Snake Skull":148,"Smiling Mask":125,"Blood Vial":138,"Nunchaku":98,"Dream Catcher":136,"Matryoshka":64,"Sundial":34,"Pantograph":39,"Kunai":159,"InkBottle":24,"Ring of the Snake":0,"Oddly Smooth Stone":67,"Letter Opener":131,"Frozen Egg 2":83,"Question Card":83,"MawBank":136,"SlaversCollar":0,"Runic Dome":60,"OrangePellets":64,"Bag of Marbles":125,"Art of War":167,"Membership Card":159,"Meat on the Bone":73}],"InkBottle":[94],"Meat on the Bone":132},"card_choices":[{"not_picked":["Eviscerate","Deflect"],"picked":"PiercingWail","floor":1.0},{"not_picked":["Cloak And Dagger","Footwork"],"picked":"Blade Dance","floor":2.0},{"not_picked":["Prepared","Quick Slash"],"picked":"Distraction","floor":3.0},{"not_picked":["Flying Knee","Concentrate"],"picked":"Acrobatics","floor":5.0},{"not_picked":["Backflip","Finisher"],"picked":"Leg Sweep","floor":6.0},{"not_picked":["Doppelganger","Flying Knee"],"picked":"Blade Dance","floor":8.0},{"not_picked":["Escape Plan","Reflex"],"picked":"Poisoned Stab","floor":10.0},{"not_picked":["Endless Agony","Backflip"],"picked":"PiercingWail","floor":12.0},{"not_picked":["Deflect","Endless Agony","Dodge and Roll"],"picked":"SKIP","floor":13.0},{"not_picked":["Leg Sweep","Slice"],"picked":"Bouncing Flask","floor":14.0},{"not_picked":["Storm of Steel","Doppelganger"],"picked":"Malaise","floor":16.0},{"not_picked":["Flying Knee+1","Dash"],"picked":"Well Laid Plans","floor":18.0},{"not_picked":["Quick Slash+1","Outmaneuver"],"picked":"Backflip","floor":20.0},{"not_picked":["Backflip","Poisoned Stab+1"],"picked":"Caltrops","floor":23.0},{"not_picked":["Flying Knee","Endless Agony","Acrobatics"],"picked":"SKIP","floor":25.0},{"not_picked":["Outmaneuver","Flying Knee","Sucker Punch"],"picked":"Night Terror","floor":29.0},{"not_picked":["Slice+1","Calculated Gamble","Sucker Punch","Prepared"],"picked":"SKIP","floor":30.0},{"not_picked":["All Out Attack+1","Dodge and Roll","Dagger Throw","Flying Knee+1"],"picked":"SKIP","floor":31.0},{"not_picked":["Unload","Glass Knife","Phantasmal Killer"],"picked":"Envenom+1","floor":33.0},{"not_picked":["Expertise","Riddle With Holes","Eviscerate","Masterful Stab+1"],"picked":"SKIP","floor":35},{"not_picked":["Quick Slash+1","Outmaneuver","Deadly Poison"],"picked":"Accuracy+1","floor":37},{"not_picked":["Transmutation","Flash of Steel","Dark Shackles"],"picked":"Sadistic Nature+1","floor":38},{"not_picked":["Concentrate+1","Tools of the Trade+1","Well Laid Plans+1"],"picked":"PiercingWail+1","floor":40},{"not_picked":["Riddle With Holes+1","Blade Dance","Deflect"],"picked":"Calculated Gamble","floor":42},{"not_picked":["Flying Knee+1","Finisher","Dash+1","Heel Hook+1"],"picked":"SKIP","floor":44},{"not_picked":["Deadly Poison","Prepared","Backflip+1"],"picked":"PiercingWail+1","floor":45},{"not_picked":["Poisoned Stab","Flying Knee","Dagger Spray+1","Acrobatics"],"picked":"SKIP","floor":46},{"not_picked":["Flying Knee+1","Slice","Backflip"],"picked":"Accuracy+1","floor":47},{"not_picked":["Outmaneuver+1","Prepared+1","Crippling Poison+1"],"picked":"Adrenaline","floor":48},{"not_picked":["Slice","Cloak And Dagger+1","Bouncing Flask"],"picked":"Blade Dance+1","floor":54}],"player_experience":1039671,"relics_obtained":[{"floor":6.0,"key":"InkBottle"},{"floor":8.0,"key":"Sundial"},{"floor":9.0,"key":"Gremlin Horn"},{"floor":10.0,"key":"Pantograph"},{"floor":23.0,"key":"Meat on the Bone"},{"floor":25.0,"key":"Question Card"},{"floor":26.0,"key":"Frozen Egg 2"},{"floor":30.0,"key":"Nunchaku"},{"floor":39,"key":"Bag of Marbles"},{"floor":39,"key":"Smiling Mask"},{"floor":40,"key":"Letter Opener"},{"floor":42,"key":"Dream Catcher"},{"floor":43,"key":"MawBank"},{"floor":44,"key":"Blood Vial"},{"floor":47,"key":"Snake Skull"},{"floor":54,"key":"Art of War"}],"event_choices":[{"damage_healed":0.0,"max_hp_gain":0.0,"max_hp_loss":0.0,"gold_gain":0.0,"event_name":"Match and Keep!","player_choice":"2 cards matched","floor":4.0,"gold_loss":0.0,"damage_taken":0.0,"cards_obtained":["Good Instincts","Terror"]},{"damage_healed":0.0,"max_hp_gain":0.0,"max_hp_loss":0.0,"gold_gain":0.0,"event_name":"Vampires","player_choice":"Ignored","floor":21.0,"gold_loss":0.0,"damage_taken":0.0},{"damage_healed":0.0,"max_hp_gain":0.0,"max_hp_loss":0.0,"gold_gain":0.0,"event_name":"The Mausoleum","player_choice":"Opened","floor":22.0,"gold_loss":0.0,"damage_taken":0.0,"relics_obtained":["Oddly Smooth Stone"],"cards_obtained":["Writhe"]},{"cards_removed":["Neutralize"],"damage_healed":0,"gold_gain":0,"player_choice":"Removed Attack","damage_taken":0,"max_hp_gain":0,"max_hp_loss":0,"event_name":"Falling","floor":36,"gold_loss":0},{"damage_healed":0,"gold_gain":0,"player_choice":"Memory 1","damage_taken":0,"max_hp_gain":0,"max_hp_loss":0,"event_name":"SensoryStone","floor":38,"gold_loss":0}],"is_beta":false,"boss_relics":[{"not_picked":["Sozu","Empty Cage"],"picked":"Runic Dome"},{"not_picked":["Busted Crown","Tiny House"],"picked":"HoveringKite"}],"items_purged_floors":[27,53],"is_endless":false,"potions_floor_spawned":[2,6,10,12,13,18,23,30,31,35,37,40,44,54],"ascension_level":7}}