{"host":"tgr1xoidyjfo4u0n","time":1610643857,"event":{"mods":["Act Like it!","Alarm Clock","BaseMod","CapriCore","Colored Powertips","GifTheSpireLib","Highlight Path","Minty Spire (QoL Compilation)","StSLib"],"gold_per_floor":[10,27,44,44,44,44,79,79,79,112,123,137,137,154,154,253,253,270,270,270,92,103,134,134,134,134,146,146,181,39,58,58,158,158,178,178,13,63,75,75,90,117,117,127,159,159,186,200,200,200,200,200,39,64,64],"floor_reached":56,"language":"ZHS","playtime":5903,"items_purged":["Strike_P","Strike_P","Defend_P","Defend_P"],"score":1704,"play_id":"c6bb1e23-39b9-4d7a-96a0-cfc74f30058d","local_time":"20210115010417","is_ascension_mode":true,"campfire_choices":[{"data":"Eruption","floor":6.0,"key":"SMITH"},{"data":"Prostrate","floor":13.0,"key":"SMITH"},{"data":"FlurryOfBlows","floor":15.0,"key":"SMITH"},{"data":"MentalFortress","floor":25.0,"key":"SMITH"},{"data":"Adaptation","floor":28.0,"key":"SMITH"},{"floor":32.0,"key":"RECALL"},{"data":"Adaptation","floor":40,"key":"SMITH"},{"data":"FlurryOfBlows","floor":49,"key":"SMITH"},{"data":"CutThroughFate","floor":52,"key":"SMITH"}],"circlet_count":0,"master_deck":["Defend_P","Eruption+1","Vigilance","FlurryOfBlows+1","WheelKick","CutThroughFate+1","DeceiveReality","Prostrate+1","FlurryOfBlows+1","Brilliance+1","MentalFortress+1","Adaptation+1","FearNoEvil+1","EmptyFist","Evaluate+1","CrushJoints+1","Adaptation+1","Prostrate+1","Secret Technique","InnerPeace","Indignation+1","MentalFortress+1","InnerPeace","Crescendo+1"],"relics":["PureWater","TeardropLocket","Damaru","The Courier","Bag of Preparation","Coffee Dripper","Sling","Anchor","Thread and Needle","Runic Pyramid","CloakClasp","Du-Vu Doll","PreservedInsect","Shuriken","HornCleat","Whetstone"],"acts_visited":["Exordium","TheCity","TheBeyond","TheEnding"],"potions_floor_usage":[55,55],"damage_taken":[{"damage":1.0,"enemies":"Jaw Worm","floor":1.0,"turns":3.0},{"damage":0.0,"enemies":"Small Slimes","floor":2.0,"turns":4.0},{"damage":0.0,"enemies":"2 Louse","floor":3.0,"turns":3.0},{"damage":0.0,"enemies":"Gremlin Nob","floor":7.0,"turns":2.0},{"damage":0.0,"enemies":"Lagavulin","floor":10.0,"turns":3.0},{"damage":0.0,"enemies":"Large Slime","floor":11.0,"turns":1.0},{"damage":0.0,"enemies":"Exordium Wildlife","floor":12.0,"turns":2.0},{"damage":0.0,"enemies":"Red Slaver","floor":14.0,"turns":5.0},{"damage":40.0,"enemies":"Hexaghost","floor":16.0,"turns":7.0},{"damage":0.0,"enemies":"2 Thieves","floor":18.0,"turns":2.0},{"damage":1.0,"enemies":"Shell Parasite","floor":22.0,"turns":3.0},{"damage":0.0,"enemies":"Slavers","floor":23.0,"turns":3.0},{"damage":0.0,"enemies":"Snake Plant","floor":27.0,"turns":2.0},{"damage":3.0,"enemies":"Gremlin Leader","floor":29.0,"turns":4.0},{"damage":0.0,"enemies":"Shelled Parasite and Fungi","floor":31.0,"turns":2.0},{"damage":0.0,"enemies":"Automaton","floor":33.0,"turns":6.0},{"damage":0.0,"enemies":"3 Shapes","floor":35.0,"turns":4.0},{"damage":0,"enemies":"Mind Bloom Boss Battle","floor":38,"turns":4},{"damage":0,"enemies":"3 Darklings","floor":39,"turns":3},{"damage":0,"enemies":"4 Shapes","floor":41,"turns":2},{"damage":0,"enemies":"Giant Head","floor":42,"turns":3},{"damage":0,"enemies":"Maw","floor":44,"turns":3},{"damage":0,"enemies":"Nemesis","floor":45,"turns":3},{"damage":0,"enemies":"Giant Head","floor":47,"turns":3},{"damage":0,"enemies":"Transient","floor":48,"turns":5},{"damage":0,"enemies":"Awakened One","floor":50,"turns":4},{"damage":0,"enemies":"Shield and Spear","floor":54,"turns":3},{"damage":0,"enemies":"The Heart","floor":55,"turns":4}],"seed_played":"-1621279710385517354","potions_obtained":[{"floor":3.0,"key":"PowerPotion"},{"floor":7.0,"key":"BlessingOfTheForge"},{"floor":14.0,"key":"Ancient Potion"},{"floor":23.0,"key":"LiquidMemories"},{"floor":35.0,"key":"FearPotion"}],"is_trial":false,"path_per_floor":["M","M","M","?","?","R","E","?","T","E","M","M","R","M","R","B",null,"M","?","?","$","M","E","?","R","T","M","R","E","$","M","R","B",null,"M","?","$","?","M","R","M","E","T","M","E","?","E","M","R","B",null,"R","$","E","B",null],"character_chosen":"WATCHER","items_purchased":["Sling","Adaptation","InnerPeace","PowerPotion"],"campfire_rested":0,"item_purchase_floors":[21,30,37,53],"current_hp_per_floor":[71,71,71,76,76,76,76,73,73,73,73,73,73,73,73,33,77,77,63,63,63,62,62,62,62,62,62,62,59,59,59,59,59,82,82,82,82,82,82,82,82,82,82,82,82,82,82,82,82,82,82,82,82,82,82],"gold":64,"neow_bonus":"REMOVE_TWO","is_daily":false,"chose_seed":false,"campfire_upgraded":8,"win_rate":0.0,"timestamp":1610643857,"path_taken":["M","M","M","?","?","R","E","?","T","E","M","M","R","M","R","BOSS","M","?","?","$","M","E","?","R","T","M","R","E","?","M","R","BOSS","M","?","$","?","?","R","M","E","T","M","E","?","E","M","R","BOSS","R","$","E","BOSS"],"items_purchased_type":["Relic","Card","Card","Potion"],"build_version":"2020-12-22","purchased_purges":4,"victory":true,"max_hp_per_floor":[72,72,72,77,77,77,77,77,77,77,77,77,77,77,77,77,77,77,82,82,82,82,82,82,82,82,82,82,82,82,82,82,82,82,82,82,82,82,82,82,82,82,82,82,82,82,82,82,82,82,82,82,82,82,82],"card_choices":[{"not_picked":["FlyingSleeves","SashWhip","ThirdEye"],"picked":"SKIP","floor":1.0},{"not_picked":["PathToVictory","JustLucky"],"picked":"FlurryOfBlows","floor":2.0},{"not_picked":["EmptyFist","FollowUp"],"picked":"WheelKick","floor":3.0},{"not_picked":["Alpha","SashWhip"],"picked":"CutThroughFate","floor":7.0},{"not_picked":["Protect","Indignation","PathToVictory"],"picked":"SKIP","floor":10.0},{"not_picked":["Halt","SignatureMove"],"picked":"DeceiveReality","floor":11.0},{"not_picked":["Halt","MentalFortress"],"picked":"Prostrate","floor":12.0},{"not_picked":["CarveReality","SignatureMove"],"picked":"FlurryOfBlows","floor":14.0},{"not_picked":["Devotion","Wish"],"picked":"Brilliance","floor":16.0},{"not_picked":["BowlingBash","Consecrate"],"picked":"MentalFortress","floor":18.0},{"not_picked":["FollowUp","Swivel+1"],"picked":"FearNoEvil","floor":22.0},{"not_picked":["ReachHeaven","JustLucky"],"picked":"EmptyFist","floor":23.0},{"not_picked":["Nirvana","Weave"],"picked":"Evaluate+1","floor":27.0},{"not_picked":["FlurryOfBlows","Collect"],"picked":"CrushJoints+1","floor":29.0},{"not_picked":["ClearTheMind","SignatureMove","WindmillStrike"],"picked":"SKIP","floor":31.0},{"not_picked":["FollowUp","SandsOfTime"],"picked":"Prostrate+1","floor":35.0},{"not_picked":["Jack Of All Trades","Transmutation"],"picked":"Secret Technique","floor":36},{"not_picked":["CrushJoints","Evaluate"],"picked":"Indignation+1","floor":39},{"not_picked":["Prostrate","Crescendo+1","SandsOfTime"],"picked":"SKIP","floor":41},{"not_picked":["Indignation","Protect+1","Consecrate"],"picked":"SKIP","floor":42},{"not_picked":["Fasting2","Study"],"picked":"MentalFortress+1","floor":44},{"not_picked":["LikeWater","CutThroughFate","Halt+1"],"picked":"SKIP","floor":45},{"not_picked":["EmptyBody+1","Collect+1","FlyingSleeves"],"picked":"SKIP","floor":47},{"not_picked":["EmptyBody+1","Collect+1","FlyingSleeves"],"picked":"SKIP","floor":47},{"not_picked":["MentalFortress","ClearTheMind+1"],"picked":"Crescendo+1","floor":48},{"not_picked":["EmptyBody","FollowUp","WheelKick+1"],"picked":"SKIP","floor":54}],"player_experience":369416,"relics_obtained":[{"floor":7.0,"key":"TeardropLocket"},{"floor":9.0,"key":"The Courier"},{"floor":10.0,"key":"Bag of Preparation"},{"floor":23.0,"key":"Anchor"},{"floor":29.0,"key":"Thread and Needle"},{"floor":38,"key":"CloakClasp"},{"floor":42,"key":"Du-Vu Doll"},{"floor":43,"key":"PreservedInsect"},{"floor":45,"key":"Shuriken"},{"floor":47,"key":"HornCleat"},{"floor":54,"key":"Whetstone"}],"event_choices":[{"damage_healed":0.0,"max_hp_gain":5.0,"max_hp_loss":0.0,"gold_gain":0.0,"event_name":"Big Fish","player_choice":"Donut","floor":4.0,"gold_loss":0.0,"damage_taken":0.0},{"cards_removed":["Strike_P"],"damage_healed":0.0,"max_hp_gain":0.0,"max_hp_loss":0.0,"gold_gain":0.0,"event_name":"Living Wall","player_choice":"Forget","floor":5.0,"gold_loss":0.0,"damage_taken":0.0},{"damage_healed":0.0,"max_hp_gain":0.0,"max_hp_loss":0.0,"gold_gain":0.0,"event_name":"Scrap Ooze","player_choice":"Success","floor":8.0,"gold_loss":0.0,"damage_taken":3.0,"relics_obtained":["Damaru"]},{"damage_healed":0.0,"max_hp_gain":5.0,"max_hp_loss":0.0,"gold_gain":0.0,"event_name":"Forgotten Altar","player_choice":"Shed Blood","floor":19.0,"gold_loss":0.0,"damage_taken":19.0},{"damage_healed":0.0,"max_hp_gain":0.0,"max_hp_loss":0.0,"gold_gain":0.0,"event_name":"The Library","player_choice":"Read","floor":20.0,"gold_loss":0.0,"damage_taken":0.0,"cards_obtained":["Adaptation"]},{"damage_healed":0.0,"max_hp_gain":0.0,"max_hp_loss":0.0,"gold_gain":0.0,"event_name":"Vampires","player_choice":"Ignored","floor":24.0,"gold_loss":0.0,"damage_taken":0.0},{"damage_healed":0,"gold_gain":0,"player_choice":"Memory 1","damage_taken":0,"max_hp_gain":0,"max_hp_loss":0,"event_name":"SensoryStone","floor":36,"gold_loss":0},{"damage_healed":0,"gold_gain":0,"player_choice":"Fight","damage_taken":0,"max_hp_gain":0,"max_hp_loss":0,"event_name":"MindBloom","floor":38,"gold_loss":0},{"damage_healed":0,"gold_gain":0,"player_choice":"Copied","damage_taken":0,"max_hp_gain":0,"max_hp_loss":0,"event_name":"Duplicator","floor":46,"gold_loss":0,"cards_obtained":["InnerPeace"]}],"is_beta":false,"boss_relics":[{"not_picked":["Cursed Key","SlaversCollar"],"picked":"Coffee Dripper"},{"not_picked":["VioletLotus","Busted Crown"],"picked":"Runic Pyramid"}],"items_purged_floors":[21,30,37,53],"is_endless":false,"potions_floor_spawned":[3,7,14,23,27,33,35,41,45,47],"ascension_level":1}}