{"host":"Ringo","time":1610597152,"event":{"mods":["BaseMod","Colored Map","Conspire","Dota2Spire","Minty Spire (QoL Compilation)","StSLib","[IsaacMod]ÒÔÈö¼âËþ","¡¾ÒÅÎï¿¨ÅÆ¡¿REMEMod"],"gold_per_floor":[119,139,152,152,170,201,212,240,240,271,94,94,94,44,44,175,175,190,215,233,233,248,248,248,248,323,238,254,254,290,21,21,151,151,169,183,516,28,38,70,80,80,80,80,80],"floor_reached":44,"language":"ZHS","playtime":1317,"items_purged":["Defend_R","Defend_R"],"score":744,"play_id":"92181a3b-2b4d-415c-a5df-412461d28217","local_time":"20210114120552","is_ascension_mode":true,"campfire_choices":[{"data":"Shrug It Off","floor":13,"key":"SMITH"},{"data":"Armaments","floor":15,"key":"SMITH"},{"floor":23,"key":"REST"},{"data":"Sword Boomerang","floor":25,"key":"SMITH"},{"floor":29,"key":"REST"},{"data":"REME_Flogging","floor":32,"key":"SMITH"},{"data":"REME_Flogging+1","floor":42,"key":"SMITH"}],"circlet_count":0,"master_deck":["Strike_R","Strike_R","Strike_R","Strike_R","Strike_R","Bash","Unload","Anger","Cleave","Thunderclap","Dropkick","Twin Strike","Inflame","Sword Boomerang+1","Armaments+1","Shrug It Off+1","Armaments","Clash","Metallicize+1","Writhe","REME_Flogging+2","Iron Wave+1","Armaments"],"relics":["Burning Blood","HushsDoor","REME_ComplimentaryCards","SatanicBible","Chaos","conspire:RunicOctahedron","Lantern","Dota2Spire:BattleFury","Black Star","Champion Belt","GuppysHairball","Nilry\u0027s Codex","conspire:Dentures","REME_DemonsWealth","Singing Bowl","Inserter","Snake Skull","conspire:InfiniteJournal","Dota2Spire:ArcaneBoots","GuppysHead","DeathBook","Dota2Spire:MonkeyKingBar","Dota2Spire:Butterfly"],"acts_visited":["Exordium","TheCity","TheBeyond"],"potions_floor_usage":[6,7,8,16,18,20,22,33,35,36,44],"damage_taken":[{"damage":0,"enemies":"Cultist","floor":1,"turns":2},{"damage":12,"enemies":"Jaw Worm","floor":2,"turns":2},{"damage":0,"enemies":"2 Louse","floor":3,"turns":2},{"damage":0,"enemies":"Large Slime","floor":5,"turns":4},{"damage":0,"enemies":"Lagavulin","floor":6,"turns":3},{"damage":11,"enemies":"Looter","floor":7,"turns":2},{"damage":10,"enemies":"3 Sentries","floor":8,"turns":2},{"damage":0,"enemies":"Lagavulin","floor":10,"turns":3},{"damage":49,"enemies":"Hexaghost","floor":16,"turns":5},{"damage":8,"enemies":"2 Thieves","floor":18,"turns":2},{"damage":0,"enemies":"Spheric Guardian","floor":19,"turns":3},{"damage":33,"enemies":"Snake Plant","floor":20,"turns":4},{"damage":12,"enemies":"Chosen and Byrds","floor":22,"turns":3},{"damage":8,"enemies":"Snecko","floor":28,"turns":3},{"damage":0,"enemies":"REME_1_Revenger","floor":30,"turns":2},{"damage":21,"enemies":"Collector","floor":33,"turns":5},{"damage":10,"enemies":"Orb Walker","floor":35,"turns":3},{"damage":6,"enemies":"3 Shapes","floor":36,"turns":1},{"damage":0,"enemies":"Maw","floor":39,"turns":6},{"damage":40,"enemies":"Giant Head","floor":40,"turns":6},{"damage":0,"enemies":"4 Shapes","floor":41,"turns":1},{"damage":68,"enemies":"Nemesis","floor":44,"turns":4}],"seed_played":"-4260241698067413797","potions_obtained":[{"floor":2,"key":"FearPotion"},{"floor":6,"key":"Fire Potion"},{"floor":7,"key":"Weak Potion"},{"floor":8,"key":"BloodPotion"},{"floor":16,"key":"DistilledChaos"},{"floor":19,"key":"BlessingOfTheForge"},{"floor":20,"key":"Dota2Spire:Clarity"},{"floor":22,"key":"Swift Potion"},{"floor":33,"key":"BlessingOfTheForge"},{"floor":35,"key":"Strength Potion"},{"floor":41,"key":"Ancient Potion"}],"is_trial":false,"path_per_floor":["M","M","M","T","M","E","M","E","T","E","$","?","R","?","R","B",null,"M","M","M","?","M","R","?","R","T","?","M","R","E","$","R","B",null,"M","M","?","$","M","E","M","R","T","E"],"character_chosen":"IRONCLAD","items_purchased":["Armaments","Shrug It Off","GuppysHairball","REME_Flogging","Dota2Spire:ArcaneBoots","GuppysHead","Armaments"],"campfire_rested":2,"item_purchase_floors":[11,11,17,31,38,38,38],"current_hp_per_floor":[78,72,78,78,80,80,75,71,71,77,77,57,57,57,57,30,60,58,64,37,21,15,36,36,36,36,36,36,57,65,65,65,52,70,68,68,68,68,76,44,52,52,52,0,0],"gold":80,"neow_bonus":"TRANSFORM_CARD","is_daily":false,"chose_seed":false,"campfire_upgraded":5,"win_rate":0.0,"timestamp":1610597152,"path_taken":["M","M","M","?","M","E","M","E","T","E","$","?","R","?","R","BOSS","M","?","M","?","M","R","?","R","T","?","M","R","E","$","R","BOSS","M","M","?","$","M","E","M","R","T","E"],"items_purchased_type":["Card","Card","Relic","Card","Relic","Relic","Card"],"build_version":"2020-12-18","purchased_purges":2,"victory":false,"max_hp_per_floor":[80,80,80,80,80,80,80,80,80,80,80,80,80,80,80,80,70,70,70,70,70,70,70,70,70,70,70,72,72,74,74,74,76,76,78,78,78,78,80,82,84,84,84,84,84],"card_choices":[{"not_picked":["Flame Barrier","Burning Pact"],"picked":"Cleave","floor":1},{"not_picked":["Wild Strike","Headbutt"],"picked":"Thunderclap","floor":2},{"not_picked":["Wild Strike","conspire:Purge"],"picked":"Dropkick","floor":3},{"not_picked":["Heavy Blade","Sentinel","REME_SingleHolding"],"picked":"SKIP","floor":5},{"not_picked":["Sentinel","Pommel Strike"],"picked":"Twin Strike","floor":6},{"not_picked":["Iron Wave","Headbutt"],"picked":"Inflame","floor":7},{"not_picked":["Battle Trance","Body Slam","REME_Scribble"],"picked":"SKIP","floor":8},{"not_picked":["Fiend Fire","Clash"],"picked":"Sword Boomerang","floor":10},{"not_picked":["Body Slam+1","Headbutt"],"picked":"Armaments","floor":18},{"not_picked":["Anger","Clothesline"],"picked":"Clash","floor":19},{"not_picked":["Brutality","Wild Strike+1"],"picked":"Metallicize+1","floor":20},{"not_picked":["Searing Blow","Clothesline","Sword Boomerang"],"picked":"SKIP","floor":22},{"not_picked":["Spot Weakness","Pommel Strike","Thunderclap","Normality"],"picked":"Singing Bowl","floor":28},{"not_picked":["Feel No Pain+1","Warcry","Havoc","Doubt"],"picked":"Singing Bowl","floor":30},{"not_picked":["conspire:Purge","Fiend Fire","Demon Form","Doubt"],"picked":"Singing Bowl","floor":33},{"not_picked":["Twin Strike+1","Pommel Strike","True Grit+1","Normality"],"picked":"Singing Bowl","floor":35},{"not_picked":["Reckless Charge+1","Sword Boomerang","conspire:Blindness"],"picked":"Iron Wave+1","floor":36},{"not_picked":["Wild Strike","REME_FearOfPain","Inflame","Normality"],"picked":"Singing Bowl","floor":39},{"not_picked":["Battle Trance","Perfected Strike","Offering","Writhe"],"picked":"Singing Bowl","floor":40},{"not_picked":["Cleave","Anger+1","Evolve+1","Decay"],"picked":"Singing Bowl","floor":41}],"player_experience":514889,"relics_obtained":[{"floor":4,"key":"Chaos"},{"floor":6,"key":"conspire:RunicOctahedron"},{"floor":8,"key":"Lantern"},{"floor":9,"key":"Dota2Spire:BattleFury"},{"floor":10,"key":"Black Star"},{"floor":21,"key":"Nilry\u0027s Codex"},{"floor":26,"key":"REME_DemonsWealth"},{"floor":30,"key":"Inserter"},{"floor":30,"key":"Snake Skull"},{"floor":40,"key":"DeathBook"},{"floor":40,"key":"Dota2Spire:MonkeyKingBar"},{"floor":43,"key":"Dota2Spire:Butterfly"}],"event_choices":[{"damage_healed":0,"gold_gain":0,"player_choice":"Take Damage","damage_taken":20,"relics_obtained":["Golden Idol"],"max_hp_gain":0,"max_hp_loss":0,"event_name":"Golden Idol","floor":12,"gold_loss":0},{"cards_removed":["Defend_R"],"damage_healed":0,"gold_gain":0,"player_choice":"Card Removal","damage_taken":0,"max_hp_gain":0,"max_hp_loss":0,"event_name":"The Cleric","floor":14,"gold_loss":50},{"damage_healed":0,"gold_gain":0,"player_choice":"Obtained Book","damage_taken":16,"max_hp_gain":0,"max_hp_loss":0,"event_name":"Cursed Tome","floor":21,"gold_loss":0},{"damage_healed":0,"gold_gain":0,"player_choice":"Opened","damage_taken":0,"relics_obtained":["conspire:Dentures"],"max_hp_gain":0,"max_hp_loss":0,"event_name":"The Mausoleum","floor":24,"gold_loss":0,"cards_obtained":["Writhe"]},{"damage_healed":0,"gold_gain":0,"player_choice":"Obtained Relic","damage_taken":0,"relics_obtained":["Singing Bowl"],"max_hp_gain":0,"max_hp_loss":0,"event_name":"Addict","floor":27,"gold_loss":85},{"damage_healed":0,"gold_gain":333,"player_choice":"Gave Idol","damage_taken":0,"max_hp_gain":0,"max_hp_loss":0,"event_name":"The Moai Head","floor":37,"relics_lost":["Golden Idol"],"gold_loss":0}],"is_beta":true,"boss_relics":[{"not_picked":["Ginger","SteamSale"],"picked":"Champion Belt"},{"not_picked":[]},{"not_picked":["Sling","Orrery"],"picked":"conspire:InfiniteJournal"},{"not_picked":[]}],"items_purged_floors":[11,31],"is_endless":false,"potions_floor_spawned":[2,6,7,8,16,19,20,22,33,35,41],"killed_by":"Nemesis","ascension_level":6}}