{"host":"mdbnki27vzqujy5q","time":1610611747,"event":{"mods":["BaseMod","Better Note","Better Skull","Colored Map","Colored Powertips","DeckTracker","Highlight Path","Minty Spire (QoL Compilation)","Quick Restart","Rare Cards Sparkle","StSLib"],"gold_per_floor":[16,16,291,166,191,227,227,250,276,26,26,26],"floor_reached":11,"language":"ENG","playtime":354,"items_purged":["Regret","Defend_P"],"score":75,"play_id":"b6b50d58-d40b-4a1b-bf7c-6fff3dfcc36c","local_time":"20210114000907","is_ascension_mode":true,"campfire_choices":[{"floor":7,"key":"REST"}],"circlet_count":0,"master_deck":["Strike_P","Strike_P","Strike_P","Defend_P","Defend_P","Eruption","Vigilance","Swivel","FollowUp","Vengeance","Study","MentalFortress"],"relics":["PureWater","Golden Idol","Happy Flower","Bag of Marbles","Blood Vial"],"acts_visited":[],"potions_floor_usage":[],"damage_taken":[{"damage":9,"enemies":"2 Louse","floor":1,"turns":2},{"damage":0,"enemies":"Cultist","floor":5,"turns":3},{"damage":23,"enemies":"Lagavulin","floor":6,"turns":5},{"damage":3,"enemies":"Jaw Worm","floor":8,"turns":2},{"damage":44,"enemies":"Gremlin Nob","floor":11,"turns":3}],"seed_played":"-3146925392713342859","potions_obtained":[{"floor":6,"key":"Strength Potion"}],"is_trial":false,"path_per_floor":["M","?","?","$","M","E","R","M","T","$","E"],"character_chosen":"WATCHER","items_purchased":["FollowUp","Blood Vial"],"campfire_rested":1,"item_purchase_floors":[4,10],"current_hp_per_floor":[63,45,45,45,45,22,43,40,40,40,0,0],"gold":26,"neow_bonus":"REMOVE_TWO","is_daily":false,"chose_seed":false,"campfire_upgraded":0,"win_rate":0.0,"timestamp":1610611747,"path_taken":["M","?","?","$","M","E","R","M","T","$","E"],"items_purchased_type":["Card","Relic"],"build_version":"2020-12-22","purchased_purges":2,"victory":false,"max_hp_per_floor":[72,72,72,72,72,72,72,72,72,72,72,72],"card_choices":[{"not_picked":["Protect","SignatureMove"],"picked":"Swivel","floor":1},{"not_picked":["Prostrate","WheelKick"],"picked":"Vengeance","floor":5},{"not_picked":["CarveReality","Prostrate"],"picked":"Study","floor":6},{"not_picked":["BattleHymn","ThirdEye"],"picked":"MentalFortress","floor":8}],"player_experience":81986,"relics_obtained":[{"floor":6,"key":"Happy Flower"},{"floor":9,"key":"Bag of Marbles"}],"event_choices":[{"damage_healed":0,"gold_gain":0,"player_choice":"Take Damage","damage_taken":18,"relics_obtained":["Golden Idol"],"max_hp_gain":0,"max_hp_loss":0,"event_name":"Golden Idol","floor":2,"gold_loss":0},{"damage_healed":0,"gold_gain":275,"player_choice":"Desecrate","damage_taken":0,"max_hp_gain":0,"max_hp_loss":0,"event_name":"Golden Shrine","floor":3,"gold_loss":0,"cards_obtained":["Regret"]}],"is_beta":false,"boss_relics":[],"items_purged_floors":[4,10],"is_endless":false,"potions_floor_spawned":[6],"killed_by":"Gremlin Nob","ascension_level":1}}