{"host":"zxkjcgzis4pm3za5","time":1610645877,"event":{"mods":["AchievementEnabler","Act Like it!","BaseMod","Colored Map","Colored Powertips","Friendly Minions","GifTheSpireLib","Minty Spire (QoL Compilation)","Quick Restart","RNG Fix","Random Character Button","Relic Sorter","Relic Stats","StSLib"],"gold_per_floor":[117,133,133,58,58,88,103,103,126,126,51,51,83,97,97,170,170,181,96,96,113,128,128,128,128],"floor_reached":24,"language":"ENG","playtime":645,"items_purged":["Strike_R"],"score":357,"play_id":"5e009bf7-eff3-4922-9b76-c25fc2543175","local_time":"20210114230757","is_ascension_mode":true,"campfire_choices":[{"data":"Flex","floor":8,"key":"SMITH"},{"data":"Anger","floor":12,"key":"SMITH"},{"data":"Rage","floor":15,"key":"SMITH"},{"data":"Limit Break","floor":23,"key":"SMITH"}],"circlet_count":0,"master_deck":["AscendersBane","Strike_R","Strike_R","Strike_R","Defend_R+1","Defend_R","Defend_R","Defend_R","Bash+1","Anger+1","Disarm+1","Flex+1","Shrug It Off+1","Iron Wave","Rage+1","Limit Break+1","Ghostly Armor","Clothesline"],"relics":["Burning Blood","Matryoshka","Paper Frog","Potion Belt","War Paint","Oddly Smooth Stone","Black Star","Calipers"],"acts_visited":["Exordium","TheCity"],"potions_floor_usage":[16,21,24],"damage_taken":[{"damage":6,"enemies":"Cultist","floor":1,"turns":3},{"damage":1,"enemies":"2 Louse","floor":2,"turns":4},{"damage":45,"enemies":"3 Sentries","floor":6,"turns":10},{"damage":3,"enemies":"Small Slimes","floor":7,"turns":3},{"damage":7,"enemies":"Lagavulin","floor":13,"turns":5},{"damage":5,"enemies":"Looter","floor":14,"turns":3},{"damage":18,"enemies":"The Guardian","floor":16,"turns":9},{"damage":30,"enemies":"Spheric Guardian","floor":18,"turns":8},{"damage":6,"enemies":"Chosen","floor":21,"turns":5},{"damage":16,"enemies":"Snake Plant","floor":22,"turns":4},{"damage":61,"enemies":"Slavers","floor":24,"turns":4}],"seed_played":"5538802771218925784","potions_obtained":[{"floor":6,"key":"ElixirPotion"},{"floor":13,"key":"AttackPotion"},{"floor":14,"key":"Regen Potion"},{"floor":16,"key":"DistilledChaos"},{"floor":18,"key":"SmokeBomb"}],"is_trial":false,"path_per_floor":["M","M","?","$","T","E","M","R","T","?","?","R","E","M","R","B",null,"M","?","?","M","M","R","E"],"character_chosen":"IRONCLAD","items_purchased":[],"campfire_rested":0,"item_purchase_floors":[],"current_hp_per_floor":[68,73,73,73,73,34,37,37,37,37,37,37,36,37,37,25,63,39,39,54,54,44,44,0,0],"gold":128,"neow_bonus":"UPGRADE_CARD","is_daily":false,"chose_seed":false,"campfire_upgraded":4,"win_rate":0.0,"timestamp":1610645877,"path_taken":["M","M","?","?","?","E","M","R","T","?","?","R","E","M","R","BOSS","M","?","?","M","M","R","E"],"items_purchased_type":[],"build_version":"2020-12-22","purchased_purges":1,"victory":false,"max_hp_per_floor":[75,75,75,75,75,75,75,75,75,75,75,75,75,75,75,75,75,75,75,75,75,75,75,75,75],"relic_stats":{"counters":[11,58],"Black Star":0,"War Paint":["Defend_R","Shrug It Off"],"obtain_stats":[{"Potion Belt":9,"Matryoshka":5,"Calipers":19,"Oddly Smooth Stone":13,"Black Star":17,"War Paint":9,"Burning Blood":0,"Paper Frog":6},{"Potion Belt":4,"Matryoshka":2,"Calipers":8,"Oddly Smooth Stone":5,"Black Star":7,"War Paint":4,"Burning Blood":0,"Paper Frog":3},{"Potion Belt":20,"Matryoshka":7,"Calipers":45,"Oddly Smooth Stone":25,"Black Star":37,"War Paint":20,"Burning Blood":0,"Paper Frog":17}],"Burning Blood":60},"card_choices":[{"not_picked":["Perfected Strike","Intimidate"],"picked":"Anger","floor":1},{"not_picked":["Flex","Fire Breathing"],"picked":"Disarm","floor":2},{"not_picked":["Infernal Blade","Power Through"],"picked":"Flex","floor":6},{"not_picked":["Dark Embrace","Anger"],"picked":"Shrug It Off","floor":7},{"not_picked":["Body Slam","Wild Strike"],"picked":"Iron Wave","floor":13},{"not_picked":["True Grit","Clash"],"picked":"Rage","floor":14},{"not_picked":["Immolate","Exhume"],"picked":"Limit Break","floor":16},{"not_picked":["Twin Strike","Rupture","Power Through+1"],"picked":"SKIP","floor":18},{"not_picked":["Infernal Blade","Wild Strike"],"picked":"Ghostly Armor","floor":21},{"not_picked":["Wild Strike","Havoc"],"picked":"Clothesline","floor":22}],"player_experience":220954,"relics_obtained":[{"floor":5,"key":"Matryoshka"},{"floor":6,"key":"Paper Frog"},{"floor":9,"key":"Potion Belt"},{"floor":9,"key":"War Paint"},{"floor":13,"key":"Oddly Smooth Stone"}],"event_choices":[{"damage_healed":0,"gold_gain":0,"player_choice":"Grow","damage_taken":0,"max_hp_gain":0,"max_hp_loss":0,"event_name":"Living Wall","floor":3,"gold_loss":0,"cards_upgraded":["Disarm"]},{"damage_healed":0,"gold_gain":0,"player_choice":"Ignored","damage_taken":0,"max_hp_gain":0,"max_hp_loss":0,"event_name":"Liars Game","floor":10,"gold_loss":0},{"cards_removed":["Strike_R"],"damage_healed":0,"gold_gain":0,"player_choice":"Card Removal","damage_taken":0,"max_hp_gain":0,"max_hp_loss":0,"event_name":"The Cleric","floor":11,"gold_loss":75},{"damage_healed":0,"gold_gain":0,"player_choice":"Obtained Relic","damage_taken":0,"relics_obtained":["Calipers"],"max_hp_gain":0,"max_hp_loss":0,"event_name":"Addict","floor":19,"gold_loss":85},{"damage_healed":15,"gold_gain":0,"player_choice":"Heal","damage_taken":0,"max_hp_gain":0,"max_hp_loss":0,"event_name":"The Library","floor":20,"gold_loss":0}],"is_beta":false,"boss_relics":[{"not_picked":["Philosopher\u0027s Stone","Runic Dome"],"picked":"Black Star"}],"items_purged_floors":[4],"is_endless":false,"potions_floor_spawned":[6,13,14,16,18],"killed_by":"Slavers","ascension_level":15}}