{"host":"byignph7tct06v8d","time":1610600239,"event":{"mods":["BaseMod","Minty Spire (QoL Compilation)","StSLib"],"gold_per_floor":[118,78,96,114,134,134,161,173,173,189,253,264,281,293,293,389,389,406,13,32,32,44,44,76,29,29,29,61,61,61,73,73,73,73],"floor_reached":33,"language":"ENG","playtime":2992,"items_purged":[],"score":316,"play_id":"395e8a62-05aa-43b9-bd93-3acdb9c43bae","local_time":"20210113235719","is_ascension_mode":false,"campfire_choices":[{"data":"Backflip","floor":6,"key":"SMITH"},{"data":"Backstab","floor":15,"key":"SMITH"},{"floor":23,"key":"REST"},{"data":"Injury","floor":27,"key":"PURGE"},{"floor":30,"key":"REST"},{"floor":32,"key":"REST"}],"circlet_count":0,"master_deck":["Strike_G","Strike_G","Defend_G","Defend_G","Defend_G","Defend_G","Defend_G","Survivor","Neutralize","All Out Attack+1","Outmaneuver+1","Burst+1","Slice","Masterful Stab","Backflip+1","Backstab+1","Blade Dance","Die Die Die","Slice","Masterful Stab","Flying Knee","Quick Slash","Die Die Die","Crippling Poison+1","Deadly Poison","Crippling Poison+1","Noxious Fumes+1","Slice+1","Deadly Poison","Sucker Punch+1"],"relics":["Astrolabe","Peace Pipe","Oddly Smooth Stone","Strawberry","Cursed Key","Molten Egg 2","TheAbacus","Ornamental Fan","Bottled Flame","Happy Flower"],"acts_visited":["Exordium","TheCity"],"potions_floor_usage":[16,16,16,16,16,16,22,33],"damage_taken":[{"damage":0,"enemies":"2 Louse","floor":1,"turns":1},{"damage":0,"enemies":"Cultist","floor":3,"turns":4},{"damage":0,"enemies":"Small Slimes","floor":4,"turns":3},{"damage":0,"enemies":"Red Slaver","floor":5,"turns":5},{"damage":0,"enemies":"Lagavulin","floor":7,"turns":8},{"damage":0,"enemies":"Exordium Wildlife","floor":8,"turns":3},{"damage":0,"enemies":"Looter","floor":10,"turns":3},{"damage":0,"enemies":"3 Sentries","floor":11,"turns":4},{"damage":1,"enemies":"Exordium Thugs","floor":12,"turns":4},{"damage":5,"enemies":"Lots of Slimes","floor":13,"turns":3},{"damage":0,"enemies":"Blue Slaver","floor":14,"turns":2},{"damage":40,"enemies":"Hexaghost","floor":16,"turns":13},{"damage":8,"enemies":"2 Thieves","floor":18,"turns":2},{"damage":0,"enemies":"3 Byrds","floor":20,"turns":2},{"damage":22,"enemies":"Snake Plant","floor":22,"turns":4},{"damage":10,"enemies":"Slavers","floor":24,"turns":3},{"damage":22,"enemies":"Book of Stabbing","floor":28,"turns":5},{"damage":12,"enemies":"Centurion and Healer","floor":31,"turns":4},{"damage":72,"enemies":"Champ","floor":33,"turns":12}],"seed_played":"-7309992808800720041","potions_obtained":[{"floor":2,"key":"Regen Potion"},{"floor":2,"key":"Strength Potion"},{"floor":2,"key":"EntropicBrew"},{"floor":3,"key":"SneckoOil"},{"floor":20,"key":"Fire Potion"},{"floor":28,"key":"GamblersBrew"},{"floor":31,"key":"SmokeBomb"}],"is_trial":false,"path_per_floor":["M","?","M","M","M","R","E","M","T","M","?","M","M","M","R","B",null,"M","$","M","?","M","R","E","$","T","R","E","?","R","M","R","B"],"character_chosen":"THE_SILENT","items_purchased":["Molten Egg 2","TheAbacus","Slice+1"],"campfire_rested":3,"item_purchase_floors":[19,19,25],"current_hp_per_floor":[70,70,70,70,70,70,70,70,70,70,77,76,71,71,71,46,77,69,69,69,69,47,70,60,60,60,60,38,38,61,49,72,0,0],"gold":73,"neow_bonus":"BOSS_RELIC","is_daily":false,"chose_seed":false,"campfire_upgraded":2,"win_rate":0.0,"timestamp":1610600239,"path_taken":["M","?","?","M","M","R","E","M","T","M","?","M","M","M","R","BOSS","M","$","M","?","?","R","E","$","T","R","E","?","R","M","R","BOSS"],"items_purchased_type":["Relic","Relic","Card"],"build_version":"2020-12-22","purchased_purges":0,"victory":false,"max_hp_per_floor":[70,70,70,70,70,70,70,70,70,70,77,77,77,77,77,77,77,77,77,77,77,77,77,77,77,77,77,77,77,77,77,77,77,77],"card_choices":[{"not_picked":["Flying Knee","Expertise"],"picked":"Slice","floor":1},{"not_picked":["Choke","Infinite Blades"],"picked":"Footwork","floor":3},{"not_picked":["Flying Knee","Endless Agony"],"picked":"Masterful Stab","floor":4},{"not_picked":["Heel Hook","Poisoned Stab"],"picked":"Backflip","floor":5},{"not_picked":["Heel Hook","Flying Knee"],"picked":"Backstab","floor":7},{"not_picked":["Underhanded Strike","Catalyst"],"picked":"Blade Dance","floor":8},{"not_picked":["Backflip","Bane"],"picked":"Die Die Die","floor":10},{"not_picked":["Dodge and Roll","Deadly Poison"],"picked":"Slice","floor":11},{"not_picked":["Outmaneuver","Blade Dance"],"picked":"Masterful Stab","floor":12},{"not_picked":["Tactician","Dagger Spray"],"picked":"Flying Knee","floor":13},{"not_picked":["Deadly Poison","Footwork"],"picked":"Quick Slash","floor":14},{"not_picked":["Burst","Malaise"],"picked":"Die Die Die","floor":16},{"not_picked":["Underhanded Strike","Dagger Throw"],"picked":"Crippling Poison+1","floor":18},{"not_picked":["PiercingWail","Deflect"],"picked":"Deadly Poison","floor":20},{"not_picked":["Dagger Spray+1","Bouncing Flask"],"picked":"Crippling Poison+1","floor":22},{"not_picked":["Footwork","Tactician+1"],"picked":"Noxious Fumes+1","floor":24},{"not_picked":["Malaise","Flying Knee+1"],"picked":"Deadly Poison","floor":28},{"not_picked":["Calculated Gamble","Tactician"],"picked":"Sucker Punch+1","floor":31}],"player_experience":116631,"relics_obtained":[{"floor":7,"key":"Peace Pipe"},{"floor":9,"key":"Oddly Smooth Stone"},{"floor":24,"key":"Ornamental Fan"},{"floor":26,"key":"Bottled Flame"},{"floor":28,"key":"Happy Flower"}],"event_choices":[{"damage_healed":0,"gold_gain":0,"player_choice":"Bought 3 Potions","damage_taken":0,"max_hp_gain":0,"max_hp_loss":0,"event_name":"The Woman in Blue","floor":2,"gold_loss":0},{"damage_healed":0,"gold_gain":30,"player_choice":"Searched \u00273\u0027 times","damage_taken":0,"relics_obtained":["Strawberry"],"max_hp_gain":0,"max_hp_loss":0,"event_name":"Dead Adventurer","floor":11,"gold_loss":0},{"cards_removed":["Footwork"],"damage_healed":0,"gold_gain":0,"player_choice":"Purged","damage_taken":0,"max_hp_gain":0,"max_hp_loss":0,"event_name":"Purifier","floor":21,"gold_loss":0},{"damage_healed":0,"gold_gain":0,"player_choice":"Ignored","damage_taken":0,"max_hp_gain":0,"max_hp_loss":0,"event_name":"Vampires","floor":29,"gold_loss":0}],"is_beta":false,"boss_relics":[{"not_picked":["Empty Cage","Coffee Dripper"],"picked":"Cursed Key"}],"items_purged_floors":[],"is_endless":false,"potions_floor_spawned":[3,4,8,13,14,20,28,31],"killed_by":"Champ","ascension_level":0}}