{"host":"qik6c64y69p9jmph","time":1610610943,"event":{"mods":["AchievementEnabler","BaseMod","BetterRewards","Highlight Path","Minty Spire (QoL Compilation)","Quick Restart","Replay The Spire","StSLib","Synergy Search"],"gold_per_floor":[118,138,149,165,177,210,210,274,274,42,54,54,80,95,95,197,297,308,342,342,26,39,39,69,13,37,55,55,70,90,117,129,241,253,278,338,350,378,390,432,456,76,99,99,111,111,143,163,163,163,163],"floor_reached":50,"language":"ENG","playtime":2467,"items_purged":["ReplayTheSpireMod:Splinters","Shame"],"score":741,"play_id":"debccf83-2041-488f-998c-e2707ae2a304","local_time":"20210114025543","is_ascension_mode":true,"campfire_choices":[{"floor":7,"key":"REST"},{"data":"Entrench","floor":12,"key":"SMITH"},{"floor":15,"key":"REST"},{"data":"Barricade","floor":23,"key":"SMITH"},{"floor":28,"key":"REST"},{"floor":32,"key":"REST"},{"floor":44,"key":"RECALL"},{"data":"Limit Break","floor":46,"key":"SMITH"},{"data":"Body Slam","floor":49,"key":"SMITH"}],"circlet_count":0,"master_deck":["Strike_R","Strike_R","Strike_R","Strike_R","Strike_R","Defend_R","Defend_R+1","Defend_R","Defend_R+1","Bash","Twin Strike","Wild Strike","Inflame","ReplayTheSpireMod:Stacked","Rampage","Entrench+1","Twin Strike","Metallicize","Body Slam+1","Barricade+1","Evolve","Poisoned Strike","ReplayTheSpireMod:Corrosion Curse+1","Metallicize","Shrug It Off","Armaments","Fire Breathing","Cleave","Power Through","Limit Break+1","Metallicize","Shrug It Off","Fire Breathing","Replay:Undeath\u0027s Touch","Armaments+1","Ghostly Armor+1"],"relics":["Burning Blood","NeowsBlessing","CaptainsWheel","Replay:WaspNest","Ornamental Fan","War Paint","Akabeko","Replay:Grab Bag","Mark of Pain","Replay:Wanted Poster","Ring of Chaos","Red Mask","MutagenicStrength","ClockworkSouvenir","Mercury Hourglass","ReplayTheSpireMod:CursedCoin","Bag of Preparation","Dream Catcher","MawBank","SlaversCollar","Pocketwatch","Self Forming Clay","Red Skull","Cauldron","Potion Belt"],"acts_visited":["Exordium","TheCity","TheBeyond"],"potions_floor_usage":[4,11,13,14,27,30,33,33,36,36,42,47,47,50],"damage_taken":[{"damage":0,"enemies":"Small Slimes","floor":1,"turns":1},{"damage":0,"enemies":"2 Louse","floor":2,"turns":1},{"damage":0,"enemies":"Jaw Worm","floor":3,"turns":1},{"damage":14,"enemies":"Exordium Thugs","floor":4,"turns":3},{"damage":11,"enemies":"Looter","floor":5,"turns":3},{"damage":50,"enemies":"Lagavulin","floor":6,"turns":6},{"damage":4,"enemies":"Blue Slaver","floor":11,"turns":2},{"damage":12,"enemies":"3 Sentries","floor":13,"turns":7},{"damage":12,"enemies":"Exordium Thugs","floor":14,"turns":4},{"damage":24,"enemies":"The Guardian","floor":16,"turns":8},{"damage":0,"enemies":"Spheric Guardian","floor":18,"turns":4},{"damage":28,"enemies":"Masked Bandits","floor":19,"turns":4},{"damage":25,"enemies":"2 Thieves","floor":22,"turns":3},{"damage":28,"enemies":"Slavers","floor":24,"turns":5},{"damage":10,"enemies":"Centurion and Healer","floor":27,"turns":4},{"damage":19,"enemies":"Snake Plant","floor":29,"turns":3},{"damage":14,"enemies":"Cultist and Chosen","floor":30,"turns":3},{"damage":26,"enemies":"Champ","floor":33,"turns":10},{"damage":12,"enemies":"3 Darklings","floor":35,"turns":7},{"damage":31,"enemies":"2 Orb Walkers","floor":36,"turns":5},{"damage":18,"enemies":"3 Shapes","floor":38,"turns":3},{"damage":4,"enemies":"R_Hoarder","floor":40,"turns":7},{"damage":4,"enemies":"Jaw Worm Horde","floor":41,"turns":4},{"damage":0,"enemies":"Sphere and 2 Shapes","floor":45,"turns":4},{"damage":14,"enemies":"Reptomancer","floor":47,"turns":7},{"damage":19,"enemies":"Writhing Mass","floor":48,"turns":5},{"damage":54,"enemies":"Awakened One","floor":50,"turns":2}],"seed_played":"5126844222208212874","potions_obtained":[{"floor":1,"key":"SteroidPotion"},{"floor":5,"key":"Elixir"},{"floor":6,"key":"Fire Potion"},{"floor":11,"key":"Doom Potion"},{"floor":13,"key":"SkillPotion"},{"floor":19,"key":"SneckoOil"},{"floor":22,"key":"Elixir"},{"floor":29,"key":"SteroidPotion"},{"floor":30,"key":"BlessingOfTheForge"},{"floor":35,"key":"DistilledChaos"},{"floor":42,"key":"EntropicBrew"},{"floor":42,"key":"Dexterity Potion"},{"floor":48,"key":"LiquidMemories"}],"is_trial":false,"path_per_floor":["M","M","M","M","M","E","R","?","T","$","M","R","E","M","R","B",null,"M","?","?","$","M","R","E","$","T","M","R","M","M","T","R","B",null,"M","?","?","M","?","E","M","$","T","R","M","R","E","M","R","B"],"character_chosen":"IRONCLAD","items_purchased":["War Paint","ClockworkSouvenir","Poisoned Strike","ReplayTheSpireMod:CursedCoin","Shrug It Off","Bag of Preparation","Red Skull","Cauldron"],"campfire_rested":4,"item_purchase_floors":[10,21,21,25,25,25,42,42],"current_hp_per_floor":[80,80,80,72,67,23,47,47,47,47,49,49,43,37,61,43,80,80,58,58,58,39,39,17,17,17,13,37,24,16,16,40,20,80,74,49,49,37,70,70,70,70,70,70,70,70,62,49,49,0,0],"gold":163,"neow_bonus":"THREE_ENEMY_KILL","is_daily":false,"chose_seed":false,"campfire_upgraded":4,"win_rate":0.0,"timestamp":1610610943,"path_taken":["M","M","M","M","M","E","R","?","T","$","M","R","E","M","R","BOSS","M","?","?","$","M","R","E","$","T","M","R","M","M","?","R","BOSS","M","?","?","M","?","E","M","$","T","R","M","R","E","M","R","BOSS"],"items_purchased_type":["Relic","Relic","Card","Relic","Card","Relic","Relic","Relic"],"build_version":"2020-12-22","purchased_purges":2,"victory":false,"max_hp_per_floor":[80,80,80,80,80,80,80,80,80,80,80,80,80,80,80,80,80,80,80,80,80,80,80,80,80,80,80,80,80,80,80,80,80,80,80,80,80,80,70,70,70,70,70,70,70,70,70,70,70,70,70],"card_choices":[{"not_picked":["Seeing Red","Pommel Strike"],"picked":"Twin Strike","floor":1},{"not_picked":["Intimidate","Havoc"],"picked":"Wild Strike","floor":2},{"not_picked":["Sword Boomerang","Anger"],"picked":"Inflame","floor":3},{"not_picked":["Clash","Sword Boomerang"],"picked":"ReplayTheSpireMod:Stacked","floor":4},{"not_picked":["Run Through","Iron Wave"],"picked":"Rampage","floor":5},{"not_picked":["Fiend Fire","Eclipse"],"picked":"Entrench","floor":6},{"not_picked":["Massacre","Headbutt"],"picked":"Twin Strike","floor":8},{"not_picked":["Sever Soul","ReplayTheSpireMod:Strike From Hell"],"picked":"Metallicize","floor":8},{"not_picked":["True Grit","Pommel Strike","Combust"],"picked":"SKIP","floor":11},{"not_picked":["Pommel Strike","Replay:Undeath\u0027s Touch","Twin Strike"],"picked":"SKIP","floor":13},{"not_picked":["Life Link","Run Through"],"picked":"Body Slam","floor":14},{"not_picked":["Offering","Hemogenesis"],"picked":"Barricade","floor":16},{"not_picked":["Warcry+1","Headbutt"],"picked":"Evolve","floor":18},{"not_picked":["Battle Trance","Blood for Blood"],"picked":"Shrug It Off","floor":19},{"not_picked":["Sever Soul+1","Offering"],"picked":"ReplayTheSpireMod:Corrosion Curse+1","floor":22},{"not_picked":["Body Slam","Spot Weakness"],"picked":"Metallicize","floor":24},{"not_picked":["Perfected Strike","Dark Embrace"],"picked":"Armaments","floor":27},{"not_picked":["ReplayTheSpireMod:LeadingStrike","Thunderclap"],"picked":"Fire Breathing","floor":28},{"not_picked":["Run Through","Sever Soul","Twin Strike"],"picked":"SKIP","floor":29},{"not_picked":["Clothesline","Infernal Blade"],"picked":"Cleave","floor":30},{"not_picked":["Warcry","Headbutt"],"picked":"Power Through","floor":32},{"not_picked":["Reaper","Feed"],"picked":"Limit Break","floor":33},{"not_picked":["Replay:Undeath\u0027s Touch","Whirlwind","Hemokinesis"],"picked":"SKIP","floor":35},{"not_picked":["Twin Strike","Uppercut"],"picked":"Metallicize","floor":36},{"not_picked":["Headbutt+1","Thunderclap"],"picked":"Shrug It Off","floor":38},{"not_picked":["Headbutt+1","Clothesline+1"],"picked":"Fire Breathing","floor":40},{"not_picked":["Sentinel+1","Body Slam"],"picked":"Replay:Undeath\u0027s Touch","floor":41},{"not_picked":["Clash","Flex"],"picked":"Armaments+1","floor":45},{"not_picked":["Twin Strike+1","Cleave+1"],"picked":"Ghostly Armor+1","floor":47},{"not_picked":["Clothesline+1","Burning Pact","Body Slam"],"picked":"SKIP","floor":48}],"player_experience":491317,"relics_obtained":[{"floor":6,"key":"CaptainsWheel"},{"floor":8,"key":"Replay:WaspNest"},{"floor":9,"key":"Ornamental Fan"},{"floor":13,"key":"Akabeko"},{"floor":19,"key":"Red Mask"},{"floor":24,"key":"Mercury Hourglass"},{"floor":26,"key":"Dream Catcher"},{"floor":31,"key":"MawBank"},{"floor":36,"key":"Pocketwatch"},{"floor":40,"key":"Self Forming Clay"},{"floor":47,"key":"Potion Belt"}],"event_choices":[{"damage_healed":0,"gold_gain":0,"player_choice":"Fought Bandits","damage_taken":0,"max_hp_gain":0,"max_hp_loss":0,"event_name":"Masked Bandits","floor":19,"gold_loss":0},{"damage_healed":0,"gold_gain":0,"player_choice":"Inject Mutagens","damage_taken":0,"relics_obtained":["MutagenicStrength"],"max_hp_gain":0,"max_hp_loss":0,"event_name":"Drug Dealer","floor":20,"gold_loss":0},{"damage_healed":0,"gold_gain":0,"player_choice":"Fight","damage_taken":0,"max_hp_gain":0,"max_hp_loss":0,"event_name":"Mysterious Sphere","floor":36,"gold_loss":0},{"cards_removed":["Shrug It Off"],"damage_healed":0,"gold_gain":0,"player_choice":"Removed Skill","damage_taken":0,"max_hp_gain":0,"max_hp_loss":0,"event_name":"Falling","floor":37,"gold_loss":0},{"damage_healed":70,"gold_gain":0,"player_choice":"Heal","damage_taken":0,"max_hp_gain":0,"max_hp_loss":10,"event_name":"The Moai Head","floor":39,"gold_loss":0}],"is_beta":false,"boss_relics":[{"not_picked":["Fusion Hammer","Ooze Armor"],"picked":"Replay:Grab Bag"},{"not_picked":["Cursed Key","Busted Crown"],"picked":"Mark of Pain"},{"not_picked":["Replay:Bronze Core","ReplayTheSpireMod:Onyx Gauntlets"],"picked":"Replay:Wanted Poster"},{"not_picked":["Runic Pyramid","Astrolabe"],"picked":"Ring of Chaos"},{"not_picked":["Replay:Drink Me","Velvet Choker"],"picked":"SlaversCollar"}],"items_purged_floors":[10,42],"is_endless":false,"potions_floor_spawned":[1,5,6,11,13,19,22,29,30,35,45,48],"killed_by":"Awakened One","ascension_level":4}}