{"host":"uzp1tn8qxn9571p9","time":1610625193,"event":{"mods":["BaseMod","Colored Powertips","Hermit","Minty Spire (QoL Compilation)","Robot Space Explorer","StSLib","The Hierophant","The Marked"],"gold_per_floor":[117,128,147,147,166,166,178,27,27,46,46,46,59,87,87,87,87],"floor_reached":16,"language":"ZHS","playtime":766,"items_purged":["hermit:Defend_Hermit"],"score":104,"play_id":"e6065440-23f2-4270-bea6-88ad499dc469","local_time":"20210114195313","is_ascension_mode":false,"campfire_choices":[{"data":"hermit:FullyLoaded","floor":6.0,"key":"SMITH"},{"data":"hermit:Showdown","floor":11.0,"key":"SMITH"},{"data":"Secret Technique","floor":15,"key":"SMITH"}],"circlet_count":0,"master_deck":["hermit:Strike_Hermit","hermit:Strike_Hermit","hermit:Strike_Hermit","hermit:Defend_Hermit","hermit:Defend_Hermit","hermit:Defend_Hermit","hermit:Snapshot","hermit:Covet","Regret","Secret Technique+1","hermit:Grudge","hermit:SprayPray","hermit:FullyLoaded+1","hermit:Headshot","hermit:Showdown+1","hermit:ShadowCloak","hermit:HighCaliber","Regret","hermit:Ricochet","hermit:Roughhouse"],"relics":["hermit:Momento","The Courier","hermit:Spyglass","Juzu Bracelet"],"acts_visited":["Exordium"],"potions_floor_usage":[14],"damage_taken":[{"damage":0.0,"enemies":"Cultist","floor":1.0,"turns":3.0},{"damage":0.0,"enemies":"Small Slimes","floor":2.0,"turns":3.0},{"damage":6.0,"enemies":"2 Louse","floor":3.0,"turns":3.0},{"damage":12.0,"enemies":"Looter","floor":5.0,"turns":4.0},{"damage":1.0,"enemies":"2 Fungi Beasts","floor":7.0,"turns":2.0},{"damage":9.0,"enemies":"Blue Slaver","floor":10.0,"turns":3.0},{"damage":0,"enemies":"Lots of Slimes","floor":13,"turns":1},{"damage":15,"enemies":"Lagavulin","floor":14,"turns":3},{"damage":32,"enemies":"The Guardian","floor":16,"turns":7}],"seed_played":"6809509028960468342","potions_obtained":[{"floor":2.0,"key":"AttackPotion"},{"floor":7.0,"key":"SpeedPotion"},{"floor":10.0,"key":"FearPotion"}],"is_trial":false,"path_per_floor":["M","M","M","?","M","R","M","$","T","M","R","?","M","E","R","B"],"character_chosen":"HERMIT","items_purchased":["hermit:ShadowCloak"],"campfire_rested":0,"item_purchase_floors":[8],"current_hp_per_floor":[75,75,69,69,57,57,56,56,56,47,47,47,47,32,32,0,0],"gold":87,"neow_bonus":"RANDOM_COLORLESS_2","is_daily":false,"chose_seed":false,"campfire_upgraded":3,"win_rate":0.0,"timestamp":1610625193,"path_taken":["M","M","?","?","M","R","M","$","T","M","R","?","M","E","R","BOSS"],"items_purchased_type":["Card"],"build_version":"2020-12-22","purchased_purges":1,"victory":false,"max_hp_per_floor":[75,75,75,75,75,75,75,75,75,75,75,75,75,75,75,75,75],"card_choices":[{"not_picked":["Magnetism","Metamorphosis"],"picked":"Secret Technique","floor":0.0},{"not_picked":["hermit:BodyArmor","hermit:HighCaliber"],"picked":"hermit:Grudge","floor":1.0},{"not_picked":["hermit:Coalescence","hermit:Feint"],"picked":"hermit:SprayPray","floor":2.0},{"not_picked":["hermit:LuckOfTheDraw","hermit:HighCaliber"],"picked":"hermit:FullyLoaded","floor":3.0},{"not_picked":["hermit:FullyLoaded","hermit:CalledShot"],"picked":"hermit:Headshot","floor":5.0},{"not_picked":["hermit:Grudge","hermit:LowProfile"],"picked":"hermit:Showdown","floor":7.0},{"not_picked":["hermit:Misfire","hermit:Roulette"],"picked":"hermit:HighCaliber","floor":10.0},{"not_picked":["hermit:Virtue","hermit:Manifest"],"picked":"hermit:Ricochet","floor":13},{"not_picked":["hermit:TrackingShot","hermit:BodyArmor"],"picked":"hermit:Roughhouse","floor":14}],"player_experience":352087,"relics_obtained":[{"floor":9.0,"key":"The Courier"},{"floor":14,"key":"Juzu Bracelet"}],"event_choices":[{"cards_removed":["hermit:Strike_Hermit"],"damage_healed":0.0,"max_hp_gain":0.0,"max_hp_loss":0.0,"gold_gain":0.0,"event_name":"Living Wall","player_choice":"Forget","floor":4.0,"gold_loss":0.0,"damage_taken":0.0},{"damage_healed":0.0,"max_hp_gain":0.0,"max_hp_loss":0.0,"gold_gain":0.0,"event_name":"Big Fish","player_choice":"Box","floor":12.0,"gold_loss":0.0,"damage_taken":0.0,"relics_obtained":["hermit:Spyglass"],"cards_obtained":["Regret"]}],"is_beta":false,"boss_relics":[],"items_purged_floors":[8],"is_endless":false,"potions_floor_spawned":[2,7,10],"killed_by":"The Guardian","ascension_level":0}}