{"host":"91ruqvp7hiryodqd","time":1610660061,"event":{"mods":["AchievementEnabler","BaseMod","Colored Map","Colored Powertips","Minty Spire (QoL Compilation)","Relic Stats","StSLib"],"gold_per_floor":[113,63,83,101,119,119,151,163,189,199,209,269,269,269,269,373,373,387,400,414,414,431,431,461,461,537,556,556,556],"floor_reached":28,"language":"ENG","playtime":1429,"items_purged":[],"score":344,"play_id":"32a3b1ce-8249-48aa-89a7-fb0a518469c2","local_time":"20210115043421","daily_mods":["Diverse"],"is_ascension_mode":false,"campfire_choices":[{"data":"Inflame","floor":6,"key":"SMITH"},{"data":"Sword Boomerang","floor":13,"key":"SMITH"},{"data":"Dagger Throw","floor":15,"key":"SMITH"},{"floor":23,"key":"REST"},{"data":"True Grit","floor":25,"key":"SMITH"}],"circlet_count":0,"master_deck":["Strike_G","Strike_G","Strike_G","Strike_G","Defend_G+1","Defend_G","Defend_G","Defend_G","Defend_G+1","Survivor","Neutralize","Inflame+1","FollowUp","Sword Boomerang+1","Iron Wave","Blur","Dagger Throw+1","Scrawl","ReachHeaven","True Grit+1","Metallicize+1","Streamline+1"],"relics":["Ring of the Snake","Bronze Scales","Nunchaku","Orichalcum","Snake Skull","Black Star","Gremlin Horn","War Paint","Shuriken"],"acts_visited":["Exordium","TheCity"],"potions_floor_usage":[7,11,12,16,20,22],"damage_taken":[{"damage":2,"enemies":"Jaw Worm","floor":1,"turns":6},{"damage":0,"enemies":"Small Slimes","floor":3,"turns":3},{"damage":1,"enemies":"2 Louse","floor":4,"turns":4},{"damage":15,"enemies":"Lots of Slimes","floor":5,"turns":6},{"damage":10,"enemies":"Lagavulin","floor":7,"turns":7},{"damage":0,"enemies":"Looter","floor":8,"turns":2},{"damage":2,"enemies":"Blue Slaver","floor":10,"turns":2},{"damage":0,"enemies":"Exordium Thugs","floor":11,"turns":2},{"damage":0,"enemies":"Gremlin Nob","floor":12,"turns":4},{"damage":30,"enemies":"The Guardian","floor":16,"turns":13},{"damage":5,"enemies":"Shell Parasite","floor":18,"turns":5},{"damage":9,"enemies":"3 Byrds","floor":19,"turns":2},{"damage":5,"enemies":"Cultist and Chosen","floor":20,"turns":4},{"damage":16,"enemies":"Centurion and Healer","floor":22,"turns":5},{"damage":23,"enemies":"Gremlin Leader","floor":24,"turns":8},{"damage":15,"enemies":"Snake Plant","floor":27,"turns":3},{"damage":23,"enemies":"Slavers","floor":28,"turns":3}],"seed_played":"-4396306009284368265","potions_obtained":[{"floor":4,"key":"GamblersBrew"},{"floor":5,"key":"LiquidMemories"},{"floor":7,"key":"Swift Potion"},{"floor":10,"key":"Block Potion"},{"floor":18,"key":"AttackPotion"},{"floor":20,"key":"AttackPotion"}],"is_trial":true,"path_per_floor":["M","?","M","M","M","R","E","M","T","M","M","?","R","?","R","B",null,"M","M","M","?","M","R","E","R","T","M","E"],"character_chosen":"THE_SILENT","items_purchased":[],"campfire_rested":1,"item_purchase_floors":[],"current_hp_per_floor":[68,68,68,67,52,52,42,42,42,40,40,40,40,37,37,7,70,65,56,51,51,35,56,33,33,33,18,0,0],"gold":556,"neow_bonus":"","is_daily":false,"chose_seed":false,"campfire_upgraded":4,"win_rate":0.0,"timestamp":1610660061,"path_taken":["M","?","M","M","M","R","E","M","T","M","M","?","R","?","R","BOSS","M","M","M","?","M","R","E","R","T","?","E"],"items_purchased_type":[],"build_version":"2020-12-22","purchased_purges":0,"victory":false,"max_hp_per_floor":[70,70,70,70,70,70,70,70,70,70,70,70,70,70,70,70,70,70,70,70,70,70,70,70,70,70,70,70,70],"relic_stats":{"Nunchaku":[11],"Gremlin Horn":[0,0],"counters":[17,79],"Shuriken":[3],"Bronze Scales":[227],"Snake Skull":[0],"Black Star":1,"Orichalcum":[54],"War Paint":["Defend_G","Defend_G"],"obtain_stats":[{"Nunchaku":9,"Gremlin Horn":24,"Shuriken":26,"Bronze Scales":7,"Snake Skull":14,"Black Star":17,"Orichalcum":12,"War Paint":24,"Ring of the Snake":0},{"Nunchaku":6,"Gremlin Horn":15,"Shuriken":15,"Bronze Scales":5,"Snake Skull":9,"Black Star":10,"Orichalcum":8,"War Paint":15,"Ring of the Snake":0},{"Nunchaku":28,"Gremlin Horn":73,"Shuriken":73,"Bronze Scales":26,"Snake Skull":36,"Black Star":49,"Orichalcum":32,"War Paint":73,"Ring of the Snake":0}],"Ring of the Snake":[34]},"card_choices":[{"not_picked":["Sweeping Beam","Finisher"],"picked":"Inflame","floor":1},{"not_picked":["Go for the Eyes","Bane"],"picked":"FollowUp","floor":3},{"not_picked":["Dropkick","Pommel Strike","Compile Driver"],"picked":"SKIP","floor":4},{"not_picked":["Capacitor","Wild Strike"],"picked":"Sword Boomerang","floor":5},{"not_picked":["Reflex","Prostrate"],"picked":"Iron Wave","floor":7},{"not_picked":["Coolheaded","Leap"],"picked":"Blur","floor":8},{"not_picked":["Stack","Wallop"],"picked":"Dagger Throw","floor":10},{"not_picked":["Swivel","Perseverance","Underhanded Strike"],"picked":"SKIP","floor":11},{"not_picked":["Core Surge","Corpse Explosion"],"picked":"Scrawl","floor":16},{"not_picked":["PathToVictory","Shrug It Off+1"],"picked":"ReachHeaven","floor":18},{"not_picked":["Choke+1","Crippling Poison","Barrage"],"picked":"SKIP","floor":19},{"not_picked":["Evaluate","Slice"],"picked":"True Grit","floor":20},{"not_picked":["Quick Slash","BattleHymn"],"picked":"Metallicize+1","floor":22},{"not_picked":["Corpse Explosion","Clothesline","Twin Strike"],"picked":"SKIP","floor":24},{"not_picked":["Sweeping Beam","SashWhip"],"picked":"Streamline+1","floor":27}],"player_experience":76276,"relics_obtained":[{"floor":7,"key":"Bronze Scales"},{"floor":9,"key":"Nunchaku"},{"floor":24,"key":"Gremlin Horn"},{"floor":24,"key":"War Paint"},{"floor":26,"key":"Shuriken"}],"event_choices":[{"cards_removed":["Strike_G"],"damage_healed":0,"gold_gain":0,"player_choice":"Card Removal","damage_taken":0,"max_hp_gain":0,"max_hp_loss":0,"event_name":"The Cleric","floor":2,"gold_loss":50},{"damage_healed":0,"gold_gain":0,"player_choice":"Searched \u00273\u0027 times","damage_taken":0,"relics_obtained":["Orichalcum"],"max_hp_gain":0,"max_hp_loss":0,"event_name":"Dead Adventurer","floor":12,"gold_loss":0},{"damage_healed":0,"gold_gain":0,"player_choice":"Success","damage_taken":3,"relics_obtained":["Snake Skull"],"max_hp_gain":0,"max_hp_loss":0,"event_name":"Scrap Ooze","floor":14,"gold_loss":0},{"damage_healed":0,"gold_gain":0,"player_choice":"Leave","damage_taken":0,"max_hp_gain":0,"max_hp_loss":0,"event_name":"FaceTrader","floor":21,"gold_loss":0}],"is_beta":false,"boss_relics":[{"not_picked":["Busted Crown","Snecko Eye"],"picked":"Black Star"}],"items_purged_floors":[],"is_endless":true,"potions_floor_spawned":[4,5,7,10,18,20],"killed_by":"Slavers","ascension_level":0}}