{"host":"6jrd8fn9k88n08be","time":1610600855,"event":{"mods":["BaseMod","Minty Spire (QoL Compilation)","StSLib"],"gold_per_floor":[116,191,191,35,52,77,77,2,51,82,7,107,122,148,148,253,253,265,276,276,276,32,32,32,67,67,67,100,100,114,130,130,226,226,239,239,254,254,265,265,265],"floor_reached":40,"language":"ENG","playtime":2099,"items_purged":["Strike_R"],"score":488,"play_id":"a94a4ce5-2406-4446-b155-f1660c42b68a","local_time":"20210114000735","is_ascension_mode":true,"campfire_choices":[{"data":"Bash","floor":7.0,"key":"SMITH"},{"data":"True Grit","floor":15.0,"key":"SMITH"},{"floor":23.0,"key":"RECALL"},{"floor":29.0,"key":"REST"},{"floor":32.0,"key":"REST"}],"circlet_count":0,"master_deck":["Strike_R+1","Defend_R","Defend_R+1","Defend_R","Defend_R","Bash+1","Rage","Pommel Strike","Clothesline","Hemokinesis","True Grit+1","Burning Pact","Rampage+1","Double Tap","Rupture+1","Bloodletting+1","Burning Pact","Forethought","Shrug It Off"],"relics":["Burning Blood","NeowsBlessing","Membership Card","Akabeko","PreservedInsect","Centennial Puzzle","Orichalcum","Bottled Lightning","Fusion Hammer","HandDrill","Bag of Preparation","Champion Belt","Meat on the Bone","Ancient Tea Set","Astrolabe"],"acts_visited":["Exordium","TheCity","TheBeyond"],"potions_floor_usage":[39,40],"damage_taken":[{"damage":0.0,"enemies":"Jaw Worm","floor":1.0,"turns":1.0},{"damage":0.0,"enemies":"Small Slimes","floor":5.0,"turns":1.0},{"damage":0.0,"enemies":"Gremlin Nob","floor":6.0,"turns":1.0},{"damage":13.0,"enemies":"Lagavulin","floor":10.0,"turns":5.0},{"damage":2.0,"enemies":"2 Louse","floor":13.0,"turns":1.0},{"damage":6.0,"enemies":"3 Sentries","floor":14.0,"turns":6.0},{"damage":36.0,"enemies":"The Guardian","floor":16.0,"turns":8.0},{"damage":2.0,"enemies":"Chosen","floor":18.0,"turns":4.0},{"damage":15.0,"enemies":"2 Thieves","floor":19.0,"turns":4.0},{"damage":35.0,"enemies":"Slavers","floor":25.0,"turns":8.0},{"damage":17.0,"enemies":"Book of Stabbing","floor":28.0,"turns":4.0},{"damage":7.0,"enemies":"3 Cultists","floor":30.0,"turns":3.0},{"damage":6.0,"enemies":"Snake Plant","floor":31.0,"turns":3.0},{"damage":56.0,"enemies":"Automaton","floor":33.0,"turns":12.0},{"damage":16.0,"enemies":"3 Shapes","floor":35.0,"turns":4.0},{"damage":24.0,"enemies":"3 Darklings","floor":37.0,"turns":5.0},{"damage":52,"enemies":"4 Shapes","floor":39,"turns":6},{"damage":69,"enemies":"Nemesis","floor":40,"turns":5}],"seed_played":"427419575928498688","potions_obtained":[{"floor":6.0,"key":"Weak Potion"},{"floor":13.0,"key":"DistilledChaos"},{"floor":14.0,"key":"Swift Potion"},{"floor":19.0,"key":"AttackPotion"},{"floor":25.0,"key":"Fruit Juice"},{"floor":28.0,"key":"SpeedPotion"},{"floor":33.0,"key":"Strength Potion"},{"floor":35.0,"key":"CultistPotion"},{"floor":37.0,"key":"LiquidBronze"},{"floor":39,"key":"DuplicationPotion"}],"is_trial":false,"path_per_floor":["M","?","?","$","M","E","R","$","T","E","$","?","M","E","R","B",null,"M","M","$","?","$","R","$","E","T","?","E","R","M","M","R","B",null,"M","?","M","T","M","E"],"character_chosen":"IRONCLAD","items_purchased":["Membership Card","PreservedInsect","Feed","HandDrill","Bag of Preparation","Metamorphosis"],"campfire_rested":2,"item_purchase_floors":[4,8,11,22,22,22],"current_hp_per_floor":[80,69,53,53,59,65,65,65,65,58,58,58,62,62,62,32,80,83,77,77,77,77,77,77,48,48,48,54,81,83,83,94,56,94,84,84,66,66,32,0,0],"gold":265,"neow_bonus":"THREE_ENEMY_KILL","is_daily":false,"chose_seed":false,"campfire_upgraded":2,"win_rate":0.0,"timestamp":1610600855,"path_taken":["M","?","?","$","M","E","R","$","T","E","$","?","M","E","R","BOSS","M","M","$","?","$","R","?","E","T","?","E","R","M","M","R","BOSS","M","?","?","?","M","E"],"items_purchased_type":["Relic","Relic","Card","Relic","Relic","Card"],"build_version":"2020-12-22","purchased_purges":1,"victory":false,"max_hp_per_floor":[80,80,80,80,80,80,80,80,80,80,80,80,80,80,80,80,80,83,86,86,86,86,86,86,86,86,86,91,91,94,94,94,94,94,94,94,94,94,94,94,94],"card_choices":[{"not_picked":["Cleave","Pommel Strike"],"picked":"Rage","floor":1.0},{"not_picked":["Clothesline","Sword Boomerang"],"picked":"Pommel Strike","floor":5.0},{"not_picked":["Anger","Reckless Charge"],"picked":"Clothesline","floor":6.0},{"not_picked":["Shockwave","True Grit"],"picked":"Hemokinesis","floor":10.0},{"not_picked":["Battle Trance","Armaments"],"picked":"True Grit","floor":13.0},{"not_picked":["Armaments","True Grit","Immolate"],"picked":"SKIP","floor":14.0},{"not_picked":["Flex","Anger+1","Body Slam"],"picked":"SKIP","floor":18.0},{"not_picked":["True Grit","Sword Boomerang","Dark Embrace"],"picked":"SKIP","floor":19.0},{"not_picked":["Headbutt+1","Flex"],"picked":"Burning Pact","floor":25.0},{"not_picked":["Wild Strike","Infernal Blade","Perfected Strike+1"],"picked":"SKIP","floor":28.0},{"not_picked":["Anger","Sword Boomerang"],"picked":"Rampage+1","floor":30.0},{"not_picked":["Anger","Flex","Berserk"],"picked":"SKIP","floor":31.0},{"not_picked":["Barricade","Fiend Fire"],"picked":"Double Tap","floor":33.0},{"not_picked":["Battle Trance","Infernal Blade+1"],"picked":"Burning Pact","floor":35.0},{"not_picked":["Fire Breathing","Inflame","Cleave+1"],"picked":"SKIP","floor":37.0},{"not_picked":["Disarm","Anger"],"picked":"Shrug It Off","floor":39}],"player_experience":66627,"relics_obtained":[{"floor":6.0,"key":"Akabeko"},{"floor":9.0,"key":"Centennial Puzzle"},{"floor":10.0,"key":"Orichalcum"},{"floor":14.0,"key":"Bottled Lightning"},{"floor":25.0,"key":"Champion Belt"},{"floor":26.0,"key":"Meat on the Bone"},{"floor":28.0,"key":"Ancient Tea Set"}],"event_choices":[{"damage_healed":0.0,"max_hp_gain":0.0,"max_hp_loss":0.0,"gold_gain":75.0,"event_name":"World of Goop","player_choice":"Gather Gold","floor":2.0,"gold_loss":0.0,"damage_taken":11.0},{"damage_healed":0.0,"max_hp_gain":0.0,"max_hp_loss":0.0,"gold_gain":0.0,"event_name":"Shining Light","player_choice":"Entered Light","floor":3.0,"gold_loss":0.0,"damage_taken":16.0,"cards_upgraded":["Defend_R","Strike_R"]},{"damage_healed":0.0,"max_hp_gain":0.0,"max_hp_loss":0.0,"gold_gain":100.0,"event_name":"Golden Shrine","player_choice":"Pray","floor":12.0,"gold_loss":0.0,"damage_taken":0.0},{"cards_removed":["Strike_R"],"damage_healed":0.0,"max_hp_gain":0.0,"max_hp_loss":0.0,"gold_gain":0.0,"event_name":"Bonfire Elementals","player_choice":"Offered Basic","floor":21.0,"gold_loss":0.0,"damage_taken":0.0},{"cards_removed":["Strike_R"],"damage_healed":0.0,"max_hp_gain":0.0,"max_hp_loss":0.0,"gold_gain":0.0,"event_name":"Purifier","player_choice":"Purged","floor":27.0,"gold_loss":0.0,"damage_taken":0.0},{"damage_healed":0.0,"max_hp_gain":0.0,"max_hp_loss":0.0,"gold_gain":0.0,"cards_transformed":["Transmutation"],"event_name":"Transmorgrifier","player_choice":"Transformed","floor":36.0,"gold_loss":0.0,"damage_taken":0.0,"cards_obtained":["Forethought"]}],"is_beta":false,"boss_relics":[{"not_picked":["Sozu","Mark of Pain"],"picked":"Fusion Hammer"},{"not_picked":["SacredBark","Black Star"],"picked":"Astrolabe"}],"items_purged_floors":[11],"is_endless":false,"potions_floor_spawned":[6,13,14,19,25,28,33,35,37,39],"killed_by":"Nemesis","ascension_level":1}}