{"host":"1u4zr9vl8my47i07","time":1610587229,"event":{"mods":["AchievementEnabler","BaseMod","Highlight Path","Keyboard Shortcuts","Minty Spire (QoL Compilation)","Relic Stats","StSLib","SuperFastMode","Uncapped","Waifu the Spire","everything is the same but u backflip on backflip"],"gold_per_floor":[111,131,1,0,0,26,38,38,64,75,55,55,73,84,84,162,162,180,18,35,30,30,30,30,30,30,30,30,30,47,61,61,61,61],"floor_reached":33,"language":"KOR","playtime":1343,"items_purged":["Strike_R","Strike_R"],"score":551,"play_id":"d3ebaa19-fd0a-4a1f-9311-49b89b3df5fc","local_time":"20210114102029","is_ascension_mode":true,"campfire_choices":[{"data":"Body Slam","floor":8.0,"key":"SMITH"},{"data":"Rampage","floor":12,"key":"SMITH"},{"floor":15,"key":"REST"},{"data":"Barricade","floor":23,"key":"SMITH"},{"data":"Dark Embrace","floor":27,"key":"SMITH"},{"floor":32,"key":"REST"}],"circlet_count":0,"master_deck":["AscendersBane","Defend_R","Defend_R","Defend_R","Defend_R","Bash","Body Slam+1","Clothesline","Demon Form","Dark Embrace+1","Cleave","Rampage+1","Pommel Strike","Barricade+1","Double Tap","Second Wind","Power Through","Disarm"],"relics":["Burning Blood","Bag of Marbles","Boot","Mark of Pain","Lee\u0027s Waffle","Medical Kit","WingedGreaves","The Courier"],"acts_visited":["Exordium","TheCity"],"potions_floor_usage":[16,24,24],"damage_taken":[{"damage":18.0,"enemies":"Small Slimes","floor":1.0,"turns":4.0},{"damage":5.0,"enemies":"2 Louse","floor":2.0,"turns":3.0},{"damage":17.0,"enemies":"Lagavulin","floor":6.0,"turns":7.0},{"damage":0.0,"enemies":"Cultist","floor":7.0,"turns":3.0},{"damage":5.0,"enemies":"Blue Slaver","floor":10.0,"turns":4.0},{"damage":7,"enemies":"Exordium Thugs","floor":13,"turns":4},{"damage":25,"enemies":"Lots of Slimes","floor":14,"turns":4},{"damage":39,"enemies":"The Guardian","floor":16,"turns":13},{"damage":46,"enemies":"Shell Parasite","floor":18,"turns":5},{"damage":28,"enemies":"Chosen","floor":20,"turns":5},{"damage":50,"enemies":"Gremlin Leader","floor":24,"turns":4},{"damage":38,"enemies":"Snake Plant","floor":30,"turns":7},{"damage":46,"enemies":"Shelled Parasite and Fungi","floor":31,"turns":7},{"damage":58,"enemies":"Collector","floor":33,"turns":6}],"seed_played":"-7559448775142377524","potions_obtained":[{"floor":2.0,"key":"SkillPotion"},{"floor":7.0,"key":"ColorlessPotion"},{"floor":11,"key":"SmokeBomb"},{"floor":16,"key":"DistilledChaos"},{"floor":18,"key":"Regen Potion"},{"floor":31,"key":"Strength Potion"}],"is_trial":false,"path_per_floor":["M","M","$","?","?","E","M","R","T","M","?","R","M","M","R","B",null,"M","$","M","$","?","R","E","$","T","R","T","$","M","M","R","B"],"character_chosen":"IRONCLAD","items_purchased":["Clothesline","Lee\u0027s Waffle","Power Through","Medical Kit"],"campfire_rested":2,"item_purchase_floors":[3,19,21,21],"current_hp_per_floor":[38,39,39,39,39,28,34,34,34,35,35,35,34,15,37,10,59,19,82,60,60,60,60,21,21,21,21,21,21,59,19,43,1,1],"gold":61,"neow_bonus":"REMOVE_TWO","is_daily":false,"chose_seed":false,"campfire_upgraded":4,"win_rate":0.0,"timestamp":1610587229,"path_taken":["M","M","$","?","?","E","?","R","T","M","?","R","M","?","R","BOSS","M","$","M","?","?","R","E","?","T","R","?","$","?","M","R","BOSS"],"items_purchased_type":["Card","Relic","Card","Relic"],"build_version":"2020-12-22","purchased_purges":2,"victory":false,"max_hp_per_floor":[75,75,75,75,75,75,75,75,75,75,75,75,75,75,75,75,75,75,82,82,82,82,82,82,82,82,82,82,82,82,82,82,82,82],"relic_stats":{"Lee\u0027s Waffle":63,"counters":[14,76],"Boot":[12],"Medical Kit":[12],"obtain_stats":[{"Lee\u0027s Waffle":19,"Mark of Pain":17,"WingedGreaves":26,"The Courier":28,"Bag of Marbles":6,"Boot":9,"Medical Kit":21,"Burning Blood":0},{"Lee\u0027s Waffle":9,"Mark of Pain":8,"WingedGreaves":11,"The Courier":11,"Bag of Marbles":3,"Boot":4,"Medical Kit":10,"Burning Blood":0},{"Lee\u0027s Waffle":47,"Mark of Pain":42,"WingedGreaves":56,"The Courier":56,"Bag of Marbles":14,"Boot":17,"Medical Kit":52,"Burning Blood":0}],"Burning Blood":78},"card_choices":[{"not_picked":["Inflame","Burning Pact"],"picked":"Body Slam","floor":1.0},{"not_picked":["Heavy Blade","Warcry","Perfected Strike"],"picked":"SKIP","floor":2.0},{"not_picked":["Perfected Strike","Body Slam"],"picked":"Dark Embrace","floor":6.0},{"not_picked":["Sever Soul","Sword Boomerang"],"picked":"Cleave","floor":7.0},{"not_picked":["Heavy Blade","Body Slam"],"picked":"Rampage","floor":10.0},{"not_picked":["Body Slam","Flex"],"picked":"Pommel Strike","floor":13},{"not_picked":["Sentinel","Whirlwind"],"picked":"Barricade","floor":14},{"not_picked":["Impervious","Berserk"],"picked":"Double Tap","floor":16},{"not_picked":["Seeing Red","Pommel Strike"],"picked":"Second Wind","floor":18},{"not_picked":["Cleave+1","Flame Barrier","Whirlwind"],"picked":"SKIP","floor":20},{"not_picked":["Pommel Strike","Thunderclap","Searing Blow"],"picked":"SKIP","floor":30},{"not_picked":["Infernal Blade","Body Slam","Whirlwind"],"picked":"SKIP","floor":31}],"player_experience":335544,"relics_obtained":[{"floor":6.0,"key":"Bag of Marbles"},{"floor":9.0,"key":"Boot"},{"floor":26,"key":"WingedGreaves"},{"floor":28,"key":"The Courier"}],"event_choices":[{"damage_healed":0.0,"max_hp_gain":0.0,"max_hp_loss":0.0,"gold_gain":0.0,"event_name":"World of Goop","player_choice":"Left Gold","floor":4.0,"gold_loss":1.0,"damage_taken":0.0},{"damage_healed":0.0,"max_hp_gain":0.0,"max_hp_loss":0.0,"gold_gain":0.0,"cards_transformed":["Strike_R"],"event_name":"Transmorgrifier","player_choice":"Transformed","floor":5.0,"gold_loss":0.0,"damage_taken":0.0,"cards_obtained":["Demon Form"]},{"damage_healed":0,"gold_gain":0,"player_choice":"Bought 1 Potion","damage_taken":0,"max_hp_gain":0,"max_hp_loss":0,"event_name":"The Woman in Blue","floor":11,"gold_loss":0},{"damage_healed":0,"gold_gain":0,"player_choice":"Read","damage_taken":0,"max_hp_gain":0,"max_hp_loss":0,"event_name":"The Library","floor":22,"gold_loss":0,"cards_obtained":["Disarm"]}],"is_beta":false,"boss_relics":[{"not_picked":["SlaversCollar","Black Blood"],"picked":"Mark of Pain"}],"items_purged_floors":[3,25],"is_endless":false,"potions_floor_spawned":[2,7,14,16,18,24,31],"killed_by":"Collector","ascension_level":18}}