{"host":"blqtz7f1wyqlnbm9","time":1610633049,"event":{"mods":["BaseMod","Minty Spire (QoL Compilation)","Replay The Spire","StSLib"],"gold_per_floor":[109,122,122,132,149,183,183,26,78,98,168,200,200,200,200,296,296,312,312,339,339,41,41,74,23,23,41,55,55,8,39,39,39,39],"floor_reached":33,"language":"ZHS","playtime":4370,"items_purged":[],"score":345,"play_id":"20f09242-047d-4f99-a6a8-2840ae5529a4","local_time":"20210114220409","is_ascension_mode":true,"campfire_choices":[{"data":"Perfected Strike","floor":7,"key":"SMITH"},{"data":"Metallicize","floor":15,"key":"SMITH"},{"data":"Perfected Strike","floor":23,"key":"SMITH"},{"data":"Dark Embrace","floor":29,"key":"SMITH"},{"data":"Pommel Strike","floor":32,"key":"SMITH"}],"circlet_count":0,"master_deck":["Strike_R","Strike_R","Strike_R","Strike_R+1","Strike_R+1","Defend_R","Defend_R","Defend_R","Defend_R","Bash","Perfected Strike+1","Metallicize+1","Heavy Blade","Perfected Strike+1","Pommel Strike","Parasite","Limit Break","Dark Embrace+1","Flex","Perfected Strike+1","Inflame+1","Pommel Strike+1","ReplayTheSpireMod:Stacked+1","Headbutt","Perfected Strike+1","Wild Strike"],"relics":["Burning Blood","Mummified Hand","HandDrill","Replay:Rubber Ducky","ReplayTheSpireMod:Lightbulb","Coffee Dripper","Prayer Wheel","Magic Flower","Frozen Egg 2","Happy Flower","Chameleon Ring"],"acts_visited":["Exordium","TheCity"],"potions_floor_usage":[5,16,24,31,33],"damage_taken":[{"damage":10,"enemies":"Small Slimes","floor":1,"turns":4},{"damage":13,"enemies":"2 Louse","floor":2,"turns":3},{"damage":7,"enemies":"Jaw Worm","floor":4,"turns":4},{"damage":2,"enemies":"Large Slime","floor":5,"turns":3},{"damage":22,"enemies":"Gremlin Nob","floor":6,"turns":4},{"damage":2,"enemies":"Blue Slaver","floor":10,"turns":4},{"damage":31,"enemies":"Lagavulin","floor":12,"turns":4},{"damage":18,"enemies":"Hexaghost","floor":16,"turns":7},{"damage":1,"enemies":"3 Byrds","floor":18,"turns":6},{"damage":48,"enemies":"Book of Stabbing","floor":24,"turns":4},{"damage":8,"enemies":"2 Thieves","floor":27,"turns":3},{"damage":11,"enemies":"Cultist and Chosen","floor":28,"turns":6},{"damage":19,"enemies":"Replay:Snechameleon","floor":31,"turns":3},{"damage":39,"enemies":"Collector","floor":33,"turns":5}],"seed_played":"736045628974863399","potions_obtained":[{"floor":1,"key":"SkillPotion"},{"floor":2,"key":"DistilledChaos"},{"floor":4,"key":"BlessingOfTheForge"},{"floor":16,"key":"PowerPotion"},{"floor":28,"key":"Fire Potion"},{"floor":31,"key":"LiquidMemories"}],"is_trial":false,"path_per_floor":["M","M","?","M","M","E","R","$","T","M","?","E","?","?","R","B",null,"M","?","?","?","$","R","E","$","T","M","M","R","$","E","R","B"],"character_chosen":"IRONCLAD","items_purchased":["HandDrill","Magic Flower","Pommel Strike","Wild Strike"],"campfire_rested":0,"item_purchase_floors":[8,22,25,30],"current_hp_per_floor":[76,69,53,52,56,40,40,40,40,44,44,19,19,39,39,27,80,80,80,80,80,80,80,41,41,41,42,40,40,40,30,30,0,0],"gold":39,"neow_bonus":"THREE_CARDS","is_daily":false,"chose_seed":false,"campfire_upgraded":5,"win_rate":0.0,"timestamp":1610633049,"path_taken":["M","M","?","M","M","E","R","$","T","M","?","E","?","?","R","BOSS","M","?","?","?","$","R","E","?","T","M","M","R","?","E","R","BOSS"],"items_purchased_type":["Relic","Relic","Card","Card"],"build_version":"2020-12-22","purchased_purges":0,"victory":false,"max_hp_per_floor":[80,80,80,80,80,80,80,80,80,80,80,80,80,80,80,80,80,80,80,80,80,80,80,80,80,80,80,80,80,80,80,80,80,80],"card_choices":[{"not_picked":["Shrug It Off","Thunderclap"],"picked":"Perfected Strike","floor":0},{"not_picked":["Reckless Charge","True Grit"],"picked":"Metallicize","floor":1},{"not_picked":["Shrug It Off","Flame Barrier"],"picked":"Heavy Blade","floor":2},{"not_picked":["Armaments","Heavy Blade"],"picked":"Perfected Strike","floor":4},{"not_picked":["Run Through","ReplayTheSpireMod:Muscle Training","Replay:Undeath\u0027s Touch"],"picked":"SKIP","floor":5},{"not_picked":["Replay:Undeath\u0027s Touch","Havoc"],"picked":"Pommel Strike","floor":6},{"not_picked":["Heavy Blade","Eclipse","ReplayTheSpireMod:Limb From Limb"],"picked":"SKIP","floor":10},{"not_picked":["ReplayReversal","Replay:Undeath\u0027s Touch","Life Link"],"picked":"SKIP","floor":12},{"not_picked":["Double Tap","Demon Form"],"picked":"Limit Break","floor":16},{"not_picked":["Dual Wield","Headbutt"],"picked":"Dark Embrace","floor":18},{"not_picked":["Twin Strike","Clothesline"],"picked":"Perfected Strike","floor":20},{"not_picked":["True Grit","Pummel"],"picked":"Inflame+1","floor":24},{"not_picked":["Dropkick+1","Replay:Undeath\u0027s Touch"],"picked":"ReplayTheSpireMod:Stacked+1","floor":27},{"not_picked":["Heavy Blade","Clash","Armaments"],"picked":"SKIP","floor":27},{"not_picked":["Iron Wave","Sever Soul+1"],"picked":"Headbutt","floor":28},{"not_picked":["Armaments+1","Perfected Strike+1","Whirlwind"],"picked":"SKIP","floor":28},{"not_picked":["Armaments+1","Whirlwind"],"picked":"Perfected Strike+1","floor":28},{"not_picked":["Anger","Disarm","ReplayTheSpireMod:Limb From Limb"],"picked":"SKIP","floor":31}],"player_experience":195990,"relics_obtained":[{"floor":6,"key":"Mummified Hand"},{"floor":9,"key":"Replay:Rubber Ducky"},{"floor":12,"key":"ReplayTheSpireMod:Lightbulb"},{"floor":20,"key":"Prayer Wheel"},{"floor":24,"key":"Frozen Egg 2"},{"floor":26,"key":"Happy Flower"},{"floor":31,"key":"Chameleon Ring"}],"event_choices":[{"damage_healed":0,"gold_gain":0,"player_choice":"Entered Light","damage_taken":16,"max_hp_gain":0,"max_hp_loss":0,"event_name":"Shining Light","floor":3,"gold_loss":0,"cards_upgraded":["Strike_R","Strike_R"]},{"damage_healed":0,"gold_gain":70,"player_choice":"Gained Gold","damage_taken":0,"max_hp_gain":0,"max_hp_loss":0,"event_name":"Golden Wing","floor":11,"gold_loss":0},{"damage_healed":0,"gold_gain":0,"player_choice":"Grow","damage_taken":0,"max_hp_gain":0,"max_hp_loss":0,"event_name":"Living Wall","floor":13,"gold_loss":0,"cards_upgraded":["Perfected Strike"]},{"damage_healed":20,"gold_gain":0,"player_choice":"Healed and dodged fight","damage_taken":0,"max_hp_gain":0,"max_hp_loss":0,"event_name":"Mushrooms","floor":14,"gold_loss":0,"cards_obtained":["Parasite"]},{"damage_healed":0,"gold_gain":0,"player_choice":"Read","damage_taken":0,"max_hp_gain":0,"max_hp_loss":0,"event_name":"The Library","floor":19,"gold_loss":0,"cards_obtained":["Flex"]},{"damage_healed":0,"gold_gain":0,"player_choice":"Ignored","damage_taken":0,"max_hp_gain":0,"max_hp_loss":0,"event_name":"Vampires","floor":21,"gold_loss":0}],"is_beta":false,"boss_relics":[{"not_picked":["SlaversCollar","Fusion Hammer"],"picked":"Coffee Dripper"}],"items_purged_floors":[],"is_endless":false,"potions_floor_spawned":[1,2,4,16,28,31],"killed_by":"Collector","ascension_level":2}}