{"host":"zls4lyfcaficqj9z","time":1610618953,"event":{"mods":["BaseMod","Better Vampires","ChefMod","Dio Mod","Downfall","Evolution","Grow up Mod","GungeonMod","Magitek Elite","Melee Mod","Minty Spire (QoL Compilation)","StSLib","The Edgeheg","The Florist","The Necromancer","The Saiyan","Uncapped","Waifu the Spire"],"gold_per_floor":[112,35,45,45,145,180,180,212,212,224,256,275,291,305,305,407,407,426,199,211,231,231,258,276,276,323,77,105,105,131,148,148,252,252,266,266,280,155,168,200,214,244,244,277,292,324,324,342,342,342],"floor_reached":51,"language":"ENG","playtime":3234,"items_purged":["Compile Driver","Scrape","Go for the Eyes"],"score":1066,"play_id":"6c0bfe62-3989-416b-98bc-d487505ee3a4","local_time":"20210114040913","daily_mods":["Draft"],"is_ascension_mode":true,"campfire_choices":[{"data":"Capacitor","floor":7,"key":"SMITH"},{"data":"Static Discharge","floor":15,"key":"SMITH"},{"data":"Defragment","floor":25,"key":"SMITH"},{"data":"Defragment","floor":29,"key":"SMITH"},{"data":"Defragment","floor":32,"key":"SMITH"},{"data":"Storm","floor":47,"key":"SMITH"},{"data":"Defragment","floor":49,"key":"SMITH"}],"circlet_count":0,"master_deck":["Ball Lightning","Redo","Gash","Rebound","Defragment+1","Melter","Self Repair","Conserve Battery","Gash","Ball Lightning","Sweeping Beam","Capacitor+1","Turbo","Defragment+1","Gash","Defragment+1","Static Discharge","Sweeping Beam","Sweeping Beam","Static Discharge+1","Genetic Algorithm","Electrodynamics","Defragment+1","Capacitor+1","Ball Lightning","Beam Cell","Necronomicurse","Ball Lightning+1","Beam Cell","Beam Cell","Seek","Melter","White Noise+1","Parasite","Beam Cell+1","FTL+1","Storm+1"],"relics":["Cracked Core","EVO:Axolotl","Letter Opener","Dead Branch","Ancient Tea Set","DemoMod:SerJunkan","Cables","Inserter","Orrery","Necronomicon","Ornamental Fan","DemoMod:ClearGuonStone","Strange Spoon","DemoMod:Junk","sneckomod:SneckoTalon"],"acts_visited":["Exordium","TheCity","TheBeyond"],"potions_floor_usage":[8,14,14,14,18,30,30,39,39,44,46,46,46,46,46,48],"damage_taken":[{"damage":7,"enemies":"2 Louse","floor":1,"turns":2},{"damage":0,"enemies":"Cultist","floor":3,"turns":2},{"damage":28,"enemies":"3 Sentries","floor":6,"turns":5},{"damage":0,"enemies":"Gremlin Nob","floor":8,"turns":2},{"damage":17,"enemies":"Small Slimes","floor":10,"turns":3},{"damage":27,"enemies":"3 Sentries","floor":11,"turns":4},{"damage":0,"enemies":"Exordium Thugs","floor":12,"turns":3},{"damage":13,"enemies":"Gremlin Gang","floor":13,"turns":3},{"damage":3,"enemies":"Exordium Wildlife","floor":14,"turns":2},{"damage":33,"enemies":"The Guardian","floor":16,"turns":6},{"damage":0,"enemies":"Chosen","floor":18,"turns":4},{"damage":26,"enemies":"2 Thieves","floor":20,"turns":3},{"damage":8,"enemies":"Snake Plant","floor":21,"turns":3},{"damage":17,"enemies":"Gremlin Leader","floor":23,"turns":5},{"damage":12,"enemies":"Cultist and Chosen","floor":24,"turns":4},{"damage":24,"enemies":"Book of Stabbing","floor":28,"turns":4},{"damage":0,"enemies":"Gremlin Leader","floor":30,"turns":4},{"damage":0,"enemies":"Centurion and Healer","floor":31,"turns":4},{"damage":40,"enemies":"StardustCrusaders","floor":33,"turns":5},{"damage":0,"enemies":"Orb Walker","floor":35,"turns":3},{"damage":7,"enemies":"3 Darklings","floor":37,"turns":3},{"damage":0,"enemies":"Transient","floor":39,"turns":5},{"damage":20,"enemies":"Reptomancer","floor":40,"turns":4},{"damage":18,"enemies":"Writhing Mass","floor":41,"turns":5},{"damage":24,"enemies":"Giant Head","floor":42,"turns":6},{"damage":20,"enemies":"Reptomancer","floor":44,"turns":3},{"damage":0,"enemies":"3 Darklings","floor":45,"turns":2},{"damage":4,"enemies":"Giant Head","floor":46,"turns":5},{"damage":0,"enemies":"Transient","floor":48,"turns":5},{"damage":29,"enemies":"Donu and Deca","floor":50,"turns":3}],"seed_played":"-5479040287984603750","potions_obtained":[{"floor":1,"key":"Fire Potion"},{"floor":3,"key":"Dexterity Potion"},{"floor":10,"key":"champ:CounterPotion"},{"floor":12,"key":"SpeedPotion"},{"floor":16,"key":"Weak Potion"},{"floor":20,"key":"FocusPotion"},{"floor":28,"key":"ColorlessPotion"},{"floor":33,"key":"DuplicationPotion"},{"floor":37,"key":"hexamod:EctoCoolerPotion"},{"floor":41,"key":"Energy Potion"},{"floor":44,"key":"EntropicBrew"},{"floor":45,"key":"BlessingOfTheForge"},{"floor":46,"key":"Explosive Potion"}],"is_trial":true,"path_per_floor":["M","$","M","?","?","E","R","E","T","M","E","M","M","M","R","B",null,"M","$","M","M","?","E","M","R","T","$","E","R","E","M","R","B",null,"M","?","M","$","M","E","M","E","T","E","M","E","R","M","R","B",null],"character_chosen":"DEFECT","items_purchased":["Defragment","Orrery","Strange Spoon"],"campfire_rested":0,"item_purchase_floors":[2,19,27],"current_hp_per_floor":[91,101,111,103,113,102,112,122,132,132,115,132,129,136,146,130,258,268,278,262,264,258,258,256,266,276,286,279,289,306,316,326,303,428,438,448,458,468,478,475,474,467,477,467,484,509,519,529,539,520],"gold":342,"neow_bonus":"","is_daily":false,"chose_seed":false,"campfire_upgraded":7,"win_rate":0.0,"timestamp":1610618953,"path_taken":["M","$","M","?","?","E","R","E","T","M","E","?","M","M","R","BOSS","M","$","M","M","?","E","M","R","T","$","E","R","E","M","R","BOSS","M","?","M","?","M","E","M","E","T","E","M","E","R","M","R","BOSS"],"items_purchased_type":["Card","Relic","Relic"],"build_version":"2020-12-22","purchased_purges":3,"victory":true,"max_hp_per_floor":[98,108,118,128,138,148,158,168,178,188,198,208,218,228,238,248,258,268,278,288,298,308,318,328,338,348,358,368,378,388,398,408,418,428,438,448,458,468,478,488,498,508,518,528,538,548,558,568,578,588],"card_choices":[{"not_picked":["Chill","White Noise"],"picked":"Ball Lightning","floor":0},{"not_picked":["Stack","Coolheaded"],"picked":"Compile Driver","floor":0},{"not_picked":["Conserve Battery","Hologram"],"picked":"Redo","floor":0},{"not_picked":["Rip and Tear","Reinforced Body"],"picked":"Gash","floor":0},{"not_picked":["Leap","Redo"],"picked":"Rebound","floor":0},{"not_picked":["Redo","Turbo"],"picked":"Scrape","floor":0},{"not_picked":["Go for the Eyes","Coolheaded"],"picked":"Defragment","floor":0},{"not_picked":["Hologram","Cold Snap"],"picked":"Melter","floor":0},{"not_picked":["Beam Cell","BootSequence"],"picked":"Self Repair","floor":0},{"not_picked":["Steam","Hologram"],"picked":"Conserve Battery","floor":0},{"not_picked":["Chaos","Steam Power"],"picked":"Go for the Eyes","floor":0},{"not_picked":["BootSequence","Turbo"],"picked":"Gash","floor":0},{"not_picked":["Hologram","Reprogram"],"picked":"Ball Lightning","floor":0},{"not_picked":["Undo","Compile Driver"],"picked":"Sweeping Beam","floor":0},{"not_picked":["Cold Snap","Stack"],"picked":"Capacitor","floor":0},{"not_picked":["Leap","Conserve Battery"],"picked":"Turbo","floor":1},{"not_picked":["Compile Driver","Steam"],"picked":"Gash","floor":3},{"not_picked":["Force Field","Glacier"],"picked":"Defragment","floor":6},{"not_picked":["BootSequence","Turbo"],"picked":"Static Discharge","floor":8},{"not_picked":["Steam","Go for the Eyes"],"picked":"Sweeping Beam","floor":10},{"not_picked":["Reboot","Reinforced Body"],"picked":"Sweeping Beam","floor":11},{"not_picked":["Redo","Self Repair"],"picked":"Static Discharge","floor":12},{"not_picked":["Leap","Hologram"],"picked":"Genetic Algorithm","floor":13},{"not_picked":["Conserve Battery","Steam Power","Steam"],"picked":"SKIP","floor":14},{"not_picked":["Buffer","Hyperbeam"],"picked":"Electrodynamics","floor":16},{"not_picked":["Steam","Conserve Battery"],"picked":"Defragment","floor":18},{"not_picked":["Stack","Coolheaded+1"],"picked":"Capacitor+1","floor":19},{"not_picked":["Hologram","Streamline+1"],"picked":"Ball Lightning","floor":19},{"not_picked":["Scrape+1","Conserve Battery+1","Hologram"],"picked":"SKIP","floor":20},{"not_picked":["Gash","Redo"],"picked":"Beam Cell","floor":21},{"not_picked":["Steam","Sweeping Beam"],"picked":"Ball Lightning+1","floor":23},{"not_picked":["Reprogram+1","Skim","Steam"],"picked":"SKIP","floor":24},{"not_picked":["Compile Driver+1","Coolheaded+1"],"picked":"Beam Cell","floor":28},{"not_picked":["Rebound","Gash","Go for the Eyes"],"picked":"SKIP","floor":30},{"not_picked":["Heatsinks","Reinforced Body"],"picked":"Beam Cell","floor":31},{"not_picked":["Buffer","Hyperbeam"],"picked":"Seek","floor":33},{"not_picked":["Stack+1","Barrage+1","Hologram+1"],"picked":"SKIP","floor":35},{"not_picked":["Gash","Beam Cell"],"picked":"Melter","floor":37},{"not_picked":["Coolheaded+1","Streamline"],"picked":"White Noise+1","floor":39},{"not_picked":["Conserve Battery+1","Leap","Stack+1"],"picked":"SKIP","floor":40},{"not_picked":["Stack+1","FTL"],"picked":"Beam Cell+1","floor":41},{"not_picked":["Compile Driver+1","Rebound","Steam"],"picked":"SKIP","floor":42},{"not_picked":["Echo Form","Stack","Capacitor"],"picked":"SKIP","floor":44},{"not_picked":["Beam Cell+1","Chaos+1"],"picked":"FTL+1","floor":45},{"not_picked":["Turbo+1","Coolheaded+1"],"picked":"Storm","floor":46},{"not_picked":["Self Repair+1","Cold Snap+1","Compile Driver+1"],"picked":"SKIP","floor":48}],"player_experience":168028,"relics_obtained":[{"floor":6,"key":"Dead Branch"},{"floor":8,"key":"Ancient Tea Set"},{"floor":9,"key":"DemoMod:SerJunkan"},{"floor":11,"key":"Cables"},{"floor":22,"key":"Necronomicon"},{"floor":23,"key":"Ornamental Fan"},{"floor":26,"key":"DemoMod:ClearGuonStone"},{"floor":28,"key":"DemoMod:Junk"},{"floor":30,"key":"DemoMod:Junk"},{"floor":40,"key":"DemoMod:Junk"},{"floor":42,"key":"DemoMod:Junk"},{"floor":43,"key":"DemoMod:Junk"},{"floor":44,"key":"DemoMod:Junk"},{"floor":46,"key":"DemoMod:Junk"}],"event_choices":[{"damage_healed":0,"gold_gain":0,"player_choice":"Success","damage_taken":18,"relics_obtained":["Letter Opener"],"max_hp_gain":0,"max_hp_loss":0,"event_name":"Scrap Ooze","floor":4,"gold_loss":0},{"damage_healed":0,"gold_gain":100,"player_choice":"Pray","damage_taken":0,"max_hp_gain":0,"max_hp_loss":0,"event_name":"Golden Shrine","floor":5,"gold_loss":0},{"damage_healed":0,"gold_gain":0,"player_choice":"Obtained Book","damage_taken":16,"max_hp_gain":0,"max_hp_loss":0,"event_name":"Cursed Tome","floor":22,"gold_loss":0},{"damage_healed":0,"gold_gain":0,"player_choice":"Ignored","damage_taken":0,"max_hp_gain":0,"max_hp_loss":0,"event_name":"SecretPortal","floor":36,"gold_loss":0}],"is_beta":false,"boss_relics":[{"not_picked":["Velvet Choker","Coffee Dripper"],"picked":"Inserter"},{"not_picked":["FrozenCore","Nuclear Battery"],"picked":"sneckomod:SneckoTalon"}],"items_purged_floors":[19,27,38],"is_endless":false,"potions_floor_spawned":[1,3,10,12,13,16,20,28,33,37,41,44,45,46],"ascension_level":1}}