{"host":"3oowddqpmj34xmzc","time":1610634129,"event":{"mods":["2.2 Compatiblity","Act Like it!","Arknights The Spire","Aspiration","BaseMod","Better Third Choice","CapriCore","Conspire","Gensokyo","Gold Saver","Gremlin Mod","GungeonMod","Hermit","Koishi","Marisa£®ÏF”Í°°ƒß¿Ì…≥£©","Minty Spire (QoL Compilation)","Pale of the Ancients","Reimu£®≤©¿ˆ¡È√Œ£©","Relic Stats","Remilia£®¿Ÿ√◊¿Ú—«£©","Replay The Spire","Robot Space Explorer","Spicy Shops","StSLib","The Construct","The Gatherer","The Immortal","The Marked","The Poker Player","The Servant 0.9.4","The Vixen","WarShipGirlsR/’ΩΩ¢…Ÿ≈ÆR mod","Yakumo Yukari mod","Youmu£®ªÍ∆«—˝√Œ£©","Yuyuko","[GremlinLeader]The Maniac"],"gold_per_floor":[1283,1297,1297,1312,742,742,775,875,875,890,919,919,919,953,953,953,953],"floor_reached":16,"language":"ZHS","playtime":1104,"items_purged":[],"score":171,"play_id":"595a0ab2-4ad7-4bc1-89ed-0c22afac202a","local_time":"20210114222209","is_ascension_mode":true,"campfire_choices":[{"data":"Observe_purple_2","floor":12,"key":"SMITH"},{"data":"MonsterNeedle_purple","floor":15,"key":"SMITH"}],"circlet_count":0,"master_deck":["AT_purpleEX","AT_purpleEX","AT_purpleEX","AT_purpleEX","Defend_purpleEX","Defend_purpleEX","Defend_purpleEX","Defend_purpleEX","Observe_purple_1","Observe_purple_2+1","ReplayTheSpireMod:Restless Dread","Worldmountain_purple","Worldmountain_purple","DimensionStaggered_purple+1","Gensokyo:SevenSchoolMysteries","Mirror_WaveAndshot_purple","MonsterNeedle_purple+1","Worldmountain_purple"],"relics":["Boundary_crack","Memoryfragments_purpleEX","DemoMod:MeatBun","Sling","Replay:Accelerometer","CaptainsWheel","construct:FoamFinger","Blood Vial","Gensokyo:OccultBall","Mango","DemoMod:GundromedaStrain"],"acts_visited":["Gensokyo:Gensokyo"],"potions_floor_usage":[16],"damage_taken":[{"damage":19,"enemies":"Gensokyo:Gryphon","floor":1,"turns":6},{"damage":4,"enemies":"Gensokyo:2_Kodama","floor":2,"turns":3},{"damage":0,"enemies":"Gensokyo:Python","floor":4,"turns":3},{"damage":33,"enemies":"Gensokyo:Cirno","floor":7,"turns":6},{"damage":8,"enemies":"Gensokyo:2_Rabbits","floor":10,"turns":4},{"damage":18,"enemies":"Gensokyo:Mamizou","floor":11,"turns":9},{"damage":12,"enemies":"Gensokyo:Aya","floor":14,"turns":5},{"damage":38,"enemies":"Gensokyo:Yukari","floor":16,"turns":10}],"seed_played":"-7727513231671792367","potions_obtained":[{"floor":4,"key":"DemoMod:LeadSkinPotion"},{"floor":11,"key":"DuplicationPotion"},{"floor":14,"key":"SneckoOil"}],"is_trial":false,"path_per_floor":["M","M","?","M","COS","T","E","?","T","M","E","R","?","E","R","B"],"character_chosen":"Youkari","items_purchased":[],"campfire_rested":0,"item_purchase_floors":[],"current_hp_per_floor":[53,50,50,54,68,68,39,39,39,36,23,23,23,32,32,0,0],"gold":953,"neow_bonus":"TWO_FIFTY_GOLD","is_daily":false,"chose_seed":false,"campfire_upgraded":2,"win_rate":0.0,"timestamp":1610634129,"path_taken":["M","M","?","?","COS","?","E","?","T","?","E","R","?","E","R","BOSS"],"items_purchased_type":[],"build_version":"2020-12-22","purchased_purges":0,"victory":false,"max_hp_per_floor":[70,70,70,70,70,70,70,70,70,70,70,70,70,84,84,84,84],"relic_stats":{"Blood Vial":4,"counters":[8,46],"obtain_stats":[{"Blood Vial":11,"Replay:Accelerometer":6,"CaptainsWheel":7,"construct:FoamFinger":9,"DemoMod:GundromedaStrain":14,"DemoMod:MeatBun":5,"Gensokyo:OccultBall":13,"Mango":14,"DemoMod:GlassGuonStoneRelic":14,"Boundary_crack":0,"Sling":5,"Memoryfragments_purpleEX":0},{"Blood Vial":6,"Replay:Accelerometer":3,"CaptainsWheel":4,"construct:FoamFinger":4,"DemoMod:GundromedaStrain":7,"DemoMod:MeatBun":3,"Gensokyo:OccultBall":6,"Mango":7,"DemoMod:GlassGuonStoneRelic":7,"Boundary_crack":0,"Sling":3,"Memoryfragments_purpleEX":0},{"Blood Vial":31,"Replay:Accelerometer":12,"CaptainsWheel":18,"construct:FoamFinger":18,"DemoMod:GundromedaStrain":36,"DemoMod:MeatBun":12,"Gensokyo:OccultBall":31,"Mango":33,"DemoMod:GlassGuonStoneRelic":36,"Boundary_crack":0,"Sling":12,"Memoryfragments_purpleEX":0}]},"card_choices":[{"not_picked":["Line_surface_state_purple","OmniscientAndOmnipotent_Monster_purple"],"picked":"Worldmountain_purple","floor":1},{"not_picked":["Mirror_FormAndEmptin_purple","SharpContractionReality_purple"],"picked":"Worldmountain_purple","floor":2},{"not_picked":["Umbrella_purple","MNeedle_purple"],"picked":"UniverseChoice_purple","floor":4},{"not_picked":["Know_ledgeAbilityRealm_purple","MNeedle_purple"],"picked":"Mirror_WaveAndshot_purple","floor":7},{"not_picked":["Mirror_FormAndEmptin_purple","RealityDreamConfluencek_purple","RuleDissolution_purple"],"picked":"SKIP","floor":10},{"not_picked":["ExistenceContinue_purple","ProofOfUnderstanding_purple"],"picked":"MonsterNeedle_purple","floor":11},{"not_picked":["Charmbait_purple","Anti_communist_purple"],"picked":"Worldmountain_purple","floor":14}],"player_experience":223073,"relics_obtained":[{"floor":6,"key":"Replay:Accelerometer"},{"floor":7,"key":"CaptainsWheel"},{"floor":9,"key":"construct:FoamFinger"},{"floor":11,"key":"Blood Vial"},{"floor":14,"key":"DemoMod:GundromedaStrain"}],"event_choices":[],"is_beta":false,"boss_relics":[],"items_purged_floors":[],"is_endless":false,"potions_floor_spawned":[4,11,14],"killed_by":"Gensokyo:Yukari","ascension_level":5}}