{"host":"dn025qx6yu0j7rqc","time":1610624844,"event":{"mods":["BaseMod","Colored Map","Minty Spire (QoL Compilation)","Relic Stats","StSLib"],"gold_per_floor":[117,117,117,129,153,153,179,199,267,300,300,313,313,330,330,407,407,407,407,407,17,17,17,17,17,17,17,17,17,17,17,17,17,17,17,17,17,17,17,17,17,17,17,17,17,17,17,17,17,17,17,17,17,17,17,17],"floor_reached":57,"language":"ENG","playtime":5062,"items_purged":["Strike_B"],"score":2813,"play_id":"bde81eaf-ec8a-403b-ad46-d04d62b2360a","local_time":"20210114034724","is_ascension_mode":true,"campfire_choices":[{"data":"Streamline","floor":6.0,"key":"SMITH"},{"data":"Chill","floor":11.0,"key":"SMITH"},{"data":"Go for the Eyes","floor":13.0,"key":"SMITH"},{"data":"Barrage","floor":15.0,"key":"SMITH"},{"data":"Consume","floor":25.0,"key":"SMITH"},{"data":"Defragment","floor":27.0,"key":"SMITH"},{"data":"Reinforced Body","floor":30.0,"key":"SMITH"},{"data":"Lockon","floor":32.0,"key":"SMITH"},{"data":"Coolheaded","floor":41.0,"key":"SMITH"},{"floor":47.0,"key":"RECALL"},{"floor":49.0,"key":"REST"},{"data":"Force Field","floor":53.0,"key":"SMITH"}],"circlet_count":0,"master_deck":["AscendersBane","Strike_B","Strike_B","Defend_B","Defend_B","Defend_B","Defend_B","Zap","Dualcast","Chill+1","Echo Form","Streamline+1","Reinforced Body+1","Ball Lightning","Go for the Eyes+1","Barrage+1","Echo Form","Glacier","Coolheaded+1","Streamline+1","Consume+1","Defragment+1","Glacier","Lockon+1","Electrodynamics","Reinforced Body+1","Force Field+1","Hologram+1","Machine Learning"],"relics":["Inserter","Bag of Marbles","Bottled Tornado","Cables","Mango","Ectoplasm","Centennial Puzzle","Strawberry","Old Coin","Bottled Flame","StoneCalendar","Question Card","Snecko Eye","Molten Egg 2","HornCleat","PreservedInsect","Vajra","Dream Catcher","Lizard Tail"],"acts_visited":["Exordium","TheCity","TheBeyond","TheEnding"],"potions_floor_usage":[],"damage_taken":[{"damage":7.0,"enemies":"Small Slimes","floor":1.0,"turns":3.0},{"damage":0.0,"enemies":"2 Louse","floor":4.0,"turns":3.0},{"damage":17.0,"enemies":"Lagavulin","floor":7.0,"turns":7.0},{"damage":3.0,"enemies":"Jaw Worm","floor":8.0,"turns":3.0},{"damage":23.0,"enemies":"Gremlin Nob","floor":10.0,"turns":4.0},{"damage":0.0,"enemies":"Blue Slaver","floor":12.0,"turns":5.0},{"damage":6.0,"enemies":"Exordium Thugs","floor":14.0,"turns":4.0},{"damage":12.0,"enemies":"The Guardian","floor":16.0,"turns":11.0},{"damage":0.0,"enemies":"Chosen","floor":18.0,"turns":7.0},{"damage":4.0,"enemies":"Shell Parasite","floor":19.0,"turns":5.0},{"damage":4.0,"enemies":"Snake Plant","floor":20.0,"turns":5.0},{"damage":17.0,"enemies":"Shelled Parasite and Fungi","floor":22.0,"turns":5.0},{"damage":6.0,"enemies":"Book of Stabbing","floor":23.0,"turns":7.0},{"damage":0.0,"enemies":"3 Cultists","floor":24.0,"turns":6.0},{"damage":2.0,"enemies":"Gremlin Leader","floor":28.0,"turns":8.0},{"damage":0.0,"enemies":"Snake Plant","floor":29.0,"turns":5.0},{"damage":7.0,"enemies":"Colosseum Slavers","floor":31.0,"turns":4.0},{"damage":1.0,"enemies":"Colosseum Nobs","floor":31.0,"turns":5.0},{"damage":4.0,"enemies":"Champ","floor":33.0,"turns":7.0},{"damage":2.0,"enemies":"3 Shapes","floor":35.0,"turns":3.0},{"damage":11.0,"enemies":"3 Darklings","floor":36.0,"turns":3.0},{"damage":1.0,"enemies":"Transient","floor":38.0,"turns":6.0},{"damage":0.0,"enemies":"Maw","floor":39.0,"turns":5.0},{"damage":0.0,"enemies":"Giant Head","floor":40.0,"turns":9.0},{"damage":0.0,"enemies":"Nemesis","floor":42.0,"turns":7.0},{"damage":18.0,"enemies":"Reptomancer","floor":44.0,"turns":3.0},{"damage":2.0,"enemies":"Spire Growth","floor":45.0,"turns":6.0},{"damage":0.0,"enemies":"4 Shapes","floor":46.0,"turns":3.0},{"damage":10.0,"enemies":"Time Eater","floor":50.0,"turns":22.0},{"damage":23.0,"enemies":"Awakened One","floor":51.0,"turns":20.0},{"damage":31.0,"enemies":"Shield and Spear","floor":55.0,"turns":6.0},{"damage":39,"enemies":"The Heart","floor":56,"turns":10}],"seed_played":"7697243451292228403","potions_obtained":[{"floor":7.0,"key":"Weak Potion"},{"floor":10.0,"key":"Strength Potion"},{"floor":14.0,"key":"FearPotion"},{"floor":22.0,"key":"Fire Potion"},{"floor":23.0,"key":"ColorlessPotion"},{"floor":24.0,"key":"FairyPotion"},{"floor":28.0,"key":"PotionOfCapacity"},{"floor":35.0,"key":"GamblersBrew"},{"floor":44.0,"key":"FocusPotion"}],"is_trial":false,"path_per_floor":["M","?","?","M","T","R","E","M","T","E","R","M","R","M","R","B",null,"M","M","M","$","M","E","M","R","T","R","E","M","R","?","R","B",null,"M","M","?","M","M","E","R","E","T","E","M","M","R","?","R","B","B",null,"R","$","E","B",null],"character_chosen":"DEFECT","items_purchased":["Consume","Defragment","Centennial Puzzle"],"campfire_rested":1,"item_purchase_floors":[21,21,21],"current_hp_per_floor":[57,57,52,52,52,52,35,32,32,23,23,23,23,17,17,5,65,65,61,57,57,40,41,41,41,41,41,39,39,39,31,31,27,76,74,63,63,62,62,62,62,62,62,44,42,42,42,42,69,59,36,78,78,78,47,8],"gold":17,"neow_bonus":"BOSS_RELIC","is_daily":false,"chose_seed":false,"campfire_upgraded":10,"win_rate":0.0,"timestamp":1610624844,"path_taken":["M","?","?","M","?","R","E","M","T","E","R","M","R","M","R","BOSS","M","M","M","$","M","E","M","R","T","R","E","M","R","?","R","BOSS","M","M","?","M","?","E","R","E","T","E","M","M","R","?","R","BOSS","BOSS","R","$","E","BOSS"],"items_purchased_type":["Card","Card","Relic"],"build_version":"2020-12-22","purchased_purges":1,"victory":true,"max_hp_per_floor":[71,71,71,71,71,71,71,71,71,85,85,85,85,85,85,85,85,85,85,85,85,85,92,92,92,92,92,92,92,92,92,92,92,92,92,92,92,92,92,92,92,92,92,92,92,92,92,92,92,92,92,92,92,92,92,92],"relic_stats":{"Centennial Puzzle":[45],"Dream Catcher":1,"Lizard Tail":0,"Inserter":[103],"counters":[32,207],"Snecko Eye":[172,165,178,173],"StoneCalendar":[208],"Ectoplasm":828,"PreservedInsect":138,"Question Card":12,"obtain_stats":[{"Inserter":0,"Vajra":43,"Mango":10,"StoneCalendar":31,"PreservedInsect":42,"Bottled Tornado":7,"Question Card":31,"Cables":9,"Old Coin":26,"Centennial Puzzle":21,"Bottled Flame":28,"Dream Catcher":44,"Lizard Tail":55,"HornCleat":40,"Strawberry":23,"Snecko Eye":34,"Molten Egg 2":37,"Ectoplasm":17,"Bag of Marbles":3,"Cracked Core":0},{"Inserter":0,"Vajra":25,"Mango":5,"StoneCalendar":18,"PreservedInsect":25,"Bottled Tornado":3,"Question Card":18,"Cables":4,"Old Coin":14,"Centennial Puzzle":11,"Bottled Flame":15,"Dream Catcher":26,"Lizard Tail":31,"HornCleat":24,"Strawberry":13,"Snecko Eye":19,"Molten Egg 2":21,"Ectoplasm":8,"Bag of Marbles":1,"Cracked Core":0},{"Inserter":0,"Vajra":137,"Mango":20,"StoneCalendar":97,"PreservedInsect":137,"Bottled Tornado":13,"Question Card":97,"Cables":16,"Old Coin":75,"Centennial Puzzle":57,"Bottled Flame":83,"Dream Catcher":140,"Lizard Tail":197,"HornCleat":130,"Strawberry":69,"Snecko Eye":104,"Molten Egg 2":110,"Ectoplasm":40,"Bag of Marbles":3,"Cracked Core":0}],"Cables":[165,28,137,0,0]},"card_choices":[{"not_picked":["Ball Lightning","Beam Cell"],"picked":"Chill","floor":1.0},{"not_picked":["Barrage","Leap"],"picked":"Streamline","floor":4.0},{"not_picked":["Compile Driver","Sweeping Beam"],"picked":"Reinforced Body","floor":7.0},{"not_picked":["Compile Driver","Stack"],"picked":"Ball Lightning","floor":8.0},{"not_picked":["Recycle","FTL","Stack"],"picked":"SKIP","floor":10.0},{"not_picked":["Heatsinks","Steam","Go for the Eyes"],"picked":"SKIP","floor":12.0},{"not_picked":["Heatsinks","Steam"],"picked":"Go for the Eyes","floor":12.0},{"not_picked":["Redo","Turbo"],"picked":"Barrage","floor":14.0},{"not_picked":["Creative AI","Reboot"],"picked":"Echo Form","floor":16.0},{"not_picked":["Gash","Reprogram"],"picked":"Glacier","floor":18.0},{"not_picked":["Skim","Rebound"],"picked":"Coolheaded","floor":19.0},{"not_picked":["Steam","Stack"],"picked":"Streamline+1","floor":20.0},{"not_picked":["Conserve Battery+1","Aggregate"],"picked":"Glacier","floor":22.0},{"not_picked":["Rip and Tear","Fusion","Aggregate"],"picked":"SKIP","floor":23.0},{"not_picked":["Coolheaded","Skim","Rip and Tear"],"picked":"SKIP","floor":24.0},{"not_picked":["Barrage","Ball Lightning","Beam Cell"],"picked":"SKIP","floor":28.0},{"not_picked":["Steam","Compile Driver","Cold Snap"],"picked":"SKIP","floor":29.0},{"not_picked":["Redo","BootSequence"],"picked":"Lockon","floor":31.0},{"not_picked":["Reboot","Echo Form","All For One"],"picked":"Electrodynamics","floor":33.0},{"not_picked":["Darkness","Ball Lightning+1","Leap"],"picked":"Reinforced Body+1","floor":35.0},{"not_picked":["Ball Lightning","Gash","Barrage"],"picked":"Force Field","floor":36.0},{"not_picked":["Ball Lightning+1","Go for the Eyes+1","Chill","Double Energy"],"picked":"SKIP","floor":38.0},{"not_picked":["Static Discharge+1","Gash+1","FTL+1","Aggregate"],"picked":"SKIP","floor":39.0},{"not_picked":["Beam Cell+1","Rainbow","Ball Lightning+1","Compile Driver+1"],"picked":"SKIP","floor":40.0},{"not_picked":["Melter+1","Stack","Reinforced Body+1"],"picked":"Hologram+1","floor":42.0},{"not_picked":["Streamline+1","Fusion+1","Auto Shields"],"picked":"Machine Learning","floor":44.0},{"not_picked":["Gash+1","Conserve Battery","Recycle+1","Redo"],"picked":"SKIP","floor":45.0},{"not_picked":["Heatsinks","Ball Lightning+1","Turbo+1","White Noise"],"picked":"SKIP","floor":46.0},{"not_picked":["Turbo","Rebound+1","Heatsinks+1","Undo"],"picked":"SKIP","floor":55.0}],"player_experience":1072000,"relics_obtained":[{"floor":7.0,"key":"Bottled Tornado"},{"floor":9.0,"key":"Cables"},{"floor":10.0,"key":"Mango"},{"floor":23.0,"key":"Strawberry"},{"floor":26.0,"key":"Old Coin"},{"floor":28.0,"key":"Bottled Flame"},{"floor":31.0,"key":"StoneCalendar"},{"floor":31.0,"key":"Question Card"},{"floor":37.0,"key":"Molten Egg 2"},{"floor":40.0,"key":"HornCleat"},{"floor":42.0,"key":"PreservedInsect"},{"floor":43.0,"key":"Vajra"},{"floor":44.0,"key":"Dream Catcher"},{"floor":55.0,"key":"Lizard Tail"}],"event_choices":[{"damage_healed":0.0,"max_hp_gain":0.0,"max_hp_loss":0.0,"gold_gain":0.0,"cards_transformed":["Strike_B"],"event_name":"Living Wall","player_choice":"Change","floor":2.0,"gold_loss":0.0,"damage_taken":0.0,"cards_obtained":["Echo Form"]},{"damage_healed":0.0,"max_hp_gain":0.0,"max_hp_loss":0.0,"gold_gain":0.0,"event_name":"Scrap Ooze","player_choice":"Success","floor":3.0,"gold_loss":0.0,"damage_taken":5.0,"relics_obtained":["Bag of Marbles"]},{"damage_healed":0.0,"max_hp_gain":0.0,"max_hp_loss":0.0,"gold_gain":0.0,"event_name":"Colosseum","player_choice":"Fight","floor":31.0,"gold_loss":0.0,"damage_taken":0.0},{"damage_healed":0.0,"max_hp_gain":0.0,"max_hp_loss":0.0,"gold_gain":0.0,"event_name":"Colosseum","player_choice":"Fought Nobs","floor":31.0,"gold_loss":0.0,"damage_taken":0.0},{"damage_healed":0.0,"max_hp_gain":0.0,"max_hp_loss":0.0,"gold_gain":0.0,"event_name":"Wheel of Change","player_choice":"Relic","floor":37.0,"gold_loss":0.0,"damage_taken":0.0},{"damage_healed":0.0,"max_hp_gain":0.0,"max_hp_loss":0.0,"gold_gain":0.0,"event_name":"The Moai Head","player_choice":"Ignored","floor":48.0,"gold_loss":0.0,"damage_taken":0.0}],"is_beta":false,"boss_relics":[{"not_picked":["Runic Dome","Runic Pyramid"],"picked":"Ectoplasm"},{"not_picked":["Busted Crown","SlaversCollar"],"picked":"Snecko Eye"}],"items_purged_floors":[21],"is_endless":false,"potions_floor_spawned":[7,10,14,22,23,24,28,35,38,40,42,44],"ascension_level":20}}