{"host":"52jmisti11ysmja4","time":1610585270,"event":{"mods":["Aspiration","BaseMod","Better Third Choice","Minty Spire (QoL Compilation)","Remove Card Discount Mod","StSLib","The Bladedancer"],"gold_per_floor":[116,129,145,111,111,111,146,146,171,199,199,214,249,245,245,349,349,360,370,383,399,399,430,447,447,519,550,564,595,605,628,628,726,776,776],"floor_reached":34,"language":"ENG","playtime":4857,"items_purged":["blademaster:Defend","blademaster:Defend","blademaster:Defend","blademaster:Defend","blademaster:Strike","blademaster:Strike","blademaster:Strike","blademaster:Strike"],"score":851,"play_id":"904f0e94-e590-4189-9a6a-9c097a3abbda","local_time":"20210113164750","is_ascension_mode":true,"campfire_choices":[{"data":"blademaster:DaggerAndCloak","floor":6,"key":"SMITH"},{"data":"blademaster:Safeguard","floor":11,"key":"SMITH"},{"data":"blademaster:ThunderSlash","floor":15,"key":"SMITH"},{"floor":32,"key":"REST"}],"circlet_count":0,"master_deck":["AscendersBane","blademaster:RagingBlow","blademaster:HighVoltage","blademaster:DaggerAndCloak+1","blademaster:LeechingStrike","blademaster:Safeguard","blademaster:Safeguard+1","blademaster:DragonStrike","blademaster:ThunderSlash+1","blademaster:ThunderingOpener","blademaster:Blindside","blademaster:BladeCross","blademaster:CloudOfSteel+1","blademaster:FuriousStrike","blademaster:DaggerAndCloak","blademaster:BloodyBlow"],"relics":["blademaster:DancersAmulet","NeowsBlessing","aspiration:HummingbirdHeart","Pantograph","Orichalcum","Centennial Puzzle","Pen Nib","Fusion Hammer","PrismaticShard","Thread and Needle","NlothsMask","aspiration:AnachronicSnailShell","Shuriken","Ancient Tea Set","Tiny House"],"acts_visited":["Exordium","TheCity"],"potions_floor_usage":[10,10,24],"damage_taken":[{"damage":0,"enemies":"Cultist","floor":1,"turns":1},{"damage":0,"enemies":"Jaw Worm","floor":2,"turns":1},{"damage":3,"enemies":"2 Louse","floor":3,"turns":2},{"damage":8,"enemies":"Lagavulin","floor":7,"turns":4},{"damage":0,"enemies":"Gremlin Nob","floor":10,"turns":3},{"damage":0,"enemies":"Gremlin Gang","floor":12,"turns":3},{"damage":2,"enemies":"3 Sentries","floor":13,"turns":5},{"damage":4,"enemies":"Slime Boss","floor":16,"turns":5},{"damage":0,"enemies":"Chosen","floor":18,"turns":2},{"damage":0,"enemies":"3 Byrds","floor":19,"turns":3},{"damage":0,"enemies":"Centurion and Healer","floor":20,"turns":3},{"damage":0,"enemies":"Chosen and Byrds","floor":21,"turns":3},{"damage":3,"enemies":"Book of Stabbing","floor":23,"turns":3},{"damage":0,"enemies":"3 Cultists","floor":24,"turns":3},{"damage":4,"enemies":"Slavers","floor":27,"turns":4},{"damage":1,"enemies":"Snake Plant","floor":28,"turns":3},{"damage":0,"enemies":"Book of Stabbing","floor":29,"turns":3},{"damage":0,"enemies":"Snecko","floor":30,"turns":3},{"damage":0,"enemies":"Champ","floor":33,"turns":6}],"seed_played":"-5013026583873175701","potions_obtained":[{"floor":3,"key":"Block Potion"},{"floor":7,"key":"AttackPotion"},{"floor":12,"key":"FearPotion"},{"floor":13,"key":"Energy Potion"},{"floor":27,"key":"Strength Potion"},{"floor":34,"key":"FairyPotion"}],"is_trial":false,"path_per_floor":["M","M","M","$","?","R","E","T","T","E","R","M","E","$","R","B",null,"M","M","M","M","?","E","M","?","T","E","M","E","M","T","R","B",null],"character_chosen":"THE_BLADEMASTER","items_purchased":["blademaster:Safeguard"],"campfire_rested":1,"item_purchase_floors":[4],"current_hp_per_floor":[68,68,68,68,75,75,70,70,70,73,73,73,74,74,74,71,74,75,75,75,75,67,64,64,64,64,60,59,62,62,62,75,75,80,80],"gold":776,"neow_bonus":"THREE_ENEMY_KILL","is_daily":false,"chose_seed":false,"campfire_upgraded":3,"win_rate":0.0,"timestamp":1610585270,"path_taken":["M","?","M","$","?","R","E","?","T","E","R","M","E","$","R","BOSS","M","?","M","M","?","E","M","?","T","E","?","E","M","?","R","BOSS"],"items_purchased_type":["Card"],"build_version":"2020-12-22","purchased_purges":8,"victory":false,"max_hp_per_floor":[75,75,75,75,75,75,75,75,75,75,75,75,75,75,75,75,75,75,75,75,75,75,75,75,75,75,75,75,75,75,75,75,75,80,80],"card_choices":[{"not_picked":["blademaster:OneTrickPony","blademaster:Cut"],"picked":"blademaster:DaggerAndCloak","floor":1},{"not_picked":["blademaster:Frontflip","blademaster:RollingTyphoon"],"picked":"blademaster:LeechingStrike","floor":2},{"not_picked":["blademaster:Slice","blademaster:Bloodbath"],"picked":"blademaster:Safeguard","floor":3},{"not_picked":["blademaster:Quickstep","blademaster:SlyStabs","blademaster:BrainBloom"],"picked":"SKIP","floor":7},{"not_picked":["blademaster:AncestralHealing","blademaster:CullingStrike"],"picked":"blademaster:DragonStrike","floor":10},{"not_picked":["blademaster:Frenzy","blademaster:Hailwind"],"picked":"blademaster:ThunderSlash","floor":12},{"not_picked":["blademaster:Cut","blademaster:OneTrickPony"],"picked":"blademaster:ThunderingOpener","floor":13},{"not_picked":["blademaster:RagingBlow","blademaster:Flash"],"picked":"blademaster:Blindside","floor":16},{"not_picked":["blademaster:BloodyBlow","blademaster:DragonStrike"],"picked":"blademaster:BladeCross","floor":18},{"not_picked":["blademaster:ChargingUp","blademaster:BloodyBlow"],"picked":"blademaster:CloudOfSteel","floor":19},{"not_picked":["blademaster:Stability","blademaster:Sharpen","blademaster:AspectOfWind"],"picked":"SKIP","floor":20},{"not_picked":["blademaster:CullingStrike+1","blademaster:IcyWind"],"picked":"blademaster:FuriousStrike","floor":21},{"not_picked":["blademaster:CombatPrep","blademaster:Slice"],"picked":"blademaster:DaggerAndCloak","floor":22},{"not_picked":["blademaster:CullingStrike","Bludgeon"],"picked":"blademaster:BloodyBlow","floor":23},{"not_picked":["Wild Strike","CutThroughFate","Poisoned Stab"],"picked":"SKIP","floor":24},{"not_picked":["FearNoEvil","Dodge and Roll","Blind"],"picked":"SKIP","floor":27},{"not_picked":["Feed","Sucker Punch","Leap"],"picked":"SKIP","floor":28},{"not_picked":["Collect","FollowUp","blademaster:Reversal"],"picked":"SKIP","floor":29},{"not_picked":["Flex","Magnetism","blademaster:Frontflip"],"picked":"SKIP","floor":30}],"player_experience":561533,"relics_obtained":[{"floor":7,"key":"aspiration:HummingbirdHeart"},{"floor":7,"key":"blademaster:FuryEveryTurnPerk"},{"floor":8,"key":"Pantograph"},{"floor":9,"key":"Orichalcum"},{"floor":10,"key":"Centennial Puzzle"},{"floor":10,"key":"blademaster:ComboEveryTurnPerk"},{"floor":13,"key":"Pen Nib"},{"floor":13,"key":"blademaster:RandomStancePerk"},{"floor":22,"key":"PrismaticShard"},{"floor":23,"key":"Thread and Needle"},{"floor":23,"key":"blademaster:BonusComboPerk"},{"floor":27,"key":"aspiration:AnachronicSnailShell"},{"floor":27,"key":"blademaster:BleedingLaceratePerk"},{"floor":29,"key":"Shuriken"},{"floor":29,"key":"blademaster:LightningChargePerk"},{"floor":31,"key":"Ancient Tea Set"}],"event_choices":[{"damage_healed":0,"gold_gain":0,"player_choice":"Trade","damage_taken":0,"relics_obtained":["NlothsMask"],"max_hp_gain":0,"max_hp_loss":0,"event_name":"FaceTrader","floor":25,"gold_loss":0}],"is_beta":false,"boss_relics":[{"not_picked":["Pandora\u0027s Box","Runic Dome"],"picked":"Fusion Hammer"},{"not_picked":["Empty Cage","aspiration:DefectSkillbook"],"picked":"Tiny House"}],"items_purged_floors":[4,4,4,4,4,4,14,14],"is_endless":false,"potions_floor_spawned":[3,7,12,13,19,20,21,27],"ascension_level":12}}