{"host":"5raohst9sk3kvp5v","time":1610605837,"event":{"mods":["BaseMod","Colored Powertips","Highlight Path","Minty Spire (QoL Compilation)","Quick Restart","Relic Stats","StSLib"],"gold_per_floor":[115,40,140,153,153,153,183,194,194,208,238,12,38,38,38,113,113,133,76,92,104,116,151,176,176,203,218,218,218,231,241,241,320,320,332,350,142,29,108,108,118,118,144,144,144,163,179,197,197,197,197,197],"floor_reached":51,"language":"ENG","playtime":3160,"items_purged":["Strike_B","Strike_B"],"score":1353,"play_id":"6e162bc1-070e-4263-9032-a28b65efadb5","local_time":"20210114003037","is_ascension_mode":true,"campfire_choices":[{"data":"Zap","floor":6.0,"key":"SMITH"},{"data":"Dualcast","floor":15.0,"key":"SMITH"},{"data":"Blizzard","floor":25.0,"key":"SMITH"},{"data":"Blizzard","floor":29.0,"key":"SMITH"},{"floor":32.0,"key":"REST"},{"floor":40.0,"key":"RECALL"},{"floor":42.0,"key":"REST"},{"floor":45.0,"key":"REST"},{"floor":49.0,"key":"REST"}],"circlet_count":0,"master_deck":["AscendersBane","Strike_B","Defend_B","Defend_B","Defend_B","Defend_B","Zap+1","Dualcast+1","Coolheaded","Reinforced Body","Biased Cognition","Doom and Gloom","Ball Lightning","Chaos+1","Coolheaded","Blizzard+1","Echo Form","Coolheaded","Undo","Consume","Steam Power+1","Blizzard+1","Cold Snap","Capacitor","Glacier","Creative AI","Barrage","Turbo","Dark Shackles","Electrodynamics","Conserve Battery+1","Parasite","Darkness+1"],"relics":["FrozenCore","NeowsBlessing","Pear","Tiny Chest","Mango","Runic Capacitor","Bird Faced Urn","Lantern","Smiling Mask","Nunchaku","SlaversCollar","Potion Belt","InkBottle","Art of War","Toxic Egg 2"],"acts_visited":["Exordium","TheCity","TheBeyond"],"potions_floor_usage":[],"damage_taken":[{"damage":0.0,"enemies":"Jaw Worm","floor":1.0,"turns":1.0},{"damage":0.0,"enemies":"Cultist","floor":4.0,"turns":1.0},{"damage":0.0,"enemies":"Gremlin Nob","floor":7.0,"turns":1.0},{"damage":4.0,"enemies":"Small Slimes","floor":8.0,"turns":3.0},{"damage":4.0,"enemies":"Exordium Wildlife","floor":10.0,"turns":3.0},{"damage":4.0,"enemies":"Lagavulin","floor":11.0,"turns":5.0},{"damage":20.0,"enemies":"3 Sentries","floor":13.0,"turns":5.0},{"damage":20.0,"enemies":"The Guardian","floor":16.0,"turns":8.0},{"damage":10.0,"enemies":"Shell Parasite","floor":18.0,"turns":5.0},{"damage":10.0,"enemies":"Chosen","floor":20.0,"turns":7.0},{"damage":16.0,"enemies":"Centurion and Healer","floor":21.0,"turns":10.0},{"damage":0.0,"enemies":"Snecko","floor":22.0,"turns":4.0},{"damage":25.0,"enemies":"Book of Stabbing","floor":23.0,"turns":7.0},{"damage":15.0,"enemies":"3 Cultists","floor":27.0,"turns":7.0},{"damage":14.0,"enemies":"Centurion and Healer","floor":30.0,"turns":7.0},{"damage":8.0,"enemies":"Snake Plant","floor":31.0,"turns":7.0},{"damage":28.0,"enemies":"Automaton","floor":33.0,"turns":8.0},{"damage":14.0,"enemies":"3 Shapes","floor":35.0,"turns":4.0},{"damage":10.0,"enemies":"Orb Walker","floor":36.0,"turns":8.0},{"damage":60.0,"enemies":"Sphere and 2 Shapes","floor":41.0,"turns":6.0},{"damage":39.0,"enemies":"3 Darklings","floor":46.0,"turns":5.0},{"damage":13.0,"enemies":"Jaw Worm Horde","floor":47.0,"turns":4.0},{"damage":10.0,"enemies":"Writhing Mass","floor":48.0,"turns":8.0},{"damage":35.0,"enemies":"Donu and Deca","floor":50.0,"turns":9.0},{"damage":106,"enemies":"Time Eater","floor":51,"turns":10}],"seed_played":"-7116513320377310411","potions_obtained":[{"floor":4.0,"key":"ColorlessPotion"},{"floor":10.0,"key":"Strength Potion"},{"floor":11.0,"key":"FocusPotion"},{"floor":13.0,"key":"Regen Potion"},{"floor":21.0,"key":"FearPotion"},{"floor":23.0,"key":"FairyPotion"},{"floor":31.0,"key":"ColorlessPotion"},{"floor":33.0,"key":"CultistPotion"},{"floor":41.0,"key":"Dexterity Potion"},{"floor":46.0,"key":"FocusPotion"}],"is_trial":false,"path_per_floor":["M","$","?","M","?","R","E","M","T","M","E","$","E","?","R","B",null,"M","$","M","M","M","E","T","R","T","M","?","R","M","M","R","B",null,"M","M","$","?","T","R","M","R","T","T","R","M","M","M","R","B","B"],"character_chosen":"DEFECT","items_purchased":["Runic Capacitor","Coolheaded","Coolheaded","Turbo","Dark Shackles"],"campfire_rested":4,"item_purchase_floors":[12,12,19,37,37],"current_hp_per_floor":[64,64,64,64,56,56,56,52,52,48,58,58,38,38,38,20,76,70,70,66,56,60,54,54,54,54,41,41,41,27,23,51,29,79,65,59,59,59,59,59,17,45,45,45,73,48,45,41,69,44,0,0],"gold":197,"neow_bonus":"THREE_ENEMY_KILL","is_daily":false,"chose_seed":false,"campfire_upgraded":4,"win_rate":0.0,"timestamp":1610605837,"path_taken":["M","$","?","?","?","R","E","M","T","M","E","?","E","?","R","BOSS","M","$","M","M","?","E","?","R","T","?","?","R","M","M","R","BOSS","M","M","$","?","?","R","M","R","T","?","R","M","M","M","R","BOSS","BOSS"],"items_purchased_type":["Relic","Card","Card","Card","Card"],"build_version":"2020-12-22","purchased_purges":2,"victory":false,"max_hp_per_floor":[71,71,71,71,81,81,81,81,81,81,95,95,95,95,95,95,95,95,95,95,95,95,95,95,95,95,95,95,95,95,95,95,95,95,95,95,95,95,95,95,95,95,95,95,95,95,95,95,95,95,95,95],"relic_stats":{"Nunchaku":[6],"counters":[25,143],"Bird Faced Urn":[122],"Tiny Chest":2,"Art of War":[18],"Smiling Mask":50,"obtain_stats":[{"Potion Belt":38,"Lantern":23,"Pear":5,"NeowsBlessing":0,"Mango":11,"Runic Capacitor":12,"Smiling Mask":24,"FrozenCore":17,"SlaversCollar":34,"Nunchaku":26,"Bird Faced Urn":13,"Tiny Chest":7,"Art of War":43,"Toxic Egg 2":44,"Cracked Core":0,"InkBottle":39},{"Potion Belt":19,"Lantern":13,"Pear":2,"NeowsBlessing":0,"Mango":6,"Runic Capacitor":6,"Smiling Mask":13,"FrozenCore":8,"SlaversCollar":17,"Nunchaku":13,"Bird Faced Urn":7,"Tiny Chest":3,"Art of War":20,"Toxic Egg 2":20,"Cracked Core":0,"InkBottle":19},{"Potion Belt":101,"Lantern":60,"Pear":2,"NeowsBlessing":0,"Mango":14,"Runic Capacitor":14,"Smiling Mask":60,"FrozenCore":27,"SlaversCollar":89,"Nunchaku":60,"Bird Faced Urn":19,"Tiny Chest":3,"Art of War":107,"Toxic Egg 2":107,"Cracked Core":0,"InkBottle":101}],"InkBottle":[17],"FrozenCore":[48]},"card_choices":[{"not_picked":["Conserve Battery","Streamline"],"picked":"Coolheaded","floor":1.0},{"not_picked":["FTL","Go for the Eyes"],"picked":"Reinforced Body","floor":4.0},{"not_picked":["Go for the Eyes","Streamline"],"picked":"Biased Cognition","floor":7.0},{"not_picked":["Reprogram","Ball Lightning"],"picked":"Doom and Gloom","floor":8.0},{"not_picked":["Doom and Gloom","Tempest"],"picked":"Ball Lightning","floor":10.0},{"not_picked":["Sweeping Beam","Rebound"],"picked":"Chaos","floor":11.0},{"not_picked":["Undo","Go for the Eyes"],"picked":"Blizzard","floor":13.0},{"not_picked":["Thunder Strike","Buffer"],"picked":"Echo Form","floor":16.0},{"not_picked":["Gash","Doom and Gloom","FTL"],"picked":"SKIP","floor":18.0},{"not_picked":["Steam","Scrape"],"picked":"Undo","floor":20.0},{"not_picked":["Barrage","Go for the Eyes"],"picked":"Consume","floor":21.0},{"not_picked":["Go for the Eyes","Sweeping Beam"],"picked":"Steam Power+1","floor":22.0},{"not_picked":["Recycle","All For One"],"picked":"Blizzard","floor":23.0},{"not_picked":["Streamline","Sweeping Beam"],"picked":"Cold Snap","floor":27.0},{"not_picked":["Force Field","Gash"],"picked":"Capacitor","floor":30.0},{"not_picked":["Go for the Eyes+1","Ball Lightning"],"picked":"Glacier","floor":31.0},{"not_picked":["Meteor Strike","Rainbow"],"picked":"Creative AI","floor":33.0},{"not_picked":["Beam Cell","Reinforced Body","Steam"],"picked":"SKIP","floor":35.0},{"not_picked":["Steam Power","Compile Driver"],"picked":"Barrage","floor":36.0},{"not_picked":["Leap+1","Redo+1"],"picked":"Electrodynamics","floor":41.0},{"not_picked":["Fusion+1","Lockon"],"picked":"Conserve Battery+1","floor":46.0},{"not_picked":["Steam+1","Coolheaded+1","Undo+1"],"picked":"SKIP","floor":47.0},{"not_picked":["Static Discharge","Fusion+1"],"picked":"Darkness+1","floor":48.0}],"player_experience":1699507,"relics_obtained":[{"floor":7.0,"key":"Tiny Chest"},{"floor":11.0,"key":"Mango"},{"floor":13.0,"key":"Bird Faced Urn"},{"floor":23.0,"key":"Lantern"},{"floor":24.0,"key":"Smiling Mask"},{"floor":26.0,"key":"Nunchaku"},{"floor":39.0,"key":"InkBottle"},{"floor":43.0,"key":"Art of War"},{"floor":44.0,"key":"Toxic Egg 2"}],"event_choices":[{"damage_healed":0.0,"max_hp_gain":0.0,"max_hp_loss":0.0,"gold_gain":100.0,"event_name":"Wheel of Change","player_choice":"Gold","floor":3.0,"gold_loss":0.0,"damage_taken":0.0},{"damage_healed":0.0,"max_hp_gain":0.0,"max_hp_loss":0.0,"gold_gain":0.0,"event_name":"Scrap Ooze","player_choice":"Success","floor":5.0,"gold_loss":0.0,"damage_taken":18.0,"relics_obtained":["Pear"]},{"damage_healed":0.0,"max_hp_gain":0.0,"max_hp_loss":0.0,"gold_gain":0.0,"event_name":"Upgrade Shrine","player_choice":"Upgraded","floor":14.0,"gold_loss":0.0,"damage_taken":0.0,"cards_upgraded":["Chaos"]},{"cards_removed":["Strike_B"],"damage_healed":0.0,"max_hp_gain":0.0,"max_hp_loss":0.0,"gold_gain":0.0,"event_name":"Bonfire Elementals","player_choice":"Offered Basic","floor":28.0,"gold_loss":0.0,"damage_taken":0.0},{"damage_healed":0.0,"max_hp_gain":0.0,"max_hp_loss":0.0,"gold_gain":0.0,"event_name":"WeMeetAgain","player_choice":"Paid Gold","floor":38.0,"gold_loss":113.0,"damage_taken":0.0,"relics_obtained":["Potion Belt"]}],"is_beta":false,"boss_relics":[{"not_picked":["Ectoplasm","Coffee Dripper"],"picked":"FrozenCore"},{"not_picked":["Pandora\u0027s Box","Velvet Choker"],"picked":"SlaversCollar"}],"items_purged_floors":[2,37],"is_endless":false,"potions_floor_spawned":[4,10,11,13,21,23,31,33,41,46],"killed_by":"Time Eater","ascension_level":20}}