{"host":"60l258qxpyrtzhoo","time":1610588187,"event":{"mods":["AchievementEnabler","Act Like it!","BaseMod","BetterRewards","Colored Map","Colored Powertips","Custom Start","Decade(???)","Downfall","Duelist Mod","Gensokyo","Googly Eyes","Grow up Mod","GungeonMod","Hermit","Hubris","Infinite Spire","Jorbs\u0027s Wanderer Trilogy","Koishi","Marisa????????","Minty Spire (QoL Compilation)","Quick Restart","Reimu??????","Remilia??????","Replay The Spire","Shop Mod","StSLib","The Bug Knight","The Construct","The Cursed","The Disciple","The Hierophant","The Necromancer","The Servant 0.9.4","UnlockEverythingMod","vexMod"],"gold_per_floor":[117,134,150,150,168,168,168,193,193,193,193,223,240,165,165,267,267,278,288,307,317,317,350,364,390,414,444,444,470,489,505,505,606,606,625,640,653,653,703,736,736,767,790,790,806,817,849,88,88,88],"floor_reached":51,"language":"ENG","playtime":4969,"items_purged":["Summon_Undead_Army+1"],"score":2267,"play_id":"4082a614-d64e-41a6-9146-b061243d582c","local_time":"20210114023627","is_ascension_mode":true,"campfire_choices":[{"floor":6,"key":"REST"},{"floor":11,"key":"REST"},{"floor":15,"key":"REST"},{"floor":28,"key":"REST"},{"data":"Skeleton_Dragon","floor":32,"key":"SMITH"},{"floor":41,"key":"REST"},{"floor":49,"key":"REST"}],"circlet_count":0,"master_deck":["Summon_Death_Knight+1","Summon_Undead_Army+1","Summon_Undead_Army+1","Spectral_Walk+1","Spectral_Walk+1","Bone_Prison+1","Bone_Prison+1","Bone_Wall+1","Defend_W+1","Defend_W+1","Strike_W+1","Strike_W+1","Strike_W+1","Siphon_Strength+1","Skeleton_Dragon+1","infinitespire:Menacing+1"],"relics":["Vampire_Amulet","DemoMod:PinkGuonStone","Question Card","Pet Ghost","Blood Vial","SlaversCollar","Boot","infinitespire:Lucky Rock","Tiny Chest","Nunchaku","Guardian:GemstoneGun","hubris:VirtuousBlindfold","construct:RocketBooster","hubris:MobiusCoin","Bag of Marbles","Lantern","Potion Belt","MerchantsRug","Sling","MealTicket","HollowMod:LifeEnderRelic"],"acts_visited":["Exordium","TheCity","TheBeyond"],"potions_floor_usage":[19],"damage_taken":[{"damage":1,"enemies":"Small Slimes","floor":1,"turns":4},{"damage":3,"enemies":"2 Louse","floor":2,"turns":2},{"damage":0,"enemies":"Jaw Worm","floor":3,"turns":2},{"damage":4,"enemies":"Looter","floor":5,"turns":3},{"damage":3,"enemies":"Lagavulin","floor":8,"turns":5},{"damage":9,"enemies":"Gremlin Nob","floor":12,"turns":4},{"damage":0,"enemies":"Large Slime","floor":13,"turns":5},{"damage":16,"enemies":"The Guardian","floor":16,"turns":10},{"damage":5,"enemies":"Chosen","floor":18,"turns":5},{"damage":15,"enemies":"3 Byrds","floor":19,"turns":4},{"damage":6,"enemies":"Cultist and Chosen","floor":20,"turns":6},{"damage":7,"enemies":"Shelled Parasite and Fungi","floor":21,"turns":5},{"damage":18,"enemies":"Slavers","floor":23,"turns":9},{"damage":16,"enemies":"Centurion and Healer","floor":24,"turns":7},{"damage":3,"enemies":"Book of Stabbing","floor":25,"turns":6},{"damage":3,"enemies":"Gremlin Leader","floor":27,"turns":8},{"damage":6,"enemies":"Nightmare","floor":29,"turns":8},{"damage":0,"enemies":"Snecko","floor":30,"turns":5},{"damage":12,"enemies":"Cultist and Chosen","floor":31,"turns":5},{"damage":69,"enemies":"Pondfish","floor":33,"turns":15},{"damage":16,"enemies":"3 Shapes","floor":35,"turns":5},{"damage":29,"enemies":"3 Darklings","floor":36,"turns":6},{"damage":3,"enemies":"Spire Growth","floor":37,"turns":6},{"damage":76,"enemies":"Mind Bloom Boss Battle","floor":39,"turns":6},{"damage":18,"enemies":"Nightmare","floor":40,"turns":7},{"damage":37,"enemies":"Giant Head","floor":42,"turns":10},{"damage":0,"enemies":"Transient","floor":45,"turns":5},{"damage":33,"enemies":"Maw","floor":46,"turns":9},{"damage":23,"enemies":"R_Hoarder","floor":47,"turns":5},{"damage":93,"enemies":"Replay:Hell Engine","floor":50,"turns":18}],"seed_played":"5768653583389770698","potions_obtained":[{"floor":3,"key":"construct:ShiftPotion"},{"floor":8,"key":"DistilledChaos"},{"floor":12,"key":"Toxic Potion"},{"floor":16,"key":"sneckomod:MuddlingPotion"},{"floor":21,"key":"ColorlessPotion"},{"floor":23,"key":"sneckomod:MuddlingPotion"},{"floor":47,"key":"sneckomod:MuddlingPotion"}],"is_trial":true,"path_per_floor":["M","M","M","?","M","R","?","E","T","T","R","E","M","$","R","B",null,"M","M","M","M","?","E","M","E","T","E","R","NM","M","M","R","B",null,"M","M","M","?","?","NM","R","E","T","?","M","M","E","$","R","B",null],"character_chosen":"NECROMANCER","items_purchased":["MerchantsRug","Sling","Milkshake","MealTicket","HollowMod:LifeEnderRelic"],"campfire_rested":6,"item_purchase_floors":[48,48,48,48,48],"current_hp_per_floor":[91,102,114,124,132,145,155,171,181,191,202,205,221,231,242,238,259,268,271,281,290,312,310,310,321,331,350,372,378,392,394,404,351,414,416,401,412,422,360,356,502,477,487,497,511,492,489,499,582,507],"gold":88,"neow_bonus":"","is_daily":false,"chose_seed":false,"campfire_upgraded":1,"win_rate":0.0,"timestamp":1610588187,"path_taken":["M","M","M","?","M","R","?","E","T","?","R","E","M","?","R","BOSS","M","M","M","M","?","E","M","E","T","E","R","NM","M","M","R","BOSS","M","M","M","?","?","NM","R","E","T","?","M","M","E","$","R","BOSS"],"items_purchased_type":["Relic","Relic","Potion","Relic","Relic"],"build_version":"2020-12-22","purchased_purges":1,"victory":true,"max_hp_per_floor":[95,105,115,125,135,145,155,172,182,192,202,212,222,232,242,252,262,272,282,292,302,312,322,332,342,352,362,372,382,392,402,412,422,432,442,452,462,472,482,492,502,512,522,532,542,552,562,572,582,592],"card_choices":[{"not_picked":["Negative_Energy_Burst","Death_Coil","Flesh_Made_Foul"],"picked":"SKIP","floor":1},{"not_picked":["Shackles_Of_Pain","Negative_Energy_Javelin","Negative_Energy_Sphere"],"picked":"SKIP","floor":2},{"not_picked":["Negative_Energy_Sphere","Uncharnel","Consume_Illness"],"picked":"SKIP","floor":3},{"not_picked":["Plague_Bolt","Bone_Armory","Finger_Of_Death"],"picked":"SKIP","floor":5},{"not_picked":["Flesh_Made_Foul","Negative_Energy_Shield","Blood_Is_Power"],"picked":"SKIP","floor":8},{"not_picked":["Epidemic","Blood_Curse","Finger_Of_Death","Negative_Energy_Bomb"],"picked":"SKIP","floor":12},{"not_picked":["Death_Coil","Violent_Necrosis","Toxic_Smoke_Screen","Blood_Whip"],"picked":"SKIP","floor":13},{"not_picked":["Bone_Prison","Spectral_Walk","Blood_Wake","Life_Drain"],"picked":"SKIP","floor":18},{"not_picked":["Bone_Shift","Negative_Energy_Burst","Negative_Energy_Javelin","Summon_Lich+1"],"picked":"SKIP","floor":19},{"not_picked":["Chill_Blood","Negative_Energy_Mist","Negative_Energy_Sphere+1","Summon_Undead_Army"],"picked":"SKIP","floor":20},{"not_picked":["Summon_Death_Knight","Acid_Javelin","Negative_Energy_Sphere","Vampiric_Strike+1"],"picked":"SKIP","floor":21},{"not_picked":["Summon_Undead+1","Bone_Shift","Finger_Of_Death","Epidemic"],"picked":"SKIP","floor":23},{"not_picked":["Vampiric_Strike","Bone_Bullets+1","Thousand_Bone_Knives+1","Consume_Illness"],"picked":"SKIP","floor":24},{"not_picked":["Finger_Of_Death","Negative_Energy_Burst+1","Plague_Bolt"],"picked":"Skeleton_Dragon","floor":25},{"not_picked":["Blood_Whip","Finger_Of_Death","Thousand_Bone_Knives","Death_Coil"],"picked":"SKIP","floor":27},{"not_picked":["Scare+1","Deaths_Shadow","Exploit","Bone_Armory"],"picked":"SKIP","floor":29},{"not_picked":["Whirlwind_of_Bones","Blood_Wake","Vampiric_Strike","Summon_Undead"],"picked":"SKIP","floor":30},{"not_picked":["Epidemic","Flesh_Made_Foul","Bones_to_Steel+1","Skeleton_Dragon"],"picked":"SKIP","floor":31},{"not_picked":["Shackles_Of_Pain","Bone_Armory+1","Flesh_Made_Foul+1","Plague_Bolt"],"picked":"SKIP","floor":35},{"not_picked":["Shackles_Of_Pain","Plague_Bolt+1","Blood_Curse","Toxic_Smoke_Screen"],"picked":"SKIP","floor":36},{"not_picked":["Blood_Shield+1","Blood_for_Blood","Scare+1","Bone_Bullets+1"],"picked":"SKIP","floor":37},{"not_picked":["hubris:Fate","ReplayTheSpireMod:??????????????????????"],"picked":"infinitespire:Menacing","floor":40},{"not_picked":["Whirlwind_of_Bones","Blood_Magic","Death_Knell","Negative_Energy_Shield"],"picked":"SKIP","floor":40},{"not_picked":["Acid_Javelin+1","Bone_Armory+1","Negative_Energy_Javelin+1","Consume_Illness+1"],"picked":"SKIP","floor":42},{"not_picked":["Epidemic","Finger_Of_Death","Negative_Energy_Mist","Scare+1"],"picked":"SKIP","floor":45},{"not_picked":["Bone_Shift+1","Epidemic+1","Bone_Bullets+1","Negative_Energy_Burst+1"],"picked":"SKIP","floor":46},{"not_picked":["Bone_Armor","Whirlwind_of_Bones","Vampiric_Strike","Requiem"],"picked":"SKIP","floor":47}],"player_experience":8326,"relics_obtained":[{"floor":8,"key":"DemoMod:PinkGuonStone"},{"floor":9,"key":"Question Card"},{"floor":10,"key":"Pet Ghost"},{"floor":12,"key":"Blood Vial"},{"floor":23,"key":"Boot"},{"floor":25,"key":"infinitespire:Lucky Rock"},{"floor":26,"key":"Tiny Chest"},{"floor":27,"key":"Nunchaku"},{"floor":29,"key":"Guardian:GemstoneGun"},{"floor":39,"key":"construct:RocketBooster"},{"floor":40,"key":"hubris:MobiusCoin"},{"floor":42,"key":"Bag of Marbles"},{"floor":43,"key":"Lantern"},{"floor":47,"key":"Potion Belt"}],"event_choices":[{"cards_removed":["Summon_Undead_Army"],"damage_healed":0,"gold_gain":0,"player_choice":"Forget","damage_taken":0,"max_hp_gain":0,"max_hp_loss":0,"event_name":"Living Wall","floor":7,"gold_loss":0},{"cards_removed":["Defend_W"],"damage_healed":0,"gold_gain":0,"player_choice":"Removed Skill","damage_taken":0,"max_hp_gain":0,"max_hp_loss":0,"event_name":"Falling","floor":38,"gold_loss":0},{"damage_healed":0,"gold_gain":0,"player_choice":"Fight","damage_taken":0,"max_hp_gain":0,"max_hp_loss":0,"event_name":"MindBloom","floor":39,"gold_loss":0}],"is_beta":false,"boss_relics":[{"not_picked":["Snecko Heart","vexMod:NewClearReactor"],"picked":"SlaversCollar"},{"not_picked":["DemoMod:WaxWing","Empty Cage"],"picked":"hubris:VirtuousBlindfold"}],"items_purged_floors":[14],"is_endless":false,"potions_floor_spawned":[3,8,12,16,18,21,23,27,31,35,39,45,46,47],"ascension_level":9}}