{"host":"fxrgx7wt2cpkbhka","time":1610604519,"event":{"mods":["AchievementEnabler","BaseMod","Colored Powertips","Minty Spire (QoL Compilation)","Permanent Neow","Slay-I","StSLib","Waifu the Spire"],"gold_per_floor":[111,129,206,206,217,217,237,237,237,237,255,274,286,298,298,401,401,411,429,445,461,461,461,473,127,181,181,181,181,181,204,204,204,204],"floor_reached":33,"language":"ENG","playtime":672,"items_purged":[],"score":491,"play_id":"ada4ce26-88f5-4a0c-bbc5-ca827aaeb6f3","local_time":"20210113220839","is_ascension_mode":true,"campfire_choices":[{"data":"Immolate","floor":6,"key":"SMITH"},{"data":"Perfected Strike","floor":8,"key":"SMITH"},{"data":"Defend_R","floor":10,"key":"SMITH"},{"data":"Perfected Strike","floor":15,"key":"SMITH"},{"floor":23,"key":"REST"},{"floor":27,"key":"REST"},{"data":"Perfected Strike","floor":30,"key":"SMITH"},{"data":"Bandage Up","floor":32,"key":"SMITH"}],"circlet_count":0,"master_deck":["AscendersBane","Strike_R+1","Strike_R+1","Strike_R+1","Strike_R+1","Strike_R+1","Defend_R+1","Defend_R+1","Defend_R+1","Defend_R+1","Bash+1","Spot Weakness+1","Immolate+1","Perfected Strike+1","Perfected Strike+1","Perfected Strike+1","Perfected Strike+1","Bandage Up+1","Clothesline+1"],"relics":["Burning Blood","Vajra","Sozu","Kunai","Whetstone"],"acts_visited":["Exordium","TheCity"],"potions_floor_usage":[16,33],"damage_taken":[{"damage":12,"enemies":"Jaw Worm","floor":1,"turns":3},{"damage":0,"enemies":"Small Slimes","floor":2,"turns":3},{"damage":1,"enemies":"Cultist","floor":5,"turns":3},{"damage":22,"enemies":"Exordium Thugs","floor":7,"turns":3},{"damage":15,"enemies":"Gremlin Gang","floor":11,"turns":3},{"damage":13,"enemies":"Blue Slaver","floor":12,"turns":3},{"damage":12,"enemies":"3 Louse","floor":13,"turns":3},{"damage":3,"enemies":"Looter","floor":14,"turns":2},{"damage":0,"enemies":"Slime Boss","floor":16,"turns":6},{"damage":24,"enemies":"3 Byrds","floor":18,"turns":4},{"damage":0,"enemies":"Chosen","floor":19,"turns":3},{"damage":35,"enemies":"Shelled Parasite and Fungi","floor":20,"turns":3},{"damage":22,"enemies":"Centurion and Healer","floor":21,"turns":5},{"damage":22,"enemies":"Sentry and Sphere","floor":24,"turns":4},{"damage":51,"enemies":"Champ","floor":33,"turns":8}],"seed_played":"612278379215997064","potions_obtained":[{"floor":5,"key":"Ancient Potion"},{"floor":12,"key":"Explosive Potion"},{"floor":16,"key":"PowerPotion"}],"is_trial":false,"path_per_floor":["M","M","?","?","M","R","M","R","T","R","M","M","M","M","R","B",null,"M","M","M","M","?","R","M","$","T","R","?","?","R","T","R","B"],"character_chosen":"IRONCLAD","items_purchased":["Kunai","Bandage Up","Clothesline"],"campfire_rested":2,"item_purchase_floors":[25,25,25],"current_hp_per_floor":[66,72,72,72,77,77,61,61,61,61,52,45,39,42,42,48,72,54,60,31,15,9,33,17,17,17,41,41,41,41,41,41,0,0],"gold":204,"neow_bonus":"UPGRADE_CARD","is_daily":false,"chose_seed":false,"campfire_upgraded":6,"win_rate":0.0,"timestamp":1610604519,"path_taken":["M","M","?","?","M","R","?","R","T","R","M","M","M","M","R","BOSS","M","M","?","M","?","R","?","$","T","R","?","?","R","?","R","BOSS"],"items_purchased_type":["Relic","Card","Card"],"build_version":"2020-12-22","purchased_purges":0,"victory":false,"max_hp_per_floor":[80,80,80,80,80,80,80,80,80,80,80,80,80,80,80,80,80,80,80,80,80,80,80,80,80,80,80,80,80,80,80,80,80,80],"card_choices":[{"not_picked":["Anger","Body Slam","Clothesline"],"picked":"SKIP","floor":1},{"not_picked":["Cleave","Battle Trance"],"picked":"Spot Weakness","floor":2},{"not_picked":["Power Through","Uppercut"],"picked":"Immolate","floor":5},{"not_picked":["Second Wind","Shrug It Off"],"picked":"Perfected Strike","floor":7},{"not_picked":["Twin Strike","True Grit","Wild Strike"],"picked":"SKIP","floor":11},{"not_picked":["Power Through","Anger","Exhume"],"picked":"SKIP","floor":12},{"not_picked":["Twin Strike","Heavy Blade","Headbutt"],"picked":"SKIP","floor":13},{"not_picked":["Dual Wield","Warcry"],"picked":"Perfected Strike","floor":14},{"not_picked":["Pummel","Shockwave"],"picked":"Perfected Strike+1","floor":18},{"not_picked":["Second Wind","Feel No Pain+1","Heavy Blade+1"],"picked":"SKIP","floor":19},{"not_picked":["Sword Boomerang","Infernal Blade","Headbutt"],"picked":"SKIP","floor":20},{"not_picked":["Dual Wield","Searing Blow","Whirlwind"],"picked":"SKIP","floor":21},{"not_picked":["Headbutt","Clothesline"],"picked":"Perfected Strike","floor":24}],"player_experience":704908,"relics_obtained":[{"floor":9,"key":"Vajra"},{"floor":31,"key":"Whetstone"}],"event_choices":[{"damage_healed":0,"gold_gain":77,"player_choice":"Gained Gold","damage_taken":0,"max_hp_gain":0,"max_hp_loss":0,"event_name":"Golden Wing","floor":3,"gold_loss":0},{"damage_healed":0,"gold_gain":0,"player_choice":"Grow","damage_taken":0,"max_hp_gain":0,"max_hp_loss":0,"event_name":"Living Wall","floor":4,"gold_loss":0,"cards_upgraded":["Spot Weakness"]},{"damage_healed":0,"gold_gain":0,"player_choice":"","damage_taken":6,"max_hp_gain":0,"max_hp_loss":0,"event_name":"Knowing Skull","floor":22,"potions_obtained":[],"gold_loss":0,"cards_obtained":[]},{"damage_healed":0,"gold_gain":0,"player_choice":"Simplicity","damage_taken":0,"max_hp_gain":0,"max_hp_loss":0,"event_name":"Back to Basics","floor":28,"gold_loss":0,"cards_upgraded":["Strike_R","Strike_R","Strike_R","Strike_R","Strike_R","Defend_R","Defend_R","Defend_R"]},{"damage_healed":0,"gold_gain":0,"player_choice":"Ignored","damage_taken":0,"max_hp_gain":0,"max_hp_loss":0,"event_name":"Vampires","floor":29,"gold_loss":0}],"is_beta":false,"boss_relics":[{"not_picked":["Runic Pyramid","SlaversCollar"],"picked":"Sozu"}],"items_purged_floors":[],"is_endless":false,"potions_floor_spawned":[5,12,14,16,18,19,21],"killed_by":"Champ","ascension_level":12}}