{"host":"Rowan","time":1610596948,"event":{"mods":["BaseMod","Minty Spire (QoL Compilation)"],"gold_per_floor":[119,119,119,130,57,89,89,103,156,172,197,210,223,233,233,329,329,346,48,48,14,26,26,45,56,56,56,71,71,71,0,0,0,0],"floor_reached":33,"language":"ENG","playtime":2754,"items_purged":[],"score":309,"play_id":"afe19318-63ce-427f-aff8-dce85f933680","local_time":"20210113200228","is_ascension_mode":false,"campfire_choices":[{"floor":7.0,"key":"RECALL"},{"floor":15.0,"key":"REST"},{"data":"Burst","floor":23,"key":"SMITH"},{"data":"Backstab","floor":27,"key":"SMITH"},{"data":"Shame","floor":30,"key":"PURGE"},{"floor":32,"key":"REST"}],"circlet_count":0,"master_deck":["Strike_G+1","Strike_G+1","Strike_G","Strike_G","Strike_G+1","Defend_G","Defend_G","Defend_G","Defend_G","Defend_G","Survivor","Neutralize","Slice+1","Backflip","Backstab","Terror","Deadly Poison","Deflect","After Image","Blur","Flying Knee","Burst+1","All Out Attack","Backstab+1","Dagger Spray+1","Footwork","Backflip+1","Cloak And Dagger+1"],"relics":["SlaversCollar","Tiny Chest","Whetstone","StrikeDummy","Runic Pyramid","Orichalcum","Lee\u0027s Waffle","Peace Pipe"],"acts_visited":["Exordium","TheCity"],"potions_floor_usage":[28],"damage_taken":[{"damage":1.0,"enemies":"Jaw Worm","floor":1.0,"turns":7.0},{"damage":5.0,"enemies":"Small Slimes","floor":4.0,"turns":5.0},{"damage":19.0,"enemies":"Lagavulin","floor":6.0,"turns":7.0},{"damage":0.0,"enemies":"Cultist","floor":8.0,"turns":2.0},{"damage":3.0,"enemies":"Lots of Slimes","floor":10.0,"turns":4.0},{"damage":16.0,"enemies":"Gremlin Nob","floor":11.0,"turns":4.0},{"damage":3.0,"enemies":"Looter","floor":12.0,"turns":3.0},{"damage":12.0,"enemies":"Large Slime","floor":13.0,"turns":6.0},{"damage":0.0,"enemies":"Lots of Slimes","floor":14.0,"turns":2.0},{"damage":0.0,"enemies":"The Guardian","floor":16.0,"turns":11.0},{"damage":7,"enemies":"Chosen","floor":18,"turns":6},{"damage":10,"enemies":"3 Byrds","floor":22,"turns":6},{"damage":26,"enemies":"Snake Plant","floor":24,"turns":5},{"damage":1,"enemies":"3 Cultists","floor":25,"turns":6},{"damage":20,"enemies":"Centurion and Healer","floor":28,"turns":5},{"damage":68,"enemies":"Champ","floor":33,"turns":16}],"seed_played":"-3779670161991115561","potions_obtained":[{"floor":4.0,"key":"Fruit Juice"},{"floor":6.0,"key":"AttackPotion"},{"floor":10.0,"key":"SkillPotion"},{"floor":13.0,"key":"Energy Potion"},{"floor":14.0,"key":"Weak Potion"},{"floor":18,"key":"Swift Potion"}],"is_trial":false,"path_per_floor":["M","?","?","M","$","E","R","M","T","M","E","M","M","M","R","B",null,"M","$","?","$","M","R","M","M","T","R","M","?","R","?","R","B"],"character_chosen":"THE_SILENT","items_purchased":["Backstab","Orichalcum","Lee\u0027s Waffle","Backstab"],"campfire_rested":2,"item_purchase_floors":[5,19,19,21],"current_hp_per_floor":[69,69,55,50,55,36,36,36,36,33,17,14,2,2,24,24,75,68,82,82,82,72,72,46,45,45,45,25,25,25,25,49,0,0],"gold":0,"neow_bonus":"BOSS_RELIC","is_daily":false,"chose_seed":false,"campfire_upgraded":2,"win_rate":0.0,"timestamp":1610596948,"path_taken":["M","?","?","M","?","E","R","M","T","M","E","M","M","M","R","BOSS","M","$","?","$","M","R","M","M","T","R","M","?","R","?","R","BOSS"],"items_purchased_type":["Card","Relic","Relic","Card"],"build_version":"2020-12-18","purchased_purges":0,"victory":false,"max_hp_per_floor":[70,70,70,70,75,75,75,75,75,75,75,75,75,75,75,75,75,75,82,82,82,82,82,82,82,82,82,82,82,82,82,82,82,82],"card_choices":[{"not_picked":["Bane","Cloak And Dagger"],"picked":"Slice","floor":1.0},{"not_picked":["Dagger Spray","Corpse Explosion"],"picked":"Backflip","floor":4.0},{"not_picked":["Dodge and Roll","Choke"],"picked":"Terror","floor":6.0},{"not_picked":["Masterful Stab","Accuracy"],"picked":"Deadly Poison","floor":8.0},{"not_picked":["Sucker Punch","PiercingWail"],"picked":"Deflect","floor":10.0},{"not_picked":["Dodge and Roll","Cloak And Dagger"],"picked":"After Image","floor":11.0},{"not_picked":["PiercingWail","Underhanded Strike","Backflip"],"picked":"SKIP","floor":12.0},{"not_picked":["Tactician","Eviscerate"],"picked":"Blur","floor":13.0},{"not_picked":["Bouncing Flask","Backflip"],"picked":"Flying Knee","floor":14.0},{"not_picked":["Bullet Time","Malaise"],"picked":"Burst","floor":16.0},{"not_picked":["Underhanded Strike","Escape Plan"],"picked":"All Out Attack","floor":18},{"not_picked":["Dodge and Roll","Deflect+1"],"picked":"Dagger Spray+1","floor":22},{"not_picked":["Deflect","Acrobatics"],"picked":"Footwork","floor":24},{"not_picked":["Blade Dance+1","Backstab"],"picked":"Backflip+1","floor":25},{"not_picked":["Masterful Stab","Bouncing Flask"],"picked":"Cloak And Dagger+1","floor":28}],"player_experience":356211,"relics_obtained":[{"floor":6.0,"key":"Tiny Chest"},{"floor":9.0,"key":"Whetstone"},{"floor":11.0,"key":"StrikeDummy"}],"event_choices":[{"damage_healed":0.0,"max_hp_gain":0.0,"max_hp_loss":0.0,"gold_gain":0.0,"event_name":"Liars Game","player_choice":"Ignored","floor":2.0,"gold_loss":0.0,"damage_taken":0.0},{"damage_healed":0.0,"max_hp_gain":0.0,"max_hp_loss":0.0,"gold_gain":0.0,"event_name":"Shining Light","player_choice":"Entered Light","floor":3.0,"gold_loss":0.0,"damage_taken":14.0,"cards_upgraded":["Strike_G","Strike_G"]},{"damage_healed":0,"gold_gain":0,"player_choice":"Ignored","damage_taken":0,"max_hp_gain":0,"max_hp_loss":0,"event_name":"Ghosts","floor":20,"gold_loss":0},{"damage_healed":0,"gold_gain":0,"player_choice":"Stole Relic","damage_taken":0,"relics_obtained":["Peace Pipe"],"max_hp_gain":0,"max_hp_loss":0,"event_name":"Addict","floor":29,"gold_loss":0,"cards_obtained":["Shame"]},{"damage_healed":0,"gold_gain":0,"player_choice":"Paid Fearfully","damage_taken":0,"max_hp_gain":0,"max_hp_loss":0,"event_name":"Masked Bandits","floor":31,"gold_loss":71}],"is_beta":true,"boss_relics":[{"not_picked":["Ectoplasm","Runic Dome"],"picked":"Runic Pyramid"}],"items_purged_floors":[],"is_endless":false,"potions_floor_spawned":[4,6,10,13,14,18],"killed_by":"Champ","ascension_level":0}}