{"host":"m6ptjq1h7q0nif66","time":1610634655,"event":{"mods":["2.2 Compatiblity","Aspiration","BaseMod","Beaked The Cultist","Better Third Choice","BetterRewards","Colored Map","Colored Powertips","Googly Eyes","Halation","Hermit","Hubris","Infinite Spire","Minty Spire (QoL Compilation)","Permanent Neow","Quick Restart","Relic Stats","Remove Card Discount Mod","Replay The Spire","Shop Mod","StSLib","SuperFastMode","The Construct","The Cursed","The Disciple"],"gold_per_floor":[113,11,27,39,49,84,98,116,116,134,169,169,194,224,224,330,330,356,356,374,397,397,424,424,424,424,457,457,246,265,265,265,401,401,439,181,0,14,41,41,73,97,171,193,193,225,225,270,270,270,270,270,33,62,62],"floor_reached":56,"language":"ENG","playtime":4822,"items_purged":["hermit:Strike_Hermit","hermit:Strike_Hermit","hermit:Strike_Hermit","hermit:Strike_Hermit","hermit:Defend_Hermit","hermit:Defend_Hermit","hermit:Defend_Hermit","hermit:Defend_Hermit"],"score":1996,"play_id":"b7b0d6e3-9456-44d3-ae53-08134ab05cad","local_time":"20210114143055","is_ascension_mode":false,"campfire_choices":[{"floor":15,"key":"RECALL"},{"data":"hermit:Quickdraw","floor":24,"key":"SMITH"},{"data":"ReplayTheSpireMod:Private Reserves","floor":32,"key":"SMITH"},{"floor":40,"key":"REST"},{"floor":49,"key":"REST"},{"data":"hermit:HeroicBravado","floor":52,"key":"SMITH"}],"circlet_count":0,"master_deck":["Apotheosis+1","hermit:Snapshot","hermit:Covet","hermit:LowProfile","hermit:GhostlyPresence","hermit:Quickdraw+1","hermit:Dive","hermit:WideOpen","hermit:HighCaliber","hermit:Deadeye","hermit:Feint","hermit:Dive","hermit:Dive","Apotheosis+1","hermit:TakeAim","hermit:ShadowCloak","hermit:Snipe","hermit:BodyArmor","hermit:GoldenBullet","hermit:Cheat","hermit:FlashPowder","hermit:Enervate","hermit:FlashPowder","hermit:Scavenge","hermit:Headshot","hermit:Quickdraw+1","hermit:Headshot","hermit:FromBeyond+1","hermit:Spite+1","hermit:Misfire","Hallucinations","hermit:HighCaliber","hermit:EyeOfTheStorm","ReplayTheSpireMod:Private Reserves+1","hermit:Determination","hermit:HeroicBravado+1","hermit:BigShot","Parasite","hermit:Ricochet","hermit:HighCaliber+1","ReplayTheSpireMod:Necrogeddon"],"relics":["hermit:Momento","Membership Card","halation:LettersToHer","Orichalcum","Nunchaku","Bronze Scales","Onion Ring","construct:ClawGrip","Ring of Misfortune","Ring of Hypnosis","hubris:SlimyHat","Blood Vial","hubris:Zylophone","ClockworkSouvenir","MerchantsRug","betterThird:NestCultRelic","infinitespire:EvilPickle","ChewingGum","HandDrill","Red Mask","halation:AfternoonTea","Shuriken","InkBottle","Centennial Puzzle","Replay:Bottled Steam","hubris:MysteriousPyramids","hermit:PetGhost","Replay:Accelerometer","aspiration:FetidBarrel"],"acts_visited":["Exordium","TheCity","TheBeyond","TheEnding"],"potions_floor_usage":[41],"damage_taken":[{"damage":0,"enemies":"Cultist","floor":1,"turns":3},{"damage":0,"enemies":"Jaw Worm","floor":3,"turns":6},{"damage":0,"enemies":"2 Louse","floor":4,"turns":2},{"damage":0,"enemies":"Large Slime","floor":5,"turns":9},{"damage":6,"enemies":"3 Sentries","floor":6,"turns":14},{"damage":1,"enemies":"2 Fungi Beasts","floor":7,"turns":3},{"damage":0,"enemies":"3 Louse","floor":8,"turns":2},{"damage":0,"enemies":"Looter","floor":10,"turns":2},{"damage":0,"enemies":"Replay:BlueRogue","floor":11,"turns":7},{"damage":8,"enemies":"Exordium Wildlife","floor":13,"turns":4},{"damage":0,"enemies":"3 Sentries","floor":14,"turns":6},{"damage":0,"enemies":"Slime Boss","floor":16,"turns":8},{"damage":0,"enemies":"Chosen","floor":18,"turns":3},{"damage":0,"enemies":"2 Thieves","floor":20,"turns":2},{"damage":1,"enemies":"Shelled Parasite and Fungi","floor":21,"turns":3},{"damage":0,"enemies":"Gremlin Leader","floor":23,"turns":5},{"damage":12,"enemies":"Slavers","floor":27,"turns":4},{"damage":5,"enemies":"Centurion and Healer","floor":30,"turns":5},{"damage":3,"enemies":"Pondfish","floor":33,"turns":10},{"damage":33,"enemies":"3 Darklings","floor":35,"turns":5},{"damage":13,"enemies":"3 Shapes","floor":38,"turns":6},{"damage":9,"enemies":"Writhing Mass","floor":39,"turns":5},{"damage":22,"enemies":"Reptomancer","floor":41,"turns":6},{"damage":1,"enemies":"3 Darklings","floor":42,"turns":6},{"damage":8,"enemies":"Transient","floor":44,"turns":5},{"damage":3,"enemies":"Jaw Worm Horde","floor":46,"turns":4},{"damage":2,"enemies":"R_Hoarder","floor":48,"turns":8},{"damage":33,"enemies":"infinitespire:MassOfShapes","floor":50,"turns":9},{"damage":30,"enemies":"Shield and Spear","floor":54,"turns":5},{"damage":94,"enemies":"The Heart","floor":55,"turns":8}],"seed_played":"-59368160023178989","potions_obtained":[{"floor":1,"key":"Ancient Potion"},{"floor":3,"key":"Flashbang"},{"floor":7,"key":"construct:ShiftPotion"}],"is_trial":false,"path_per_floor":["M","$","M","M","M","E","M","M","T","M","E","?","M","E","R","B",null,"M","?","M","M","?","E","R","?","T","E","?","$","M","?","R","B",null,"M","$","?","M","M","R","E","M","T","M","?","M","T","E","R","B",null,"R","$","E","B",null],"character_chosen":"HERMIT","items_purchased":["Membership Card","hermit:LowProfile","hermit:GhostlyPresence","hermit:Quickdraw+1","hermit:Dive","hermit:WideOpen","hermit:HighCaliber","hermit:Deadeye","hermit:Feint","hermit:Dive","DollysMirror","hermit:TakeAim","hermit:ShadowCloak","halation:LettersToHer","Orichalcum","hermit:BodyArmor","ReplayTheSpireMod:Private Reserves","hermit:Determination","ClockworkSouvenir","MerchantsRug","Regal Pillow","MealTicket","HandDrill","hermit:BigShot","ReplayTheSpireMod:Necrogeddon","hubris:MysteriousPyramids","hermit:PetGhost","Replay:Accelerometer"],"campfire_rested":2,"item_purchase_floors":[0,0,0,0,0,0,0,0,0,0,0,0,0,0,2,2,29,29,29,29,36,36,36,36,53,53,53,53],"current_hp_per_floor":[75,75,75,75,75,69,68,68,68,68,68,75,67,67,67,67,75,75,75,75,74,74,74,74,74,74,62,62,62,59,59,59,58,75,42,42,42,31,24,61,41,42,42,36,36,35,35,35,72,56,75,75,75,45,23],"gold":62,"neow_bonus":"","is_daily":false,"chose_seed":false,"campfire_upgraded":3,"win_rate":0.0,"timestamp":1610634655,"path_taken":["M","?","M","M","M","E","M","M","T","M","E","?","M","E","R","BOSS","M","?","M","?","?","E","R","?","T","E","?","$","?","?","R","BOSS","M","$","?","M","M","R","E","M","T","M","?","?","?","E","R","BOSS","R","$","E","BOSS"],"items_purchased_type":["Relic","Card","Card","Card","Card","Card","Card","Card","Card","Card","Relic","Card","Card","Relic","Relic","Card","Card","Card","Relic","Relic","Relic","Relic","Relic","Card","Card","Relic","Relic","Relic"],"build_version":"2020-12-22","purchased_purges":8,"victory":true,"max_hp_per_floor":[75,75,75,75,75,75,75,75,75,75,75,75,75,75,75,75,75,75,75,75,75,75,75,75,75,75,75,75,75,75,75,75,75,75,75,75,75,75,75,75,75,75,75,75,75,75,75,75,75,75,75,75,75,75,75],"relic_stats":{"Blood Vial":50,"Nunchaku":[22],"Centennial Puzzle":[10],"counters":[57,300],"Shuriken":[10],"Bronze Scales":[447],"HandDrill":[26],"Orichalcum":[294],"obtain_stats":[{"Golden Egg":54,"Replay:Accelerometer":53,"Vajra":44,"Bottled Tornado":54,"hubris:MysteriousPyramids":53,"Blood Vial":20,"Centennial Puzzle":47,"DollysMirror":0,"MealTicket":36,"HandDrill":36,"hubris:TinFlute":42,"Replay:Bottled Steam":48,"MerchantsRug":20,"halation:OrihimeAndHikoboshiSamaAndTears":5,"Ring of Hypnosis":22,"Oddly Smooth Stone":26,"infinitespire:Beetle Shell":20,"Du-Vu Doll":0,"hubris:Zylophone":28,"infinitespire:EvilPickle":33,"hermit:PetGhost":53,"Shuriken":43,"Bronze Scales":11,"Onion Ring":14,"ReplayTheSpireMod:TigerMarble":12,"Black Star":17,"Grinning Jar":43,"hermit:Momento":0,"Regal Pillow":36,"Singing Bowl":24,"Painkiller Herb":34,"Juzu Bracelet":30,"hubris:SlimyHat":23,"Replay:Mystery Machine":47,"ClockworkSouvenir":29,"Nunchaku":6,"hubris:Icosahedron":22,"Matryoshka":26,"hubris:CuriousFeather":44,"Red Mask":37,"halation:LettersToHer":0,"InkBottle":43,"construct:ClawGrip":17,"aspiration:FetidBarrel":54,"betterThird:NestCultRelic":31,"Orichalcum":2,"CaptainsWheel":24,"Anchor":42,"Ring of Misfortune":22,"infinitespire:Satchel":7,"ChewingGum":34,"Ectoplasm":21,"Bottled Lightning":11,"Membership Card":0,"halation:AfternoonTea":41,"halation:PinkSoulGem":37},{"Golden Egg":26,"Replay:Accelerometer":55,"Vajra":21,"Bottled Tornado":26,"hubris:MysteriousPyramids":55,"Blood Vial":10,"Centennial Puzzle":53,"DollysMirror":27,"MealTicket":47,"HandDrill":47,"hubris:TinFlute":20,"Replay:Bottled Steam":54,"MerchantsRug":10,"halation:OrihimeAndHikoboshiSamaAndTears":3,"Ring of Hypnosis":42,"Oddly Smooth Stone":12,"infinitespire:Beetle Shell":10,"Du-Vu Doll":0,"hubris:Zylophone":44,"infinitespire:EvilPickle":46,"hermit:PetGhost":55,"Shuriken":51,"Bronze Scales":36,"Onion Ring":38,"ReplayTheSpireMod:TigerMarble":6,"Black Star":8,"Grinning Jar":20,"hermit:Momento":0,"Regal Pillow":47,"Singing Bowl":11,"Painkiller Herb":16,"Juzu Bracelet":15,"hubris:SlimyHat":43,"Replay:Mystery Machine":53,"ClockworkSouvenir":44,"Nunchaku":32,"hubris:Icosahedron":10,"Matryoshka":43,"hubris:CuriousFeather":21,"Red Mask":47,"halation:LettersToHer":27,"InkBottle":51,"construct:ClawGrip":39,"aspiration:FetidBarrel":56,"betterThird:NestCultRelic":45,"Orichalcum":28,"CaptainsWheel":11,"Anchor":20,"Ring of Misfortune":42,"infinitespire:Satchel":4,"ChewingGum":46,"Ectoplasm":10,"Bottled Lightning":5,"Membership Card":27,"halation:AfternoonTea":50,"halation:PinkSoulGem":18},{"Golden Egg":126,"Replay:Accelerometer":287,"Vajra":95,"Bottled Tornado":126,"hubris:MysteriousPyramids":287,"Blood Vial":44,"Centennial Puzzle":270,"DollysMirror":135,"MealTicket":238,"HandDrill":238,"hubris:TinFlute":89,"Replay:Bottled Steam":278,"MerchantsRug":44,"halation:OrihimeAndHikoboshiSamaAndTears":12,"Ring of Hypnosis":209,"Oddly Smooth Stone":53,"infinitespire:Beetle Shell":44,"Du-Vu Doll":0,"hubris:Zylophone":218,"infinitespire:EvilPickle":233,"hermit:PetGhost":287,"Shuriken":261,"Bronze Scales":183,"Onion Ring":193,"ReplayTheSpireMod:TigerMarble":27,"Black Star":37,"Grinning Jar":89,"hermit:Momento":0,"Regal Pillow":238,"Singing Bowl":48,"Painkiller Herb":69,"Juzu Bracelet":63,"hubris:SlimyHat":214,"Replay:Mystery Machine":270,"ClockworkSouvenir":218,"Nunchaku":169,"hubris:Icosahedron":44,"Matryoshka":214,"hubris:CuriousFeather":95,"Red Mask":238,"halation:LettersToHer":135,"InkBottle":261,"construct:ClawGrip":201,"aspiration:FetidBarrel":292,"betterThird:NestCultRelic":223,"Orichalcum":138,"CaptainsWheel":48,"Anchor":89,"Ring of Misfortune":209,"infinitespire:Satchel":18,"ChewingGum":233,"Ectoplasm":44,"Bottled Lightning":22,"Membership Card":135,"halation:AfternoonTea":255,"halation:PinkSoulGem":76}],"InkBottle":[24]},"card_choices":[{"not_picked":["hermit:Feint","hermit:Desperado"],"picked":"hermit:Snipe","floor":1},{"not_picked":["hermit:Snipe","hermit:Virtue","hermit:SprayPray"],"picked":"SKIP","floor":3},{"not_picked":["hermit:Combo","hermit:DeadMansHand"],"picked":"hermit:GoldenBullet","floor":4},{"not_picked":["hermit:Vantage","hermit:LowProfile"],"picked":"hermit:Cheat","floor":5},{"not_picked":["hermit:CalledShot","hermit:Manifest"],"picked":"hermit:FlashPowder","floor":6},{"not_picked":["hermit:WideOpen","hermit:Vantage"],"picked":"hermit:Enervate","floor":7},{"not_picked":["hermit:Magnum","hermit:NoHoldsBarred"],"picked":"hermit:FlashPowder","floor":8},{"not_picked":["hermit:Glare","hermit:Manifest"],"picked":"hermit:Scavenge","floor":10},{"not_picked":["hermit:Glare","hermit:FatalDesire"],"picked":"hermit:Headshot","floor":11},{"not_picked":["hermit:Deadeye","hermit:CalledShot"],"picked":"hermit:Quickdraw","floor":13},{"not_picked":["hermit:HighCaliber","hermit:LowProfile"],"picked":"hermit:Headshot","floor":14},{"not_picked":["hermit:HighNoon","hermit:EternalForm"],"picked":"hermit:FromBeyond","floor":16},{"not_picked":["hermit:WideOpen+1","hermit:Virtue+1","hermit:LowProfile"],"picked":"SKIP","floor":18},{"not_picked":["hermit:CalledShot","hermit:NoHoldsBarred"],"picked":"hermit:Spite+1","floor":20},{"not_picked":["hermit:LowProfile","hermit:Virtue"],"picked":"hermit:Misfire","floor":21},{"not_picked":["hermit:Purgatory","hermit:Snipe"],"picked":"hermit:HighCaliber","floor":23},{"not_picked":["hermit:TrackingShot+1","hermit:Enervate"],"picked":"hermit:EyeOfTheStorm","floor":27},{"not_picked":["hermit:Coalescence","hermit:TrackingShot","hermit:Headshot"],"picked":"SKIP","floor":30},{"not_picked":["hermit:Purgatory","hermit:HighNoon"],"picked":"hermit:HeroicBravado","floor":33},{"not_picked":["hermit:Headshot+1","hermit:ItchyTrigger","hermit:LowProfile"],"picked":"SKIP","floor":35},{"not_picked":["hermit:Malice+1","hermit:LuckOfTheDraw","hermit:LowProfile+1"],"picked":"SKIP","floor":38},{"not_picked":["hermit:CursedWeapon","hermit:LuckOfTheDraw+1","hermit:Purgatory"],"picked":"SKIP","floor":39},{"not_picked":["hermit:TrackingShot+1","hermit:Shortfuse"],"picked":"hermit:Ricochet","floor":41},{"not_picked":["hermit:CalledShot","hermit:Coalescence+1"],"picked":"hermit:HighCaliber+1","floor":42},{"not_picked":["hermit:HighCaliber+1","hermit:SprayPray","hermit:FullyLoaded"],"picked":"SKIP","floor":44},{"not_picked":["hermit:HighCaliber","hermit:Virtue+1","hermit:HoleUp"],"picked":"SKIP","floor":46},{"not_picked":["hermit:LowProfile","hermit:Midnight+1","hermit:ItchyTrigger"],"picked":"SKIP","floor":48},{"not_picked":["hermit:Roulette+1","hermit:EyeOfTheStorm+1","hermit:Coalescence"],"picked":"SKIP","floor":54}],"player_experience":225216,"relics_obtained":[{"floor":6,"key":"Nunchaku"},{"floor":9,"key":"halation:LettersToHer"},{"floor":11,"key":"Bronze Scales"},{"floor":14,"key":"Onion Ring"},{"floor":22,"key":"Ring of Misfortune"},{"floor":22,"key":"Ring of Hypnosis"},{"floor":23,"key":"hubris:SlimyHat"},{"floor":26,"key":"halation:LettersToHer"},{"floor":26,"key":"Matryoshka"},{"floor":27,"key":"Blood Vial"},{"floor":41,"key":"halation:AfternoonTea"},{"floor":43,"key":"halation:LettersToHer"},{"floor":43,"key":"Shuriken"},{"floor":43,"key":"InkBottle"},{"floor":47,"key":"halation:LettersToHer"},{"floor":47,"key":"Replay:Mystery Machine"},{"floor":47,"key":"Centennial Puzzle"},{"floor":48,"key":"Replay:Bottled Steam"},{"floor":54,"key":"aspiration:FetidBarrel"}],"event_choices":[{"damage_healed":0,"gold_gain":0,"player_choice":"Bought 0 Potions","damage_taken":0,"max_hp_gain":0,"max_hp_loss":0,"event_name":"The Woman in Blue","floor":19,"gold_loss":0},{"damage_healed":0,"gold_gain":0,"player_choice":"Ignored","damage_taken":0,"max_hp_gain":0,"max_hp_loss":0,"event_name":"Vampires","floor":25,"gold_loss":0},{"damage_healed":0,"gold_gain":0,"player_choice":"Madness","damage_taken":0,"relics_obtained":["betterThird:NestCultRelic"],"max_hp_gain":0,"max_hp_loss":0,"event_name":"betterThird:BetterNest","floor":31,"gold_loss":0},{"damage_healed":0,"gold_gain":0,"player_choice":"Paid","damage_taken":0,"relics_obtained":["Red Mask"],"max_hp_gain":0,"max_hp_loss":0,"event_name":"Tomb of Lord Red Mask","floor":37,"gold_loss":181},{"damage_healed":0,"gold_gain":0,"player_choice":"Upgraded","damage_taken":0,"max_hp_gain":0,"max_hp_loss":0,"event_name":"Upgrade Shrine","floor":45,"gold_loss":0,"cards_upgraded":["hermit:FromBeyond"]}],"is_beta":false,"boss_relics":[{"not_picked":["hubris:RunicObelisk","Runic Pyramid"],"picked":"construct:ClawGrip"},{"not_picked":["hermit:BartenderGlass","hubris:ScarierMask"],"picked":"ChewingGum"}],"items_purged_floors":[0,0,0,0,0,0,0,0],"is_endless":false,"potions_floor_spawned":[1,3,7,8,14,18,23,33,35,38,39,48],"ascension_level":0}}