{"host":"wshh0nphwn6jv7vj","time":1610618913,"event":{"mods":["BaseMod","Bestiary","Minty Spire (QoL Compilation)","Relic Stats"],"gold_per_floor":[110,110,185,199,219,249,249,279,329,329,355,355,180,199,199,275,275,289,26,43,58,58,58],"floor_reached":22,"language":"ENG","playtime":1197,"items_purged":["Strike_B","Strike_B"],"score":377,"play_id":"eb404c58-72e1-47f3-a805-5aa610061ea0","local_time":"20210114050833","is_ascension_mode":true,"campfire_choices":[{"floor":7,"key":"REST"},{"data":"Go for the Eyes","floor":10,"key":"SMITH"},{"floor":12,"key":"REST"},{"data":"Genetic Algorithm","floor":15,"key":"SMITH"}],"circlet_count":0,"master_deck":["AscendersBane","Strike_B","Defend_B","Defend_B","Defend_B","Defend_B","Zap","Dualcast","Mayhem","Conserve Battery","Go for the Eyes+1","Cold Snap","Scrape","Buffer","Go for the Eyes","Genetic Algorithm+1","Gash","Glacier","Storm","Buffer","Storm","Beam Cell","Steam","Static Discharge"],"relics":["Cracked Core","Blue Candle","Boot","Strawberry","Kunai","Inserter"],"acts_visited":["Exordium","TheCity"],"potions_floor_usage":[8,16,20,21,22],"damage_taken":[{"damage":10,"enemies":"Small Slimes","floor":1,"turns":3},{"damage":6,"enemies":"2 Louse","floor":4,"turns":4},{"damage":0,"enemies":"Cultist","floor":5,"turns":4},{"damage":30,"enemies":"Gremlin Nob","floor":6,"turns":5},{"damage":8,"enemies":"3 Sentries","floor":8,"turns":5},{"damage":14,"enemies":"Gremlin Nob","floor":11,"turns":4},{"damage":8,"enemies":"Large Slime","floor":14,"turns":9},{"damage":9,"enemies":"The Guardian","floor":16,"turns":12},{"damage":26,"enemies":"3 Byrds","floor":18,"turns":8},{"damage":19,"enemies":"Shell Parasite","floor":20,"turns":9},{"damage":17,"enemies":"Centurion and Healer","floor":21,"turns":9},{"damage":14,"enemies":"Snake Plant","floor":22,"turns":2}],"seed_played":"-7613397475911080556","potions_obtained":[{"floor":6,"key":"AttackPotion"},{"floor":8,"key":"PotionOfCapacity"},{"floor":14,"key":"Weak Potion"},{"floor":16,"key":"Energy Potion"},{"floor":18,"key":"Strength Potion"},{"floor":21,"key":"FearPotion"}],"is_trial":false,"path_per_floor":["M","?","?","M","M","E","R","E","T","R","E","R","$","M","R","B",null,"M","$","M","M","M"],"character_chosen":"DEFECT","items_purchased":["Gash","Glacier","Beam Cell","Regen Potion","Steam"],"campfire_rested":2,"item_purchase_floors":[13,13,19,19,19],"current_hp_per_floor":[54,54,43,37,37,7,26,18,25,25,11,32,32,24,24,15,57,31,31,27,10,0,0],"gold":58,"neow_bonus":"RANDOM_COLORLESS_2","is_daily":false,"chose_seed":false,"campfire_upgraded":2,"win_rate":0.0,"timestamp":1610618913,"path_taken":["M","?","?","M","M","E","R","E","T","R","E","R","$","M","R","BOSS","M","$","M","M","M"],"items_purchased_type":["Card","Card","Card","Potion","Card"],"build_version":"2020-12-22","purchased_purges":2,"victory":false,"max_hp_per_floor":[64,64,64,64,64,64,64,64,71,71,71,71,71,71,71,71,71,71,71,71,71,71,71],"relic_stats":{"Inserter":[14],"counters":[12,74],"Blue Candle":[0],"Kunai":[17],"Boot":[110],"obtain_stats":[{"Inserter":17,"Blue Candle":6,"Strawberry":9,"Kunai":11,"Cracked Core":0,"Boot":8},{"Inserter":8,"Blue Candle":4,"Strawberry":5,"Kunai":6,"Cracked Core":0,"Boot":5},{"Inserter":46,"Blue Candle":16,"Strawberry":21,"Kunai":25,"Cracked Core":0,"Boot":21}]},"card_choices":[{"not_picked":["Violence","Secret Technique"],"picked":"Mayhem","floor":0},{"not_picked":["Chaos","Hologram"],"picked":"Conserve Battery","floor":1},{"not_picked":["Hello World","Steam"],"picked":"Cold Snap","floor":4},{"not_picked":["Conserve Battery","Turbo"],"picked":"Scrape","floor":5},{"not_picked":["All For One","Conserve Battery"],"picked":"Buffer","floor":6},{"not_picked":["Loop","Conserve Battery"],"picked":"Go for the Eyes","floor":8},{"not_picked":["Recycle","Leap"],"picked":"Genetic Algorithm","floor":11},{"not_picked":["Loop","Electrodynamics"],"picked":"Storm","floor":14},{"not_picked":["Electrodynamics","Thunder Strike"],"picked":"Buffer","floor":16},{"not_picked":["Sweeping Beam+1","Compile Driver"],"picked":"Storm","floor":18},{"not_picked":["Sweeping Beam","Turbo+1","Tempest"],"picked":"SKIP","floor":20},{"not_picked":["Coolheaded","Glacier"],"picked":"Static Discharge","floor":21}],"player_experience":1573151,"relics_obtained":[{"floor":6,"key":"Blue Candle"},{"floor":8,"key":"Boot"},{"floor":9,"key":"Strawberry"},{"floor":11,"key":"Kunai"}],"event_choices":[{"damage_healed":0,"gold_gain":0,"cards_transformed":["Strike_B"],"player_choice":"Change","damage_taken":0,"max_hp_gain":0,"max_hp_loss":0,"event_name":"Living Wall","floor":2,"gold_loss":0,"cards_obtained":["Go for the Eyes"]},{"damage_healed":0,"gold_gain":75,"player_choice":"Gather Gold","damage_taken":11,"max_hp_gain":0,"max_hp_loss":0,"event_name":"World of Goop","floor":3,"gold_loss":0}],"is_beta":false,"boss_relics":[{"not_picked":["Busted Crown","SlaversCollar"],"picked":"Inserter"}],"items_purged_floors":[13,19],"is_endless":false,"potions_floor_spawned":[6,8,14,16,18,21],"killed_by":"Snake Plant","ascension_level":17}}