{"host":"xh3brefae6wm9kl8","time":1610598840,"event":{"mods":["AchievementEnabler","BaseMod","GifTheSpireLib","Keyboard Shortcuts","Minty Spire (QoL Compilation)","Permanent Neow","Relic Stats","StSLib","SuperFastMode"],"gold_per_floor":[127,152,182,194,217,255,267,306,345,372,394,406,435,473,485,568,580,607,619,631,643,61,61,61],"floor_reached":23,"language":"KOR","playtime":848,"items_purged":["Decay"],"score":369,"play_id":"23a47b82-f444-4001-9dc6-a17c3d859b96","local_time":"20210114133400","is_ascension_mode":true,"campfire_choices":[{"floor":7,"key":"REST"},{"floor":12,"key":"REST"},{"floor":15,"key":"REST"}],"circlet_count":0,"master_deck":["AscendersBane","Strike_B+1","Strike_B+1","Strike_B+1","Strike_B+1","Defend_B+1","Defend_B+1","Defend_B+1","Defend_B+1","Zap","Dualcast","Barrage","Conserve Battery+1","Ball Lightning","Cold Snap","Leap+1","White Noise","Ball Lightning","Coolheaded","Coolheaded+1","Seek","Self Repair"],"relics":["Cracked Core","MawBank","Juzu Bracelet","Happy Flower","Ancient Tea Set","Strawberry","Inserter","War Paint","Bag of Preparation"],"acts_visited":["Exordium","TheCity"],"potions_floor_usage":[6,8,14,23],"damage_taken":[{"damage":8,"enemies":"Jaw Worm","floor":1,"turns":4},{"damage":1,"enemies":"2 Louse","floor":2,"turns":3},{"damage":0,"enemies":"Small Slimes","floor":3,"turns":4},{"damage":5,"enemies":"Looter","floor":5,"turns":4},{"damage":20,"enemies":"Lagavulin","floor":6,"turns":5},{"damage":32,"enemies":"Gremlin Nob","floor":8,"turns":4},{"damage":0,"enemies":"2 Fungi Beasts","floor":10,"turns":3},{"damage":13,"enemies":"Exordium Thugs","floor":11,"turns":5},{"damage":2,"enemies":"3 Louse","floor":13,"turns":3},{"damage":23,"enemies":"Lagavulin","floor":14,"turns":5},{"damage":44,"enemies":"Hexaghost","floor":16,"turns":11},{"damage":35,"enemies":"3 Byrds","floor":18,"turns":6},{"damage":41,"enemies":"Gremlin Leader","floor":23,"turns":4}],"seed_played":"-5126725568941736393","potions_obtained":[{"floor":1,"key":"FearPotion"},{"floor":2,"key":"BlessingOfTheForge"},{"floor":6,"key":"PotionOfCapacity"},{"floor":8,"key":"FairyPotion"},{"floor":11,"key":"BlessingOfTheForge"},{"floor":16,"key":"Dexterity Potion"}],"is_trial":false,"path_per_floor":["M","M","M","?","M","E","R","E","T","M","M","R","M","E","R","B",null,"M","?","?","?","$","E"],"character_chosen":"DEFECT","items_purchased":["War Paint","Bag of Preparation","Seek","Self Repair"],"campfire_rested":3,"item_purchase_floors":[22,22,22,22],"current_hp_per_floor":[56,55,55,60,55,35,57,25,25,25,12,34,32,16,40,24,68,33,33,33,33,33,0,0],"gold":61,"neow_bonus":"RANDOM_COMMON_RELIC","is_daily":false,"chose_seed":false,"campfire_upgraded":0,"win_rate":0.0,"timestamp":1610598840,"path_taken":["M","M","M","?","M","E","R","E","T","M","M","R","M","E","R","BOSS","M","?","?","?","$","E"],"items_purchased_type":["Relic","Relic","Card","Card"],"build_version":"2020-12-22","purchased_purges":1,"victory":false,"max_hp_per_floor":[71,71,71,76,76,76,76,76,76,76,76,76,76,83,83,83,83,83,83,83,83,83,83,83],"relic_stats":{"Inserter":[5],"Happy Flower":[12],"counters":[13,61],"Juzu Bracelet":0,"Bag of Preparation":[2],"War Paint":["Conserve Battery","Leap"],"MawBank":264,"obtain_stats":[{"Inserter":17,"Happy Flower":8,"Strawberry":14,"Juzu Bracelet":6,"Bag of Preparation":22,"War Paint":22,"Cracked Core":0,"MawBank":0,"Ancient Tea Set":9},{"Inserter":11,"Happy Flower":6,"Strawberry":10,"Juzu Bracelet":5,"Bag of Preparation":12,"War Paint":12,"Cracked Core":0,"MawBank":0,"Ancient Tea Set":6},{"Inserter":51,"Happy Flower":24,"Strawberry":40,"Juzu Bracelet":20,"Bag of Preparation":57,"War Paint":57,"Cracked Core":0,"MawBank":0,"Ancient Tea Set":24}]},"card_choices":[{"not_picked":["Storm","Compile Driver","Stack"],"picked":"SKIP","floor":1},{"not_picked":["Rebound","Darkness"],"picked":"Barrage","floor":2},{"not_picked":["Go for the Eyes","Gash"],"picked":"Conserve Battery","floor":3},{"not_picked":["Redo","Fission","Gash"],"picked":"SKIP","floor":5},{"not_picked":["All For One","Go for the Eyes"],"picked":"Ball Lightning","floor":6},{"not_picked":["Lockon","Steam"],"picked":"Cold Snap","floor":8},{"not_picked":["Steam Power","Go for the Eyes"],"picked":"Leap","floor":10},{"not_picked":["Steam","Streamline"],"picked":"White Noise","floor":11},{"not_picked":["Redo","Creative AI"],"picked":"Ball Lightning","floor":13},{"not_picked":["Redo","Aggregate"],"picked":"Coolheaded","floor":14},{"not_picked":["Sweeping Beam","Stack"],"picked":"Coolheaded+1","floor":18}],"player_experience":385616,"relics_obtained":[{"floor":6,"key":"Juzu Bracelet"},{"floor":8,"key":"Happy Flower"},{"floor":9,"key":"Ancient Tea Set"},{"floor":14,"key":"Strawberry"}],"event_choices":[{"damage_healed":0,"gold_gain":0,"player_choice":"Donut","damage_taken":0,"max_hp_gain":5,"max_hp_loss":0,"event_name":"Big Fish","floor":4,"gold_loss":0},{"damage_healed":0,"gold_gain":0,"player_choice":"Ignored","damage_taken":0,"max_hp_gain":0,"max_hp_loss":0,"event_name":"The Mausoleum","floor":19,"gold_loss":0},{"damage_healed":0,"gold_gain":0,"player_choice":"Simplicity","damage_taken":0,"max_hp_gain":0,"max_hp_loss":0,"event_name":"Back to Basics","floor":20,"gold_loss":0,"cards_upgraded":["Strike_B","Strike_B","Strike_B","Strike_B","Defend_B","Defend_B","Defend_B","Defend_B"]},{"damage_healed":0,"gold_gain":0,"player_choice":"Smashed Altar","damage_taken":0,"max_hp_gain":0,"max_hp_loss":0,"event_name":"Forgotten Altar","floor":21,"gold_loss":0,"cards_obtained":["Decay"]}],"is_beta":false,"boss_relics":[{"not_picked":["Nuclear Battery","Tiny House"],"picked":"Inserter"}],"items_purged_floors":[22],"is_endless":false,"potions_floor_spawned":[1,2,6,8,11,16],"killed_by":"Gremlin Leader","ascension_level":15}}