{"host":"4cgvt8brk2i8ma1b","time":1610667439,"event":{"mods":["Act Like it!","BaseMod","Better Third Choice","Conspire","Downfall","Hallownest","Hubris","Infinite Spire","Jorbs\u0027s Wanderer Trilogy","Minty Spire (QoL Compilation)","Replay The Spire","StSLib","The Bug Knight","The Jungle","The Necromancer","The Poker Player","The Runesmith"],"gold_per_floor":[116,127,14,14,14,14,34,34,57,57,68,85,116,133,133,229,229,246,260,273,292,292,292,326,326,326,379,399,399,18,18,18,118,118,128,128,128,220,220,220,237,237,264,276,294,314,314,16,16,16],"floor_reached":51,"language":"ENG","playtime":4107,"items_purged":["Runesmith:Defend_RS","Runesmith:Strike_RS"],"score":769,"play_id":"b8107e2c-752b-4770-ac65-79dd9da32336","local_time":"20210114173719","is_ascension_mode":false,"campfire_choices":[{"data":"Runesmith:OneForEveryone","floor":6,"key":"SMITH"},{"data":"Runesmith:HammerAndChisel","floor":8,"key":"SMITH"},{"data":"Runesmith:CraftFirestone","floor":10,"key":"SMITH"},{"data":"Runesmith:CraftMagma","floor":15,"key":"SMITH"},{"floor":23,"key":"REST"},{"data":"infinitespire:NeuralNetwork","floor":25,"key":"SMITH"},{"data":"Runesmith:Firestorm","floor":29,"key":"SMITH"},{"data":"Runesmith:Grindstone","floor":32,"key":"SMITH"},{"data":"Runesmith:Firestorm","floor":40,"key":"SMITH"},{"data":"Runesmith:FrozenChisel","floor":42,"key":"SMITH"},{"data":"Runesmith:RunicBlueprint","floor":47,"key":"SMITH"},{"data":"Runesmith:CraftIndustria","floor":49,"key":"SMITH"}],"circlet_count":0,"master_deck":["Runesmith:Strike_RS","Runesmith:Strike_RS","Runesmith:Strike_RS","Runesmith:Defend_RS","Runesmith:Defend_RS","Runesmith:Defend_RS","Runesmith:CraftFirestone+1","Runesmith:Fortify","Runesmith:BackupBattery","Runesmith:OneForEveryone+1","Runesmith:RunicBlueprint+1","Runesmith:HammerAndChisel+1","Runesmith:Firestorm+1","Runesmith:FrozenChisel+1","Runesmith:CraftMagma+1","Runesmith:CraftIndustria","Runesmith:Firestorm+1","Runesmith:Grindstone+1","Runesmith:Attraction","Runesmith:Retool","infinitespire:NeuralNetwork+1","Runesmith:CraftVitae","Runesmith:OneForEveryone+1","Runesmith:DoubleUp+1","Runesmith:CreatorForm+1","Runesmith:DuctTape","Runesmith:CraftObretio","Runesmith:CraftProtectio+1","Runesmith:CraftIndustria+1"],"relics":["Runesmith:BrokenRuby","hubris:Towel","Hallownest:DreamNailRelic","Anchor","Art of War","Sozu","Bottled Lightning","Replay:Ringing Soul","Lee\u0027s Waffle","Torii","conspire:RunicOctahedron","ReplayTheSpireMod:Ring of Exchange","Ring of Peace","Runesmith:AutoHammer","Unceasing Top"],"acts_visited":["Hallownest:Greenpath","Hallownest:CityofTears","Hallownest:KingdomsEdge"],"potions_floor_usage":[13,16,18,18,21],"damage_taken":[{"damage":1,"enemies":"Hallownest:monsterHuskWarrior","floor":1,"turns":4},{"damage":9,"enemies":"Hallownest:2_Baldur","floor":2,"turns":6},{"damage":3,"enemies":"2_ Uuma","floor":7,"turns":5},{"damage":0,"enemies":"Hallownest:Wandering_and_Horned","floor":11,"turns":3},{"damage":1,"enemies":"Hallownest:MossCreep_and_Mosskin","floor":12,"turns":4},{"damage":0,"enemies":"Hallownest:eliteVengeflyKing","floor":13,"turns":6},{"damage":0,"enemies":"Hallownest:monsterMossCharger","floor":14,"turns":4},{"damage":2,"enemies":"Hallownest:BossHornet","floor":16,"turns":6},{"damage":5,"enemies":"Hallownest:Guard_and_Sentry","floor":18,"turns":4},{"damage":10,"enemies":"Hallownest:3_Youths","floor":19,"turns":6},{"damage":27,"enemies":"Hallownest:monsterMisterMushroom","floor":20,"turns":7},{"damage":5,"enemies":"Hallownest:2_Flukemon","floor":21,"turns":8},{"damage":0,"enemies":"Hallownest:eliteSoulWarrior","floor":24,"turns":5},{"damage":15,"enemies":"Hallownest:Glutton_and_Coward","floor":27,"turns":4},{"damage":4,"enemies":"Hallownest:2_Husk_Sentries","floor":28,"turns":5},{"damage":15,"enemies":"Hallownest:BossMantisLord","floor":33,"turns":6},{"damage":0,"enemies":"Hallownest:Shield_Heavy","floor":35,"turns":3},{"damage":0,"enemies":"Hallownest:2_Littles","floor":41,"turns":4},{"damage":0,"enemies":"Hallownest:Xero_Hu_Marmu","floor":44,"turns":7},{"damage":0,"enemies":"Hallownest:monsterPrimalAspid","floor":45,"turns":4},{"damage":3,"enemies":"Hallownest:2_Soldiers_and_1_Guardian","floor":46,"turns":4},{"damage":2,"enemies":"Hallownest:BossGreyPrinceZote","floor":50,"turns":7}],"seed_played":"-16366900496918946","potions_obtained":[{"floor":7,"key":"Weak Potion"},{"floor":11,"key":"Energy Potion"},{"floor":12,"key":"ColorlessPotion"},{"floor":13,"key":"Reflective Coating"},{"floor":16,"key":"AttackPotion"}],"is_trial":false,"path_per_floor":["M","M","$","?","?","R","M","R","T","R","M","M","E","M","R","B",null,"M","M","M","M","AVR","R","E","R","T","M","M","R","$","T","R","B",null,"M","?","?","?","?","R","M","R","T","M","M","M","R","$","R","B",null],"character_chosen":"RUNESMITH_CLASS","items_purchased":["Runesmith:RunicBlueprint","Lee\u0027s Waffle","Runesmith:CreatorForm","Unceasing Top"],"campfire_rested":1,"item_purchase_floors":[3,30,30,48],"current_hp_per_floor":[76,67,67,67,67,67,64,64,64,64,64,63,63,63,63,61,77,72,62,35,30,30,53,53,53,53,41,40,40,93,93,93,81,96,99,99,99,83,83,83,83,83,83,83,83,80,80,80,80,78],"gold":16,"neow_bonus":"TEN_PERCENT_HP_BONUS","is_daily":false,"chose_seed":false,"campfire_upgraded":11,"win_rate":0.0,"timestamp":1610667439,"path_taken":["M","M","$","?","?","R","M","R","T","R","M","?","E","M","R","BOSS","M","?","?","M","AVR","R","E","R","T","M","M","R","$","?","R","BOSS","M","?","?","?","?","R","?","R","T","M","M","M","R","$","R","BOSS"],"items_purchased_type":["Card","Relic","Card","Relic"],"build_version":"2020-12-22","purchased_purges":2,"victory":true,"max_hp_per_floor":[77,77,77,77,77,77,77,77,77,77,77,77,77,77,77,77,77,77,77,77,77,77,77,77,77,77,80,83,83,93,93,93,96,96,99,99,99,102,102,102,102,102,102,102,102,102,102,102,102,102],"card_choices":[{"not_picked":["Runesmith:HammerThrow","Runesmith:CraftIncendium"],"picked":"Runesmith:BackupBattery","floor":1},{"not_picked":["Runesmith:NanitesCloud","Runesmith:EarthShield"],"picked":"Runesmith:OneForEveryone","floor":2},{"not_picked":["Runesmith:Overpower","Runesmith:CraftProtectio"],"picked":"Runesmith:HammerAndChisel","floor":7},{"not_picked":["Runesmith:ArcReactor","Runesmith:HammerThrow"],"picked":"Runesmith:Firestorm","floor":11},{"not_picked":["Runesmith:ShiftingStrike","Runesmith:Grindstone","Runesmith:OneForEveryone"],"picked":"SKIP","floor":12},{"not_picked":["Runesmith:Prism","Runesmith:NegativeSpace"],"picked":"Runesmith:FrozenChisel","floor":13},{"not_picked":["Runesmith:Grindstone","Runesmith:StaticCage"],"picked":"Runesmith:CraftMagma","floor":14},{"not_picked":["Runesmith:UnlimitedPower","Runesmith:Supernova"],"picked":"Runesmith:CraftIndustria","floor":16},{"not_picked":["Runesmith:WhiteBalance","Runesmith:RuneHurl+1"],"picked":"Runesmith:Firestorm","floor":18},{"not_picked":["Runesmith:ShiftingStrike","Runesmith:ChiselStab"],"picked":"Runesmith:Grindstone","floor":19},{"not_picked":["Runesmith:EarthShield","Runesmith:ArcReactor"],"picked":"Runesmith:Attraction","floor":20},{"not_picked":["Runesmith:Overpower","Runesmith:CraftProtectio"],"picked":"Runesmith:Retool","floor":21},{"not_picked":["Runesmith:Malloc","Runesmith:Firestorm+1"],"picked":"Runesmith:CraftVitae","floor":24},{"not_picked":["Runesmith:HeatedChisel","Runesmith:HeatExchange"],"picked":"Runesmith:OneForEveryone+1","floor":27},{"not_picked":["Runesmith:BackupBattery","Runesmith:ChaoticBlast"],"picked":"Runesmith:DoubleUp+1","floor":28},{"not_picked":["Runesmith:LightningRod","Runesmith:Supernova"],"picked":"Runesmith:DuctTape","floor":33},{"not_picked":["Runesmith:StaticCage","Runesmith:RuneHurl"],"picked":"Runesmith:CraftObretio","floor":35},{"not_picked":["Runesmith:HammerAndChisel","Runesmith:NegativeSpace+1"],"picked":"Runesmith:CraftProtectio+1","floor":38},{"not_picked":["Runesmith:MakeshiftArmor","Runesmith:HammerThrow"],"picked":"Runesmith:CraftIndustria","floor":38},{"not_picked":["Runesmith:Superposition","Runesmith:BackupBattery+1","Runesmith:CraftSpiculum"],"picked":"SKIP","floor":41},{"not_picked":["Runesmith:EarthShield","Runesmith:Discharge+1","Runesmith:FrozenChisel+1"],"picked":"SKIP","floor":44},{"not_picked":["Runesmith:HammerThrow","Runesmith:Grindstone","Runesmith:BackupBattery+1"],"picked":"SKIP","floor":45},{"not_picked":["Runesmith:CraftProtectio+1","Runesmith:MakeshiftArmor+1","Runesmith:Accelerate"],"picked":"SKIP","floor":46}],"player_experience":340491,"relics_obtained":[{"floor":9,"key":"Anchor"},{"floor":13,"key":"Art of War"},{"floor":24,"key":"Bottled Lightning"},{"floor":26,"key":"Replay:Ringing Soul"},{"floor":31,"key":"Torii"},{"floor":36,"key":"ReplayTheSpireMod:Ring of Exchange"},{"floor":36,"key":"Ring of Peace"},{"floor":43,"key":"Runesmith:AutoHammer"}],"event_choices":[{"damage_healed":0,"gold_gain":0,"player_choice":"Leave","damage_taken":0,"max_hp_gain":0,"max_hp_loss":0,"event_name":"conspire:Investor","floor":37,"gold_loss":0}],"is_beta":false,"boss_relics":[{"not_picked":["Replay:Bronze Core","Replay:Drink Me"],"picked":"Sozu"},{"not_picked":["hubris:Stopwatch","Snecko Eye"],"picked":"conspire:RunicOctahedron"}],"items_purged_floors":[3,30],"is_endless":false,"potions_floor_spawned":[7,11,12,13,16,18,20,27,28,33,35,45,46],"ascension_level":0}}