{"host":"7k2a2omxz3voj5ax","time":1610637428,"event":{"mods":["BaseMod","Marisa£¨ìFÓê¡¡Ä§ÀíÉ³£©","Minty Spire (QoL Compilation)","Quick Restart","Spicy Shops","StSLib","Starting Relic: Pandora\u0027s Box","óô»ðÖ¸ÄÏ"],"gold_per_floor":[110,1442,1442,1442,316,347,347,377,448,464,464,464,496,533,370,478,540,566,422,447,447,247,277,293,328,328,27,27,37,63,79,79,181,181,198,420,443,136,136,161,161,196,196,227,277,331,211,228,228,228,228,51,37,63,63],"floor_reached":56,"language":"ZHS","playtime":2342,"items_purged":["Rebound","Fusion","Turbo","Dualcast","Coolheaded","Coolheaded","Lockon+1"],"score":2610,"play_id":"cdb39914-66cd-4bad-9190-bad1f9f5ce0f","local_time":"20210115001708","is_ascension_mode":true,"campfire_choices":[{"data":"Deep Breath","floor":7.0,"key":"SMITH"},{"data":"Heatsinks","floor":28.0,"key":"SMITH"},{"data":"Defragment","floor":32.0,"key":"SMITH"},{"data":"Loop","floor":41.0,"key":"SMITH"},{"floor":49.0,"key":"RECALL"}],"circlet_count":0,"master_deck":["AscendersBane","Zap+1","Loop+1","Turbo+1","Impatience+1","Deep Breath+1","Heatsinks+1","Electrodynamics","Biased Cognition+1","Defragment+1","Biased Cognition+1","Consume+1","Biased Cognition+1","Buffer+1","Cold Snap","Capacitor+1"],"relics":["Pandora\u0027s Box","NeowsBlessing","Runic Capacitor","Prayer Wheel","Toy Ornithopter","War Paint","Ancient Tea Set","TheAbacus","Cables","Tiny Chest","Potion Belt","MawBank","Juzu Bracelet","Tiny House","DollysMirror","Red Mask","Blood Vial","Emotion Chip","The Courier","Membership Card","Ice Cream","DataDisk","Frozen Egg 2","Inserter","Bronze Scales","OrangePellets","Sundial","Bag of Preparation","Letter Opener","Whetstone","Question Card","Oddly Smooth Stone","Mango","CatCart","Lantern","Medical Kit","Shuriken"],"acts_visited":["Exordium","TheCity","TheBeyond","TheEnding"],"potions_floor_usage":[55,55,55],"damage_taken":[{"damage":0.0,"enemies":"Jaw Worm","floor":1.0,"turns":2.0},{"damage":0.0,"enemies":"3 Sentries","floor":6.0,"turns":1.0},{"damage":0.0,"enemies":"Gremlin Nob","floor":8.0,"turns":1.0},{"damage":0.0,"enemies":"2 Louse","floor":10.0,"turns":1.0},{"damage":0.0,"enemies":"3 Sentries","floor":13.0,"turns":2.0},{"damage":0.0,"enemies":"The Guardian","floor":16.0,"turns":1.0},{"damage":0.0,"enemies":"Spheric Guardian","floor":18.0,"turns":1.0},{"damage":0.0,"enemies":"Masked Bandits","floor":20.0,"turns":1.0},{"damage":4.0,"enemies":"Book of Stabbing","floor":23.0,"turns":2.0},{"damage":0.0,"enemies":"Chosen","floor":24.0,"turns":1.0},{"damage":0.0,"enemies":"Slavers","floor":25.0,"turns":2.0},{"damage":0.0,"enemies":"Snecko","floor":29.0,"turns":2.0},{"damage":0.0,"enemies":"Gremlin Leader","floor":30.0,"turns":2.0},{"damage":10.0,"enemies":"Centurion and Healer","floor":31.0,"turns":2.0},{"damage":0.0,"enemies":"Champ","floor":33.0,"turns":1.0},{"damage":0.0,"enemies":"Orb Walker","floor":35.0,"turns":1.0},{"damage":0.0,"enemies":"Reptomancer","floor":40.0,"turns":1.0},{"damage":0.0,"enemies":"Nemesis","floor":42.0,"turns":3.0},{"damage":0.0,"enemies":"Reptomancer","floor":44.0,"turns":1.0},{"damage":0.0,"enemies":"Mind Bloom Boss Battle","floor":45.0,"turns":1.0},{"damage":0.0,"enemies":"Orin","floor":46.0,"turns":3.0},{"damage":0.0,"enemies":"3 Shapes","floor":48.0,"turns":2.0},{"damage":0.0,"enemies":"Donu and Deca","floor":50.0,"turns":3.0},{"damage":0,"enemies":"Shield and Spear","floor":54,"turns":1},{"damage":8,"enemies":"The Heart","floor":55,"turns":5}],"seed_played":"3811542196597693581","potions_obtained":[{"floor":6.0,"key":"DuplicationPotion"},{"floor":10.0,"key":"Fire Potion"},{"floor":16.0,"key":"DistilledChaos"},{"floor":17.0,"key":"SkillPotion"},{"floor":20.0,"key":"BlessingOfTheForge"},{"floor":25.0,"key":"DistilledChaos"}],"is_trial":false,"path_per_floor":["M","$","?","?","$","E","R","E","T","M","?","?","E","T","R","B",null,"M","$","?","?","$","E","M","E","T","$","R","M","E","M","R","B",null,"M","?","T","$","?","E","R","E","T","E","?","?","R","M","R","B",null,"R","$","E","B",null],"character_chosen":"DEFECT","items_purchased":["Runic Capacitor","Prayer Wheel","Impatience","War Paint","Ancient Tea Set","TheAbacus","Cables","Deep Breath","Heatsinks","DollysMirror","Membership Card","Ice Cream","DataDisk","OrangePellets","Sundial","Bag of Preparation","Buffer+1","Lantern","Medical Kit","Cold Snap","Capacitor+1"],"campfire_rested":0,"item_purchase_floors":[2,2,2,5,5,5,5,5,5,19,27,27,27,38,38,38,38,47,47,52,53],"current_hp_per_floor":[68,68,61,61,61,61,61,61,61,61,66,80,80,80,80,80,85,85,85,85,85,85,81,83,85,85,85,85,85,85,75,75,77,83,85,85,85,85,75,77,77,79,79,81,97,99,99,99,99,99,99,99,99,99,97],"gold":63,"neow_bonus":"THREE_ENEMY_KILL","is_daily":false,"chose_seed":false,"campfire_upgraded":4,"win_rate":0.0,"timestamp":1610637428,"path_taken":["M","$","?","?","$","E","R","E","T","?","?","?","E","?","R","BOSS","M","$","?","?","$","E","M","E","T","$","R","M","E","M","R","BOSS","M","?","?","$","?","E","R","E","T","E","?","?","R","M","R","BOSS","R","$","E","BOSS"],"items_purchased_type":["Relic","Relic","Card","Relic","Relic","Relic","Relic","Card","Card","Relic","Relic","Relic","Relic","Relic","Relic","Relic","Card","Relic","Relic","Card","Card"],"build_version":"2020-12-22","purchased_purges":7,"victory":true,"max_hp_per_floor":[75,75,75,75,75,75,75,75,75,75,80,80,80,80,80,80,85,85,85,85,85,85,85,85,85,85,85,85,85,85,85,85,85,85,85,85,85,85,85,85,85,85,85,85,99,99,99,99,99,99,99,99,99,99,99],"card_choices":[{"not_picked":["Go for the Eyes","Beam Cell","Stack"],"picked":"SKIP","floor":1.0},{"not_picked":["Blizzard","Turbo","Hello World"],"picked":"SKIP","floor":6.0},{"not_picked":["Coolheaded","Doom and Gloom","FTL"],"picked":"SKIP","floor":8.0},{"not_picked":["Turbo","Fusion","Melter"],"picked":"SKIP","floor":10.0},{"not_picked":["Self Repair","Go for the Eyes","Genetic Algorithm"],"picked":"SKIP","floor":10.0},{"not_picked":["Machine Learning","Stack"],"picked":"Electrodynamics","floor":13.0},{"not_picked":["Electrodynamics","All For One"],"picked":"Biased Cognition","floor":16.0},{"not_picked":["Redo","Seek"],"picked":"Defragment","floor":18.0},{"not_picked":["Cold Snap+1","White Noise","Rebound+1"],"picked":"SKIP","floor":18.0},{"not_picked":["Cold Snap","Lockon"],"picked":"Consume+1","floor":20.0},{"not_picked":["Heatsinks","Recycle","Compile Driver"],"picked":"SKIP","floor":23.0},{"not_picked":["Self Repair+1","Ball Lightning","Compile Driver"],"picked":"SKIP","floor":24.0},{"not_picked":["Compile Driver+1","Darkness","Gash"],"picked":"SKIP","floor":24.0},{"not_picked":["Hologram+1","Machine Learning","Turbo+1"],"picked":"SKIP","floor":25.0},{"not_picked":["Coolheaded","Streamline","Cold Snap"],"picked":"SKIP","floor":29.0},{"not_picked":["Turbo+1","Beam Cell+1","Glacier"],"picked":"SKIP","floor":29.0},{"not_picked":["Glacier+1","Beam Cell","Redo"],"picked":"SKIP","floor":30.0},{"not_picked":["Conserve Battery","Stack","Darkness"],"picked":"SKIP","floor":31.0},{"not_picked":["Cold Snap","Sweeping Beam","Steam Power"],"picked":"SKIP","floor":31.0},{"not_picked":["Rainbow","Buffer+1"],"picked":"Biased Cognition+1","floor":33.0},{"not_picked":["Go for the Eyes+1","Redo+1","Heatsinks+1"],"picked":"SKIP","floor":35.0},{"not_picked":["Force Field","Compile Driver","Reinforced Body+1"],"picked":"SKIP","floor":35.0},{"not_picked":["Coolheaded","Go for the Eyes","Blizzard"],"picked":"SKIP","floor":40.0},{"not_picked":["Lockon","Reinforced Body+1","Gash"],"picked":"SKIP","floor":42.0},{"not_picked":["Echo Form+1","Cold Snap","Hologram"],"picked":"Lockon+1","floor":44.0},{"not_picked":["Compile Driver+1","Beam Cell+1","Force Field+1","Sunder+1"],"picked":"SKIP","floor":48.0},{"not_picked":["Stack","BootSequence+1","Darkness","Conserve Battery"],"picked":"SKIP","floor":48.0},{"not_picked":["Force Field+1","Sweeping Beam","Consume+1","Barrage"],"picked":"SKIP","floor":54}],"player_experience":440157,"relics_obtained":[{"floor":6.0,"key":"Tiny Chest"},{"floor":8.0,"key":"Potion Belt"},{"floor":13.0,"key":"MawBank"},{"floor":14.0,"key":"Juzu Bracelet"},{"floor":20.0,"key":"Red Mask"},{"floor":23.0,"key":"Blood Vial"},{"floor":25.0,"key":"Emotion Chip"},{"floor":26.0,"key":"The Courier"},{"floor":30.0,"key":"Frozen Egg 2"},{"floor":37.0,"key":"Bronze Scales"},{"floor":40.0,"key":"Letter Opener"},{"floor":42.0,"key":"Whetstone"},{"floor":43.0,"key":"Question Card"},{"floor":44.0,"key":"Oddly Smooth Stone"},{"floor":45.0,"key":"Mango"},{"floor":46.0,"key":"CatCart"},{"floor":54,"key":"Shuriken"}],"event_choices":[{"damage_healed":0.0,"max_hp_gain":0.0,"max_hp_loss":0.0,"gold_gain":0.0,"event_name":"Scrap Ooze","player_choice":"Success","floor":3.0,"gold_loss":0.0,"damage_taken":7.0,"relics_obtained":["Toy Ornithopter"]},{"damage_healed":0.0,"max_hp_gain":0.0,"max_hp_loss":0.0,"gold_gain":0.0,"event_name":"Upgrade Shrine","player_choice":"Upgraded","floor":4.0,"gold_loss":0.0,"damage_taken":0.0,"cards_upgraded":["Impatience"]},{"damage_healed":0.0,"max_hp_gain":5.0,"max_hp_loss":0.0,"gold_gain":0.0,"event_name":"Big Fish","player_choice":"Donut","floor":11.0,"gold_loss":0.0,"damage_taken":0.0},{"cards_removed":["Auto Shields"],"damage_healed":14.0,"max_hp_gain":0.0,"max_hp_loss":0.0,"gold_gain":0.0,"event_name":"Bonfire Elementals","player_choice":"Offered Uncommon","floor":12.0,"gold_loss":0.0,"damage_taken":0.0},{"damage_healed":0.0,"max_hp_gain":0.0,"max_hp_loss":0.0,"gold_gain":0.0,"event_name":"Masked Bandits","player_choice":"Fought Bandits","floor":20.0,"gold_loss":0.0,"damage_taken":0.0},{"damage_healed":0.0,"max_hp_gain":0.0,"max_hp_loss":0.0,"gold_gain":0.0,"event_name":"Ghosts","player_choice":"Ignored","floor":21.0,"gold_loss":0.0,"damage_taken":0.0},{"damage_healed":0.0,"max_hp_gain":0.0,"max_hp_loss":0.0,"gold_gain":222.0,"event_name":"Tomb of Lord Red Mask","player_choice":"Wore Mask","floor":36.0,"gold_loss":0.0,"damage_taken":0.0},{"damage_healed":0.0,"max_hp_gain":0.0,"max_hp_loss":0.0,"gold_gain":0.0,"event_name":"SensoryStone","player_choice":"Memory 3","floor":39.0,"gold_loss":0.0,"damage_taken":10.0},{"damage_healed":0.0,"max_hp_gain":0.0,"max_hp_loss":0.0,"gold_gain":0.0,"event_name":"MindBloom","player_choice":"Fight","floor":45.0,"gold_loss":0.0,"damage_taken":0.0},{"damage_healed":0.0,"max_hp_gain":0.0,"max_hp_loss":0.0,"gold_gain":0.0,"event_name":"OrinTheCat","player_choice":"Fight","floor":46.0,"gold_loss":0.0,"damage_taken":0.0}],"is_beta":false,"boss_relics":[{"not_picked":["Snecko Eye","Philosopher\u0027s Stone"],"picked":"Tiny House"},{"not_picked":["Nuclear Battery","Runic Dome"],"picked":"Inserter"}],"items_purged_floors":[2,2,5,5,15,22,52],"is_endless":false,"potions_floor_spawned":[6,10,16,20,25,30,35],"ascension_level":11}}