{"host":"umc2kcp6syiz6ck1","time":1610596554,"event":{"mods":["Act Like it!","BaseMod","Colored Map","Colored Powertips","Friendly Minions","Gensokyo","Hallownest","Koishi","Marisa????????","Minty Spire (QoL Compilation)","Prisma Mod","Quick Restart","StSLib","Td1madao Mod","The Administrix","The Bug Knight"],"gold_per_floor":[116,116,116,92,104,104,134,134,185,197,209,236,267,16,28,40,40],"floor_reached":16,"language":"ENG","playtime":1491,"items_purged":[],"score":123,"play_id":"ed247403-d8d0-4aab-8676-633344957496","local_time":"20210113215554","is_ascension_mode":false,"campfire_choices":[{"data":"AdministrixMod:JustRewards","floor":6,"key":"SMITH"},{"data":"AdministrixMod:RegentEdict","floor":15,"key":"SMITH"}],"circlet_count":0,"master_deck":["AdministrixMod:Strike_Administrix","AdministrixMod:Strike_Administrix","AdministrixMod:Strike_Administrix","AdministrixMod:RedCloak","AdministrixMod:Defend_Administrix","AdministrixMod:Defend_Administrix","AdministrixMod:Defend_Administrix","AdministrixMod:Defend_Administrix","AdministrixMod:BlueCloak","AdministrixMod:RegentEdict","AdministrixMod:LightOfYourLife","AdministrixMod:JustRewards+1","AdministrixMod:CenturiesAscent","AdministrixMod:RegentEdict+1","AdministrixMod:TrickOfTheLight","Pain","AdministrixMod:NoblePath","AdministrixMod:DiversionaryTactic","Gensokyo:RustyChest","Gensokyo:ScrapIron","Gensokyo:DepletedGenerator","Gensokyo:RPG","Gensokyo:ExoticEgg","Gensokyo:ReactiveArmor"],"relics":["AdministrixMod:ConductorRitualBaton","NeowsBlessing","InkBottle","HollowMod:LifeEnderRelic","MawBank","Gensokyo:LunaticRedEyes"],"acts_visited":["Exordium"],"potions_floor_usage":[16],"damage_taken":[{"damage":0,"enemies":"Gensokyo:Gryphon","floor":1,"turns":1},{"damage":0,"enemies":"Gensokyo:Python","floor":5,"turns":1},{"damage":0,"enemies":"Gensokyo:Cirno","floor":7,"turns":2},{"damage":0,"enemies":"Gensokyo:3_Fairies","floor":12,"turns":3},{"damage":6,"enemies":"Gensokyo:Python_and_Kodama","floor":13,"turns":3},{"damage":78,"enemies":"Gensokyo:Kokoro","floor":16,"turns":13}],"seed_played":"-7519256830318801101","potions_obtained":[{"floor":5,"key":"Strength Potion"},{"floor":7,"key":"LiquidBronze"},{"floor":13,"key":"SmokeBomb"}],"is_trial":false,"path_per_floor":["M","?","T","$","M","R","E","?","T","?","$","M","M","COS","R","B"],"character_chosen":"TheAdministrix","items_purchased":["AdministrixMod:LightOfYourLife"],"campfire_rested":0,"item_purchase_floors":[4],"current_hp_per_floor":[65,65,65,65,65,65,65,65,65,65,65,65,59,59,59,0,0],"gold":40,"neow_bonus":"THREE_ENEMY_KILL","is_daily":false,"chose_seed":false,"campfire_upgraded":2,"win_rate":0.0,"timestamp":1610596554,"path_taken":["M","?","?","$","M","R","E","?","T","?","?","?","M","COS","R","BOSS"],"items_purchased_type":["Card"],"build_version":"2020-12-22","purchased_purges":0,"victory":false,"max_hp_per_floor":[65,65,65,65,65,65,65,65,65,65,65,65,65,65,65,65,65],"card_choices":[{"not_picked":["AdministrixMod:SipOfSparks","AdministrixMod:ShadowPlay"],"picked":"AdministrixMod:RegentEdict","floor":1},{"not_picked":["AdministrixMod:ShadowPlay","AdministrixMod:RebukeDesires"],"picked":"AdministrixMod:JustRewards","floor":5},{"not_picked":["AdministrixMod:TouchOfCinnabar","AdministrixMod:Schism"],"picked":"AdministrixMod:CenturiesAscent","floor":7},{"not_picked":["AdministrixMod:QuietConspiracy","AdministrixMod:Transition"],"picked":"AdministrixMod:RegentEdict","floor":8},{"not_picked":["AdministrixMod:Untouchable","AdministrixMod:HiddenPower"],"picked":"AdministrixMod:TrickOfTheLight","floor":8},{"not_picked":["AdministrixMod:ShadowPlay","AdministrixMod:DiversionaryTactic"],"picked":"AdministrixMod:NoblePath","floor":12},{"not_picked":["AdministrixMod:ExtolVirtue","AdministrixMod:CastOffRegrets"],"picked":"AdministrixMod:DiversionaryTactic","floor":13}],"player_experience":57082,"relics_obtained":[{"floor":3,"key":"InkBottle"},{"floor":7,"key":"HollowMod:LifeEnderRelic"},{"floor":9,"key":"MawBank"}],"event_choices":[],"is_beta":false,"boss_relics":[],"items_purged_floors":[],"is_endless":false,"potions_floor_spawned":[5,7,13],"killed_by":"Gensokyo:Kokoro","ascension_level":0}}