{"host":"04hh9gplt9wkfmr1","time":1610638214,"event":{"mods":["AchievementEnabler","BaseMod","Colored Map","KOR Keyword Fix","Minty Spire (QoL Compilation)","Rare Cards Sparkle","SuperFastMode"],"gold_per_floor":[109,120,80,97,97,124,124,140,222,222,222,251,40,72,72,176,176,176,176,101,101,101,101,101,101],"floor_reached":24,"language":"KOR","playtime":877,"items_purged":["Pain"],"score":259,"play_id":"f622f10d-edbe-4002-900f-d3af316184d5","local_time":"20210115003014","is_ascension_mode":true,"campfire_choices":[{"data":"Noxious Fumes","floor":7.0,"key":"SMITH"},{"floor":11.0,"key":"REST"},{"floor":15.0,"key":"REST"},{"data":"Venomology","floor":23,"key":"SMITH"}],"circlet_count":0,"master_deck":["Strike_G","Strike_G","Defend_G","Defend_G","Defend_G","Defend_G","Defend_G","Survivor","Neutralize","Poisoned Stab","Poisoned Stab","Noxious Fumes+1","Poisoned Stab","Bandage Up","Deadly Poison","Venomology+1","PiercingWail","Bouncing Flask","Jack Of All Trades","Outmaneuver","Well Laid Plans+1"],"relics":["Ring of the Snake","WarpedTongs","Ginger","Paper Crane","Potion Belt","Bird Faced Urn","Ectoplasm"],"acts_visited":["Exordium","TheCity"],"potions_floor_usage":[22,22,24],"damage_taken":[{"damage":2.0,"enemies":"Small Slimes","floor":1.0,"turns":5.0},{"damage":0.0,"enemies":"Cultist","floor":2.0,"turns":4.0},{"damage":0.0,"enemies":"Jaw Worm","floor":4.0,"turns":4.0},{"damage":12.0,"enemies":"Lagavulin","floor":6.0,"turns":5.0},{"damage":6.0,"enemies":"2 Fungi Beasts","floor":8.0,"turns":5.0},{"damage":16.0,"enemies":"Exordium Thugs","floor":10.0,"turns":5.0},{"damage":24.0,"enemies":"Gremlin Nob","floor":12.0,"turns":4.0},{"damage":8.0,"enemies":"3 Sentries","floor":14.0,"turns":5.0},{"damage":25.0,"enemies":"Slime Boss","floor":16.0,"turns":8.0},{"damage":10,"enemies":"Spheric Guardian","floor":18,"turns":5},{"damage":1,"enemies":"Chosen","floor":19,"turns":4},{"damage":33,"enemies":"Shelled Parasite and Fungi","floor":22,"turns":6},{"damage":50,"enemies":"Slavers","floor":24,"turns":3}],"seed_played":"-1192829566519037986","potions_obtained":[{"floor":3.0,"key":"SneckoOil"},{"floor":3.0,"key":"GhostInAJar"},{"floor":3.0,"key":"Explosive Potion"},{"floor":6.0,"key":"DuplicationPotion"},{"floor":12.0,"key":"Explosive Potion"},{"floor":14.0,"key":"EssenceOfSteel"},{"floor":16.0,"key":"GamblersBrew"},{"floor":19,"key":"FearPotion"}],"is_trial":false,"path_per_floor":["M","M","?","M","?","E","R","M","T","M","R","E","$","E","R","B",null,"M","M","?","?","M","R","E"],"character_chosen":"THE_SILENT","items_purchased":["Bandage Up","Deadly Poison"],"campfire_rested":2,"item_purchase_floors":[13,13],"current_hp_per_floor":[47,47,47,47,47,35,35,29,29,13,34,10,10,6,27,8,70,68,70,70,70,41,41,0,0],"gold":101,"neow_bonus":"REMOVE_TWO","is_daily":false,"chose_seed":false,"campfire_upgraded":2,"win_rate":0.0,"timestamp":1610638214,"path_taken":["M","M","?","?","?","E","R","M","T","M","R","E","$","E","R","BOSS","M","M","?","?","M","R","E"],"items_purchased_type":["Card","Card"],"build_version":"2020-12-22","purchased_purges":1,"victory":false,"max_hp_per_floor":[70,70,70,70,70,70,70,70,70,70,70,70,70,70,70,70,70,70,70,70,70,70,70,70,70],"card_choices":[{"not_picked":["Prepared","Deflect"],"picked":"Poisoned Stab","floor":1.0},{"not_picked":["Choke","Deflect","Heel Hook"],"picked":"SKIP","floor":2.0},{"not_picked":["Dodge and Roll","Dagger Spray"],"picked":"Poisoned Stab","floor":4.0},{"not_picked":["Night Terror","Caltrops"],"picked":"Noxious Fumes","floor":6.0},{"not_picked":["Masterful Stab","Prepared","Blade Dance"],"picked":"SKIP","floor":8.0},{"not_picked":["Bouncing Flask","Acrobatics","Outmaneuver"],"picked":"SKIP","floor":10.0},{"not_picked":["Quick Slash","Dagger Spray"],"picked":"Poisoned Stab","floor":12.0},{"not_picked":["Slice","Predator","Terror"],"picked":"SKIP","floor":14.0},{"not_picked":["Bullet Time","Envenom"],"picked":"Venomology","floor":16.0},{"not_picked":["Deflect","Dodge and Roll"],"picked":"PiercingWail","floor":18},{"not_picked":["Riddle With Holes","Dodge and Roll"],"picked":"Bouncing Flask","floor":19},{"not_picked":["Slice+1","Poisoned Stab"],"picked":"Well Laid Plans+1","floor":22}],"player_experience":28245,"relics_obtained":[{"floor":6.0,"key":"Ginger"},{"floor":9.0,"key":"Paper Crane"},{"floor":12.0,"key":"Potion Belt"},{"floor":14.0,"key":"Bird Faced Urn"}],"event_choices":[{"damage_healed":0.0,"max_hp_gain":0.0,"max_hp_loss":0.0,"gold_gain":0.0,"event_name":"The Woman in Blue","player_choice":"Bought 3 Potions","floor":3.0,"gold_loss":0.0,"damage_taken":0.0},{"damage_healed":0.0,"max_hp_gain":0.0,"max_hp_loss":0.0,"gold_gain":0.0,"event_name":"Accursed Blacksmith","player_choice":"Rummage","floor":5.0,"gold_loss":0.0,"damage_taken":0.0,"relics_obtained":["WarpedTongs"],"cards_obtained":["Pain"]},{"cards_removed":["Strike_G"],"damage_healed":0,"gold_gain":0,"player_choice":"Gave Gold","damage_taken":0,"max_hp_gain":0,"max_hp_loss":0,"event_name":"Beggar","floor":20,"gold_loss":75},{"damage_healed":0,"gold_gain":0,"player_choice":"2 cards matched","damage_taken":0,"max_hp_gain":0,"max_hp_loss":0,"event_name":"Match and Keep!","floor":21,"gold_loss":0,"cards_obtained":["Jack Of All Trades","Outmaneuver"]}],"is_beta":false,"boss_relics":[{"not_picked":["Runic Pyramid","Coffee Dripper"],"picked":"Ectoplasm"}],"items_purged_floors":[13],"is_endless":false,"potions_floor_spawned":[6,10,12,14,16,19],"killed_by":"Slavers","ascension_level":4}}