{"host":"ojt9u6ra2d449odx","time":1610626820,"event":{"mods":["BaseMod","Curses Come First","Downfall","Luminous","Minty Spire (QoL Compilation)","Relic Stats","Replay The Spire","Robot Space Explorer","StSLib","The Animator","The Bug Knight","The Dragon Tamer"],"gold_per_floor":[114,127,402,412,412,445,445,110,110,110,124,138,138,166,166,261,261,261,231,186,186,186,186,186,186,186,186,186,186,186,186,186,186,186,186,186,96,96,96,96,96,96,96,96,0,0,0,0,0,0],"floor_reached":51,"language":"ENG","playtime":4199,"items_purged":["Replay:UnknownCurse"],"score":695,"play_id":"2a7af5d8-d44b-49c1-896d-d7942208fa53","local_time":"20210114132020","is_ascension_mode":false,"campfire_choices":[{"floor":10.0,"key":"REST"},{"floor":13.0,"key":"REST"},{"floor":15.0,"key":"RECALL"},{"floor":24.0,"key":"REST"},{"floor":29.0,"key":"REST"},{"floor":32.0,"key":"REST"},{"floor":40.0,"key":"REST"},{"floor":46,"key":"REST"},{"data":"Luminous:Mirror_Force_Luminous","floor":49,"key":"SMITH"}],"circlet_count":0,"master_deck":["Luminous:Light_Flash_Shower","Luminous:Light_Flash_Shower","Luminous:Light_Flash_Shower+1","Luminous:Dark_Abyssal_Drop","Luminous:Dark_Abyssal_Drop+1","Luminous:Dark_Abyssal_Drop","Luminous:Defend_Luminous","Luminous:Defend_Luminous","Luminous:Defend_Luminous","Luminous:Defend_Luminous","Luminous:Switch_Luminous","Luminous:Dark_Raid","Luminous:Dark_Morning_Star","Luminous:Light_Sylvan_Lance+1","Luminous:Erosion_Luminous","Midas Touch","Luminous:Light_Track+1","Luminous:Light_Wash_Luminous","Luminous:Light_Gather","Luminous:Mana_Overload_Luminous","Luminous:Mirror_Force_Luminous+1","Luminous:Dark_Crescendo_Luminous","Luminous:Abyss_Heart_Luminous","Luminous:Flash_Blink_Luminous","Luminous:Sympathy_Luminous+1","Slimebound:CheckThePlaybook","Luminous:Mirror_Force_Luminous","Luminous:Light_Glare+1","Luminous:Freud_Wisdom1_Luminous","Luminous:Light_Glare+1","Luminous:Light_Wash_Luminous","Luminous:Light_Glare+1","Luminous:Lunar_Tide_Luminous","Luminous:Sympathy_Luminous","Luminous:Reverse_Spell_Luminous+1","Luminous:Phantom_Treasure_Luminous+1"],"relics":["Luminous:MirrorRelic","NeowsBlessing","Gambling Chip","ReplayTheSpireMod:CursedCoin","Replay:Baseball","Gremlin Horn","Meat on the Bone","Ectoplasm","Prayer Wheel","Quantum Egg","Replay:WaspNest","Iron Hammer","MawBank","Replay:Grab Bag","Replay:Wanted Poster","Busted Crown","Runic Pyramid","Ring of Peace","Shuriken","Red Mask"],"acts_visited":["Exordium","TheCity","TheBeyond"],"potions_floor_usage":[50],"damage_taken":[{"damage":0.0,"enemies":"Cultist","floor":1.0,"turns":1.0},{"damage":0.0,"enemies":"Jaw Worm","floor":2.0,"turns":1.0},{"damage":0.0,"enemies":"Small Slimes","floor":4.0,"turns":1.0},{"damage":38.0,"enemies":"Lagavulin","floor":6.0,"turns":8.0},{"damage":5.0,"enemies":"Exordium Wildlife","floor":11.0,"turns":6.0},{"damage":0.0,"enemies":"Large Slime","floor":12.0,"turns":4.0},{"damage":14.0,"enemies":"Gremlin Nob","floor":14.0,"turns":4.0},{"damage":41.0,"enemies":"Slime Boss","floor":16.0,"turns":10.0},{"damage":17.0,"enemies":"3 Byrds","floor":18.0,"turns":4.0},{"damage":1.0,"enemies":"2 Thieves","floor":20.0,"turns":3.0},{"damage":12.0,"enemies":"Centurion and Healer","floor":21.0,"turns":5.0},{"damage":38.0,"enemies":"Slavers","floor":23.0,"turns":6.0},{"damage":24.0,"enemies":"Cultist and Chosen","floor":25.0,"turns":7.0},{"damage":19.0,"enemies":"Replay:Snechameleon","floor":30.0,"turns":5.0},{"damage":17.0,"enemies":"Shelled Parasite and Fungi","floor":31.0,"turns":5.0},{"damage":14.0,"enemies":"Collector","floor":33.0,"turns":9.0},{"damage":51.0,"enemies":"3 Darklings","floor":35.0,"turns":4.0},{"damage":1.0,"enemies":"Orb Walker","floor":38.0,"turns":5.0},{"damage":20.0,"enemies":"3 Darklings","floor":39.0,"turns":4.0},{"damage":16,"enemies":"Transient","floor":44,"turns":5},{"damage":4,"enemies":"Maw","floor":48,"turns":7},{"damage":24,"enemies":"Donu and Deca","floor":50,"turns":8}],"seed_played":"-7329589926688683885","potions_obtained":[{"floor":2.0,"key":"PowerPotion"},{"floor":4.0,"key":"Guardian:BlockOnCardUsePotion"},{"floor":19.0,"key":"EntropicBrew"},{"floor":19.0,"key":"FearPotion"},{"floor":20.0,"key":"Block Potion"},{"floor":21.0,"key":"Weak Potion"},{"floor":25.0,"key":"Regen Potion"},{"floor":35.0,"key":"Elixir"},{"floor":38.0,"key":"Ancient Potion"}],"is_trial":false,"path_per_floor":["M","M","?","M","?","E","?","$","T","R","M","M","R","E","R","B",null,"M","?","M","M","?","E","R","M","T","T","?","R","E","M","R","B",null,"M","?","?","M","M","R","?","$","T","M","?","R","$","M","R","B",null],"character_chosen":"LuminousClass","items_purchased":["ReplayTheSpireMod:CursedCoin","Replay:Baseball","Midas Touch","Luminous:Light_Track+1","Luminous:Light_Wash_Luminous"],"campfire_rested":7,"item_purchase_floors":[8,8,8,8,8],"current_hp_per_floor":[75,75,75,75,68,30,15,15,15,37,36,36,58,44,44,15,75,58,58,57,45,45,19,41,34,34,34,34,54,44,39,59,45,68,38,38,38,41,33,53,53,53,53,45,45,65,65,65,65,45],"gold":0,"neow_bonus":"THREE_ENEMY_KILL","is_daily":false,"chose_seed":false,"campfire_upgraded":1,"win_rate":0.0,"timestamp":1610626820,"path_taken":["M","M","?","?","?","E","?","?","T","R","M","M","R","E","R","BOSS","M","?","?","M","?","E","R","M","T","?","?","R","E","?","R","BOSS","M","?","?","?","M","R","?","?","T","M","?","R","$","M","R","BOSS"],"items_purchased_type":["Relic","Relic","Card","Card","Card"],"build_version":"2020-12-22","purchased_purges":1,"victory":true,"max_hp_per_floor":[75,75,75,75,75,75,75,75,75,75,75,75,75,75,75,75,75,75,75,75,75,75,75,75,75,75,75,68,68,68,68,68,68,68,68,68,68,68,68,68,68,68,68,68,68,68,68,68,68,68],"relic_stats":{"Busted Crown":22,"Gremlin Horn":[21,21],"counters":[22,112],"Shuriken":[6],"Gambling Chip":[57],"Prayer Wheel":7,"Ectoplasm":764,"MawBank":0,"obtain_stats":[{"NeowsBlessing":0,"Gremlin Horn":9,"ReplayTheSpireMod:CursedCoin":8,"Quantum Egg":23,"Replay:Grab Bag":34,"Replay:WaspNest":26,"Luminous:MirrorRelic":0,"MawBank":30,"Replay:Wanted Poster":34,"Replay:Baseball":8,"Busted Crown":34,"Shuriken":43,"Gambling Chip":6,"Ring of Peace":36,"Prayer Wheel":22,"Ectoplasm":17,"Iron Hammer":27,"Red Mask":45,"Meat on the Bone":14,"Runic Pyramid":34},{"NeowsBlessing":0,"Gremlin Horn":4,"ReplayTheSpireMod:CursedCoin":4,"Quantum Egg":12,"Replay:Grab Bag":16,"Replay:WaspNest":13,"Luminous:MirrorRelic":0,"MawBank":14,"Replay:Wanted Poster":16,"Replay:Baseball":4,"Busted Crown":16,"Shuriken":19,"Gambling Chip":4,"Ring of Peace":17,"Prayer Wheel":11,"Ectoplasm":8,"Iron Hammer":13,"Red Mask":20,"Meat on the Bone":7,"Runic Pyramid":16},{"NeowsBlessing":0,"Gremlin Horn":11,"ReplayTheSpireMod:CursedCoin":11,"Quantum Egg":53,"Replay:Grab Bag":79,"Replay:WaspNest":60,"Luminous:MirrorRelic":0,"MawBank":65,"Replay:Wanted Poster":79,"Replay:Baseball":11,"Busted Crown":79,"Shuriken":92,"Gambling Chip":11,"Ring of Peace":83,"Prayer Wheel":47,"Ectoplasm":35,"Iron Hammer":60,"Red Mask":97,"Meat on the Bone":25,"Runic Pyramid":79}],"Meat on the Bone":72},"card_choices":[{"not_picked":["Luminous:Blinding_Pillar_Luminous","Luminous:Reverse_Spell_Luminous"],"picked":"Luminous:Dark_Raid","floor":1.0},{"not_picked":["Luminous:Dark_Pressure_Void","Luminous:Sympathy_Luminous"],"picked":"Luminous:Dark_Morning_Star","floor":2.0},{"not_picked":["Luminous:Accumulation_Luminous","Luminous:Dark_Dim_Erosion"],"picked":"Luminous:Light_Sylvan_Lance","floor":4.0},{"not_picked":["Luminous:Light_Ray_of_Redemption","Luminous:Blinding_Pillar_Luminous"],"picked":"Luminous:Erosion_Luminous","floor":6.0},{"not_picked":["Luminous:Light_Disperse","Luminous:Dark_Dim_Erosion"],"picked":"Luminous:Light_Gather","floor":11.0},{"not_picked":["Luminous:Photic_Meditation_Luminous","Luminous:Dark_Dim_Erosion"],"picked":"Luminous:Mana_Overload_Luminous","floor":12.0},{"not_picked":["Luminous:Light_Glare","Luminous:Hero_Will_Luminous"],"picked":"Luminous:Mirror_Force_Luminous","floor":14.0},{"not_picked":["Luminous:Erosion_Luminous","Luminous:Date_of_Light_Luminous"],"picked":"Luminous:Dark_Crescendo_Luminous","floor":16.0},{"not_picked":["Luminous:Light_Gather+1","Luminous:Concentrate_Luminous"],"picked":"Luminous:Abyss_Heart_Luminous","floor":18.0},{"not_picked":["Luminous:Dark_Extract","Luminous:Light_Sylvan_Lance"],"picked":"Luminous:Flash_Blink_Luminous","floor":20.0},{"not_picked":["Luminous:Dark_Pressure_Void+1","Luminous:Dark_Raid"],"picked":"Luminous:Sympathy_Luminous+1","floor":21.0},{"not_picked":["Luminous:Blinding_Pillar_Luminous","Luminous:Dark_Dim_Erosion+1","Luminous:Light_Sylvan_Lance"],"picked":"SKIP","floor":23.0},{"not_picked":["Luminous:Light_Glare","Luminous:Reverse_Spell_Luminous+1"],"picked":"Luminous:Darks_Surge_Luminous","floor":25.0},{"not_picked":["Luminous:Light_Disperse","Luminous:Blinding_Pillar_Luminous","Luminous:Light_Gather+1"],"picked":"SKIP","floor":25.0},{"not_picked":["Luminous:Dark_Apocalypse","Luminous:Light_Sylvan_Lance"],"picked":"Luminous:Mirror_Force_Luminous","floor":30.0},{"not_picked":["Luminous:Sympathy_Luminous","Luminous:Dark_Moonlight_Spear"],"picked":"Luminous:Light_Glare+1","floor":31.0},{"not_picked":["Luminous:Reverse_Spell_Luminous","Luminous:Dark_Raid","Luminous:Blinding_Pillar_Luminous"],"picked":"SKIP","floor":31.0},{"not_picked":["Luminous:Date_of_Light_Luminous","Luminous:Dark_Crescendo_Luminous"],"picked":"Luminous:Freud_Wisdom1_Luminous","floor":33.0},{"not_picked":[],"picked":"Luminous:Light_Glare+1","floor":35.0},{"not_picked":["Luminous:Blinding_Pillar_Luminous+1"],"picked":"SKIP","floor":35.0},{"not_picked":[],"picked":"Luminous:Light_Wash_Luminous","floor":38.0},{"not_picked":["Luminous:Dark_Dim_Erosion+1"],"picked":"SKIP","floor":38.0},{"not_picked":[],"picked":"Luminous:Light_Glare+1","floor":39.0},{"not_picked":[],"picked":"Luminous:Lunar_Tide_Luminous","floor":39.0},{"not_picked":[],"picked":"Luminous:Sympathy_Luminous","floor":44},{"not_picked":[],"picked":"Luminous:Reverse_Spell_Luminous+1","floor":44},{"not_picked":[],"picked":"Luminous:Phantom_Treasure_Luminous+1","floor":48},{"not_picked":["Luminous:Light_Track"],"picked":"SKIP","floor":48}],"player_experience":156719,"relics_obtained":[{"floor":6.0,"key":"Gambling Chip"},{"floor":9.0,"key":"Gremlin Horn"},{"floor":14.0,"key":"Meat on the Bone"},{"floor":23.0,"key":"Quantum Egg"},{"floor":26.0,"key":"Replay:WaspNest"},{"floor":27.0,"key":"Iron Hammer"},{"floor":30.0,"key":"MawBank"},{"floor":36.0,"key":"Ring of Peace"},{"floor":43,"key":"Shuriken"}],"event_choices":[{"damage_healed":0.0,"max_hp_gain":0.0,"max_hp_loss":0.0,"gold_gain":275.0,"event_name":"Golden Shrine","player_choice":"Desecrate","floor":3.0,"gold_loss":0.0,"damage_taken":0.0,"cards_obtained":["Regret"]},{"cards_removed":["Regret"],"damage_healed":0.0,"max_hp_gain":0.0,"max_hp_loss":0.0,"gold_gain":0.0,"event_name":"Golden Wing","player_choice":"Card Removal","floor":5.0,"gold_loss":0.0,"damage_taken":7.0},{"damage_healed":0.0,"max_hp_gain":0.0,"max_hp_loss":0.0,"gold_gain":0.0,"event_name":"Shining Light","player_choice":"Entered Light","floor":7.0,"gold_loss":0.0,"damage_taken":15.0,"cards_upgraded":["Luminous:Light_Flash_Shower","Luminous:Dark_Abyssal_Drop"]},{"damage_healed":0.0,"max_hp_gain":0.0,"max_hp_loss":0.0,"gold_gain":0.0,"event_name":"The Woman in Blue","player_choice":"Bought 2 Potions","floor":19.0,"gold_loss":0.0,"damage_taken":0.0},{"cards_removed":["Luminous:Darks_Surge_Luminous"],"damage_healed":0.0,"max_hp_gain":0.0,"max_hp_loss":0.0,"gold_gain":0.0,"event_name":"Designer","player_choice":"Upgrade and Remove","floor":37.0,"gold_loss":90.0,"damage_taken":0.0,"cards_upgraded":["Luminous:Light_Sylvan_Lance"]},{"damage_healed":0,"gold_gain":0,"player_choice":"Ignored","damage_taken":0,"max_hp_gain":0,"max_hp_loss":0,"event_name":"Mysterious Sphere","floor":41,"gold_loss":0},{"damage_healed":0,"gold_gain":0,"player_choice":"Paid","damage_taken":0,"relics_obtained":["Red Mask"],"max_hp_gain":0,"max_hp_loss":0,"event_name":"Tomb of Lord Red Mask","floor":45,"gold_loss":96}],"is_beta":false,"boss_relics":[{"not_picked":["Runic Dome","Cursed Key"],"picked":"Ectoplasm"},{"not_picked":["Abe\u0027s Treasure","Replay:Drink Me"],"picked":"Replay:Grab Bag"},{"not_picked":["ReplayTheSpireMod:Onyx Gauntlets","Velvet Choker"],"picked":"Replay:Wanted Poster"},{"not_picked":["Sozu","ReplayTheSpireMod:DimensionalGlitch"],"picked":"Busted Crown"},{"not_picked":["Snecko Eye","Empty Cage"],"picked":"Runic Pyramid"}],"items_purged_floors":[8],"is_endless":false,"potions_floor_spawned":[2,4,20,21,25,35,38],"ascension_level":0}}