{"host":"daa8jqyg4gqfaysm","time":1610653082,"event":{"mods":["BaseMod","Colored Powertips","Minty Spire (QoL Compilation)","StSLib"],"gold_per_floor":[116,134,152,162,176,176,207,227,227,238,238,250,250,279,279,356,356,366,381,2,18,33,33,58,58,109,128,128,163,263,274,274,346,346,366,47,72,0,0,25,25,54,124,124,137,137,4,4,4,4,4,4,4,4,39,39],"floor_reached":57,"language":"ENG","playtime":1978,"items_purged":["Strike_G","Strike_G"],"score":2874,"play_id":"e24bf1c4-5a6c-4747-ae8d-a4908fc3ab3a","local_time":"20210115033802","is_ascension_mode":true,"campfire_choices":[{"data":"Glass Knife","floor":6.0,"key":"SMITH"},{"data":"Malaise","floor":13.0,"key":"SMITH"},{"data":"Caltrops","floor":15.0,"key":"SMITH"},{"floor":23.0,"key":"REST"},{"floor":25.0,"key":"RECALL"},{"floor":28.0,"key":"REST"},{"floor":32.0,"key":"REST"},{"floor":41.0,"key":"REST"},{"data":"Strike_G","floor":44.0,"key":"PURGE"},{"data":"Strike_G","floor":46.0,"key":"PURGE"},{"data":"Defend_G","floor":49.0,"key":"PURGE"},{"data":"Blade Dance+1","floor":53.0,"key":"PURGE"}],"circlet_count":0,"master_deck":["AscendersBane","Defend_G","Defend_G","Defend_G","Defend_G+1","Survivor","Neutralize","Poisoned Stab","Glass Knife+1","Caltrops+1","Quick Slash","Escape Plan","Malaise+1","Crippling Poison+1","Crippling Poison+1","Deadly Poison+1","Corpse Explosion+1","PiercingWail+1","Dagger Spray+1","Calculated Gamble+1","Acrobatics+1","Backflip+1","Burst+1","Catalyst+1","Acrobatics+1","Die Die Die+1","Catalyst+1","Panacea+1","PiercingWail+1","Well Laid Plans"],"relics":["Ring of the Snake","Anchor","Toxic Egg 2","StoneCalendar","Smiling Mask","Fusion Hammer","Paper Crane","Ancient Tea Set","War Paint","Molten Egg 2","The Specimen","Darkstone Periapt","SlaversCollar","Snake Skull","FossilizedHelix","Red Mask","Question Card","Peace Pipe","Ice Cream"],"acts_visited":["Exordium","TheCity","TheBeyond","TheEnding"],"potions_floor_usage":[],"damage_taken":[{"damage":11.0,"enemies":"Cultist","floor":1.0,"turns":5.0},{"damage":5.0,"enemies":"Small Slimes","floor":2.0,"turns":4.0},{"damage":2.0,"enemies":"2 Louse","floor":3.0,"turns":5.0},{"damage":19.0,"enemies":"Large Slime","floor":4.0,"turns":6.0},{"damage":6.0,"enemies":"2 Fungi Beasts","floor":5.0,"turns":3.0},{"damage":17.0,"enemies":"Lagavulin","floor":7.0,"turns":6.0},{"damage":0.0,"enemies":"Looter","floor":8.0,"turns":2.0},{"damage":6.0,"enemies":"Exordium Thugs","floor":10.0,"turns":3.0},{"damage":2.0,"enemies":"3 Louse","floor":12.0,"turns":4.0},{"damage":11.0,"enemies":"Gremlin Nob","floor":14.0,"turns":3.0},{"damage":11.0,"enemies":"Hexaghost","floor":16.0,"turns":8.0},{"damage":0.0,"enemies":"2 Thieves","floor":18.0,"turns":2.0},{"damage":0.0,"enemies":"Spheric Guardian","floor":19.0,"turns":3.0},{"damage":6.0,"enemies":"Cultist and Chosen","floor":21.0,"turns":5.0},{"damage":11.0,"enemies":"Chosen and Byrds","floor":22.0,"turns":6.0},{"damage":18.0,"enemies":"Slavers","floor":24.0,"turns":5.0},{"damage":0.0,"enemies":"Sentry and Sphere","floor":27.0,"turns":2.0},{"damage":0.0,"enemies":"Gremlin Leader","floor":29.0,"turns":4.0},{"damage":4.0,"enemies":"Colosseum Slavers","floor":30.0,"turns":3.0},{"damage":0.0,"enemies":"Colosseum Nobs","floor":30.0,"turns":2.0},{"damage":2.0,"enemies":"Centurion and Healer","floor":31.0,"turns":3.0},{"damage":27.0,"enemies":"Automaton","floor":33.0,"turns":6.0},{"damage":11.0,"enemies":"3 Shapes","floor":35.0,"turns":4.0},{"damage":1.0,"enemies":"Mind Bloom Boss Battle","floor":37.0,"turns":4.0},{"damage":0.0,"enemies":"Reptomancer","floor":40.0,"turns":3.0},{"damage":0.0,"enemies":"Giant Head","floor":42.0,"turns":4.0},{"damage":0.0,"enemies":"Orb Walker","floor":45.0,"turns":1.0},{"damage":33.0,"enemies":"Awakened One","floor":50.0,"turns":9.0},{"damage":8.0,"enemies":"Donu and Deca","floor":51.0,"turns":5.0},{"damage":15.0,"enemies":"Shield and Spear","floor":55.0,"turns":5.0},{"damage":35,"enemies":"The Heart","floor":56,"turns":4}],"seed_played":"4316252389717063203","potions_obtained":[{"floor":0.0,"key":"FairyPotion"},{"floor":0.0,"key":"Regen Potion"},{"floor":3.0,"key":"EssenceOfSteel"},{"floor":7.0,"key":"EntropicBrew"},{"floor":16.0,"key":"SkillPotion"},{"floor":19.0,"key":"SmokeBomb"},{"floor":21.0,"key":"Poison Potion"},{"floor":27.0,"key":"GamblersBrew"},{"floor":31.0,"key":"BlessingOfTheForge"},{"floor":45.0,"key":"AttackPotion"}],"is_trial":false,"path_per_floor":["M","M","M","M","M","R","E","M","T","M","T","M","R","E","R","B",null,"M","M","$","M","M","R","E","R","T","M","R","E","?","M","R","B",null,"M","$","?","?","?","E","R","E","T","R","M","R","$","?","R","B","B",null,"R","$","E","B",null],"character_chosen":"THE_SILENT","items_purchased":["Calculated Gamble+1","Acrobatics+1","Paper Crane","Snake Skull","Panacea+1","Well Laid Plans"],"campfire_rested":4,"item_purchase_floors":[20,20,20,36,36,47],"current_hp_per_floor":[48,43,55,36,30,30,13,13,13,7,7,5,5,19,19,8,52,52,52,52,46,35,54,51,51,51,51,66,66,62,60,66,39,59,48,48,47,47,47,47,63,63,63,63,63,63,63,63,63,30,22,53,53,53,38,3],"gold":39,"neow_bonus":"THREE_SMALL_POTIONS","is_daily":false,"chose_seed":false,"campfire_upgraded":3,"win_rate":0.0,"timestamp":1610653082,"path_taken":["M","?","M","M","M","R","E","M","T","M","?","M","R","E","R","BOSS","M","M","$","?","M","R","E","R","T","M","R","E","?","M","R","BOSS","M","$","?","?","?","E","R","E","T","R","M","R","$","?","R","BOSS","BOSS","R","$","E","BOSS"],"items_purchased_type":["Card","Card","Relic","Relic","Card","Card"],"build_version":"2020-12-22","purchased_purges":2,"victory":true,"max_hp_per_floor":[66,66,66,66,66,66,66,66,66,66,66,66,66,66,66,66,66,66,66,66,66,66,66,66,66,66,66,66,66,66,66,66,66,66,66,66,66,66,63,63,63,63,63,63,63,63,63,63,63,63,63,63,63,63,63,63],"card_choices":[{"not_picked":["Underhanded Strike","Cloak And Dagger"],"picked":"Poisoned Stab","floor":1.0},{"not_picked":["Bane","Endless Agony"],"picked":"Glass Knife","floor":2.0},{"not_picked":["Dodge and Roll","Riddle With Holes"],"picked":"Caltrops","floor":3.0},{"not_picked":["Backflip","Noxious Fumes"],"picked":"Quick Slash","floor":4.0},{"not_picked":["Quick Slash","Deflect"],"picked":"Escape Plan","floor":5.0},{"not_picked":["Well Laid Plans","Prepared"],"picked":"Malaise","floor":7.0},{"not_picked":["Deflect","Outmaneuver"],"picked":"Crippling Poison","floor":8.0},{"not_picked":["Underhanded Strike","Expertise+1"],"picked":"Blade Dance+1","floor":10.0},{"not_picked":["Deflect+1","Envenom"],"picked":"Crippling Poison+1","floor":12.0},{"not_picked":["PiercingWail+1","Well Laid Plans"],"picked":"Deadly Poison+1","floor":14.0},{"not_picked":["Night Terror+1","Unload"],"picked":"Corpse Explosion+1","floor":16.0},{"not_picked":["Backstab","Bane"],"picked":"PiercingWail+1","floor":18.0},{"not_picked":["Quick Slash","Underhanded Strike+1"],"picked":"Dagger Spray+1","floor":19.0},{"not_picked":["Blade Dance+1","All Out Attack","Crippling Poison+1"],"picked":"SKIP","floor":21.0},{"not_picked":["Deadly Poison+1","Cloak And Dagger+1"],"picked":"Backflip+1","floor":22.0},{"not_picked":["Flechettes","Deadly Poison+1","Outmaneuver+1"],"picked":"SKIP","floor":24.0},{"not_picked":["Dodge and Roll+1","Escape Plan+1"],"picked":"Burst+1","floor":27.0},{"not_picked":["Heel Hook+1","Cloak And Dagger+1"],"picked":"Catalyst+1","floor":29.0},{"not_picked":["Slice+1","Poisoned Stab+1"],"picked":"Acrobatics+1","floor":30.0},{"not_picked":["Infinite Blades","Blade Dance+1","Outmaneuver+1"],"picked":"SKIP","floor":31.0},{"not_picked":["Corpse Explosion+1","Glass Knife+1"],"picked":"Die Die Die+1","floor":33.0},{"not_picked":["Terror+1","Crippling Poison+1"],"picked":"Catalyst+1","floor":35.0},{"not_picked":["Noxious Fumes","Riddle With Holes+1"],"picked":"PiercingWail+1","floor":40.0},{"not_picked":["Outmaneuver+1","Eviscerate+1","Bane+1","Envenom"],"picked":"SKIP","floor":42.0},{"not_picked":["Flying Knee+1","Bane+1","Choke+1","Dagger Spray+1"],"picked":"SKIP","floor":45.0},{"not_picked":["Flying Knee+1","Bane+1","Choke+1","Dagger Spray+1"],"picked":"SKIP","floor":45.0},{"not_picked":["Flying Knee+1","Bane+1","Choke+1","Dagger Spray+1"],"picked":"SKIP","floor":45.0},{"not_picked":["Blade Dance+1","Venomology+1","Backstab+1","Distraction+1"],"picked":"SKIP","floor":55.0}],"player_experience":824156,"relics_obtained":[{"floor":7.0,"key":"Anchor"},{"floor":9.0,"key":"Toxic Egg 2"},{"floor":11.0,"key":"StoneCalendar"},{"floor":14.0,"key":"Smiling Mask"},{"floor":24.0,"key":"Ancient Tea Set"},{"floor":26.0,"key":"War Paint"},{"floor":29.0,"key":"Molten Egg 2"},{"floor":30.0,"key":"The Specimen"},{"floor":30.0,"key":"Darkstone Periapt"},{"floor":37.0,"key":"FossilizedHelix"},{"floor":40.0,"key":"Question Card"},{"floor":42.0,"key":"Peace Pipe"},{"floor":55.0,"key":"Ice Cream"}],"event_choices":[{"damage_healed":0.0,"max_hp_gain":0.0,"max_hp_loss":0.0,"gold_gain":0.0,"event_name":"Colosseum","player_choice":"Fight","floor":30.0,"gold_loss":0.0,"damage_taken":0.0},{"damage_healed":0.0,"max_hp_gain":0.0,"max_hp_loss":0.0,"gold_gain":0.0,"event_name":"Colosseum","player_choice":"Fought Nobs","floor":30.0,"gold_loss":0.0,"damage_taken":0.0},{"damage_healed":0.0,"max_hp_gain":0.0,"max_hp_loss":0.0,"gold_gain":0.0,"event_name":"MindBloom","player_choice":"Fight","floor":37.0,"gold_loss":0.0,"damage_taken":0.0},{"damage_healed":0.0,"max_hp_gain":0.0,"max_hp_loss":0.0,"gold_gain":0.0,"event_name":"Tomb of Lord Red Mask","player_choice":"Paid","floor":38.0,"gold_loss":72.0,"damage_taken":0.0,"relics_obtained":["Red Mask"]},{"damage_healed":0.0,"max_hp_gain":0.0,"max_hp_loss":3.0,"gold_gain":0.0,"event_name":"Winding Halls","player_choice":"Max HP","floor":39.0,"gold_loss":0.0,"damage_taken":0.0},{"cards_removed":["Strike_G"],"damage_healed":0.0,"max_hp_gain":0.0,"max_hp_loss":0.0,"gold_gain":0.0,"event_name":"Falling","player_choice":"Removed Attack","floor":48.0,"gold_loss":0.0,"damage_taken":0.0}],"is_beta":false,"boss_relics":[{"not_picked":["Tiny House","Busted Crown"],"picked":"Fusion Hammer"},{"not_picked":["Velvet Choker","Runic Dome"],"picked":"SlaversCollar"}],"items_purged_floors":[36,47],"is_endless":false,"potions_floor_spawned":[2,3,7,8,12,16,19,21,27,30,31,33,40,45],"ascension_level":20}}