{"host":"saki","time":1610614355,"event":{"mods":["BaseMod","Marisa（F雨　魔理沙）","Minty Spire (QoL Compilation)","StSLib","TestMod","Waifu the Spire"],"gold_per_floor":[116,116,140,140,540,540,540,564,587,587,610,625,661,133,133,252,252,276,300,315,315,331,331,349,383,410,450,273,296,133,158,158,286,286,300,300,323,323,348,348,348],"floor_reached":40,"language":"ZHS","playtime":2054,"items_purged":["Strike_MRS","Strike_MRS","Strike_MRS"],"score":830,"play_id":"ae55b3da-6514-4bf9-9c96-215566d75979","local_time":"20210114165235","is_ascension_mode":true,"campfire_choices":[{"data":"DarkMatter","floor":6,"key":"SMITH"},{"data":"AsteroidBelt","floor":10,"key":"SMITH"},{"data":"EnergyFlow","floor":15,"key":"SMITH"},{"data":"OortCloud","floor":23,"key":"SMITH"},{"data":"EnergyFlow","floor":32,"key":"SMITH"}],"circlet_count":0,"master_deck":["Defend_MRS+1","Defend_MRS","Defend_MRS","MasterSpark","UpSweep","PowerUp+1","DarkMatter+1","AsteroidBelt+1","EnergyFlow+1","DragonMeteor+1","GasGiant","OortCloud+1","WitchLeyline+1","PropBag","UnstableBomb+1","MagicAbsorber","MysteriousBeam+1","MilkyWay","PulseMagic+1","BlazingStar+1","EnergyFlow+1","SprinkleStarSeal","SuperNova","SuperPerseids","WitchLeyline+1"],"relics":["MiniHakkero","testmod-BouquetWithThorns","Golden Idol","Molten Egg 2","Vajra","War Paint","testmod-Nyarlathotep","testmod-Prudence","Happy Flower","MealTicket","Tiny Chest","testmod-IndustrialRevolution","Juzu Bracelet","Kunai"],"acts_visited":["Exordium","TheCity","TheBeyond"],"potions_floor_usage":[25,28,33,37,39,40],"damage_taken":[{"damage":2,"enemies":"Jaw Worm","floor":1,"turns":2},{"damage":4,"enemies":"2 Louse","floor":3,"turns":3},{"damage":0,"enemies":"Cultist","floor":8,"turns":3},{"damage":16,"enemies":"Gremlin Gang","floor":11,"turns":5},{"damage":0,"enemies":"Exordium Thugs","floor":12,"turns":6},{"damage":10,"enemies":"3 Sentries","floor":13,"turns":8},{"damage":0,"enemies":"The Guardian","floor":16,"turns":9},{"damage":0,"enemies":"Chosen","floor":18,"turns":6},{"damage":4,"enemies":"Spheric Guardian","floor":19,"turns":3},{"damage":9,"enemies":"Centurion and Healer","floor":20,"turns":5},{"damage":2,"enemies":"Snake Plant","floor":22,"turns":4},{"damage":7,"enemies":"Snecko","floor":24,"turns":4},{"damage":11,"enemies":"Slavers","floor":25,"turns":6},{"damage":27,"enemies":"Gremlin Leader","floor":27,"turns":6},{"damage":6,"enemies":"Centurion and Healer","floor":29,"turns":6},{"damage":26,"enemies":"Snake Plant","floor":31,"turns":2},{"damage":0,"enemies":"Champ","floor":33,"turns":7},{"damage":9,"enemies":"3 Shapes","floor":35,"turns":3},{"damage":16,"enemies":"Orb Walker","floor":37,"turns":3},{"damage":26,"enemies":"Maw","floor":39,"turns":7},{"damage":19,"enemies":"Reptomancer","floor":40,"turns":2}],"seed_played":"-7704574801313139603","potions_obtained":[{"floor":3,"key":"testmod-TimePotion"},{"floor":8,"key":"SpeedPotion"},{"floor":13,"key":"Weak Potion"},{"floor":24,"key":"DuplicationPotion"},{"floor":27,"key":"BlessingOfTheForge"},{"floor":29,"key":"PowerPotion"},{"floor":33,"key":"EssenceOfSteel"},{"floor":35,"key":"Strength Potion"},{"floor":37,"key":"LiquidMemories"}],"is_trial":false,"path_per_floor":["M","?","M","T","?","R","?","M","T","R","M","M","E","$","R","B",null,"M","M","M","?","M","R","M","E","T","E","$","M","$","M","R","B",null,"M","T","M","?","M","E"],"character_chosen":"MARISA","items_purchased":["testmod-Nyarlathotep","OortCloud","WitchLeyline+1","PropBag","testmod-SpacePotion","SprinkleStarSeal"],"campfire_rested":0,"item_purchase_floors":[14,14,14,14,28,30],"current_hp_per_floor":[66,66,62,62,62,62,62,62,62,62,46,46,36,36,36,36,61,61,57,48,79,77,77,70,59,59,32,47,41,56,30,30,30,67,58,58,42,42,16,0,0],"gold":348,"neow_bonus":"REMOVE_CARD","is_daily":false,"chose_seed":false,"campfire_upgraded":5,"win_rate":0.0,"timestamp":1610614355,"path_taken":["M","?","M","?","?","R","?","M","T","R","?","?","E","$","R","BOSS","M","M","M","?","M","R","M","E","T","E","$","?","?","?","R","BOSS","M","?","M","?","M","E"],"items_purchased_type":["Relic","Card","Card","Card","Potion","Card"],"build_version":"2020-12-18","purchased_purges":3,"victory":false,"max_hp_per_floor":[75,69,69,69,69,69,69,69,69,69,69,69,69,69,69,69,69,69,69,69,79,79,79,79,79,79,79,79,79,79,79,79,79,79,79,79,79,79,79,79,79],"card_choices":[{"not_picked":["Acceleration","DoubleSpark"],"picked":"PowerUp","floor":1},{"not_picked":["DC","GravityBeat"],"picked":"DarkMatter","floor":3},{"not_picked":["DoubleSpark+1","EventHorizon"],"picked":"AsteroidBelt","floor":8},{"not_picked":["6A+1","NonDirectionalLaser+1"],"picked":"EnergyFlow","floor":11},{"not_picked":["MysteriousBeam+1","PowerUp"],"picked":"DragonMeteor+1","floor":12},{"not_picked":["BigCrunch","Acceleration"],"picked":"GasGiant","floor":13},{"not_picked":["FinalSpark+1","BigCrunch"],"picked":"StarDustReverie","floor":16},{"not_picked":["GravityBeat+1","MagicChant"],"picked":"UnstableBomb+1","floor":18},{"not_picked":["DoubleSpark+1","GalacticHalo"],"picked":"MagicAbsorber","floor":19},{"not_picked":["ChargingUp","ShootTheMoon+1"],"picked":"MysteriousBeam+1","floor":20},{"not_picked":["FairyDestructionRay+1","GalacticHalo+1"],"picked":"MilkyWay","floor":22},{"not_picked":["MagicChant","ShootTheMoon+1"],"picked":"PulseMagic+1","floor":24},{"not_picked":["IllusionStar","NonDirectionalLaser+1","DC+1"],"picked":"SKIP","floor":25},{"not_picked":["GrandCross+1","DC+1"],"picked":"BlazingStar+1","floor":27},{"not_picked":["SporeBomb","UnstableBomb+1"],"picked":"EnergyFlow","floor":29},{"not_picked":["MysteriousBeam+1","WitchOfGreed","GalacticHalo+1"],"picked":"SKIP","floor":31},{"not_picked":["CollectingQuirk+1","SatelliteIllusion"],"picked":"SuperNova","floor":33},{"not_picked":["AsteroidBelt+1","RefractionSpark+1"],"picked":"SuperPerseids","floor":35},{"not_picked":["FairyDestructionRay+1","GrandCross+1"],"picked":"WitchLeyline+1","floor":37},{"not_picked":["AsteroidBelt+1","StarlightTyphoon","SporeBomb+1"],"picked":"SKIP","floor":39}],"player_experience":256126,"relics_obtained":[{"floor":4,"key":"Molten Egg 2"},{"floor":9,"key":"Vajra"},{"floor":13,"key":"War Paint"},{"floor":25,"key":"Happy Flower"},{"floor":26,"key":"MealTicket"},{"floor":27,"key":"Tiny Chest"},{"floor":36,"key":"testmod-IndustrialRevolution"}],"event_choices":[{"damage_healed":0,"gold_gain":0,"player_choice":"Lose Max HP","damage_taken":0,"relics_obtained":["Golden Idol"],"max_hp_gain":0,"max_hp_loss":6,"event_name":"Golden Idol","floor":2,"gold_loss":0},{"damage_healed":0,"gold_gain":400,"player_choice":"Sell","damage_taken":0,"max_hp_gain":0,"max_hp_loss":0,"event_name":"恩洛斯的盘子","floor":5,"relics_lost":["testmod-TestBox"],"gold_loss":0},{"cards_removed":["Defend_MRS"],"damage_healed":0,"gold_gain":0,"player_choice":"Card Removal","damage_taken":0,"max_hp_gain":0,"max_hp_loss":0,"event_name":"Wheel of Change","floor":7,"gold_loss":0},{"cards_removed":["StarDustReverie"],"damage_healed":21,"gold_gain":0,"player_choice":"Offered Rare","damage_taken":0,"max_hp_gain":10,"max_hp_loss":0,"event_name":"Bonfire Elementals","floor":21,"gold_loss":0},{"damage_healed":0,"gold_gain":0,"player_choice":"Swap Relic","damage_taken":0,"relics_obtained":["Juzu Bracelet"],"max_hp_gain":0,"max_hp_loss":0,"event_name":"给自己的盒子","floor":38,"relics_lost":["RampagingMagicTools"],"gold_loss":0}],"is_beta":true,"boss_relics":[{"not_picked":["testmod-StringDisintegrator","Sozu"],"picked":"testmod-Prudence"},{"not_picked":["Snecko Eye","Coffee Dripper"],"picked":"RampagingMagicTools"}],"items_purged_floors":[14,28,30],"is_endless":false,"potions_floor_spawned":[3,8,13,20,24,27,29,33,35,37],"killed_by":"Reptomancer","ascension_level":9}}