{"host":"dhlnk6yox2l1s6up","time":1610587500,"event":{"mods":["BaseMod","Colored Map","Highlight Path","Minty Spire (QoL Compilation)","Relic Stats","StSLib"],"gold_per_floor":[113,125,95,112,112,147,147,185,185,33,33,52,52,52,52],"floor_reached":14,"language":"ENG","playtime":555,"items_purged":[],"score":137,"play_id":"512257c4-f2e9-4e11-a912-6dca467e61e4","local_time":"20210113192500","is_ascension_mode":true,"campfire_choices":[{"floor":7,"key":"REST"},{"data":"Rip and Tear","floor":11,"key":"SMITH"}],"circlet_count":0,"master_deck":["Strike_B","Strike_B","Strike_B","Strike_B","Defend_B","Defend_B","Defend_B","Zap","Dualcast","Rip and Tear+1","Genetic Algorithm","Loop","Conserve Battery","Doom and Gloom","Leap"],"relics":["Cracked Core","Emotion Chip","Golden Idol","Art of War","Bottled Flame","Ornamental Fan","Sling"],"acts_visited":["Exordium"],"potions_floor_usage":[6,6,8,8],"damage_taken":[{"damage":7,"enemies":"Jaw Worm","floor":1,"turns":3},{"damage":0,"enemies":"Cultist","floor":2,"turns":3},{"damage":0,"enemies":"Small Slimes","floor":4,"turns":2},{"damage":29,"enemies":"3 Sentries","floor":6,"turns":6},{"damage":18,"enemies":"Lagavulin","floor":8,"turns":7},{"damage":1,"enemies":"Exordium Wildlife","floor":12,"turns":3},{"damage":27,"enemies":"Gremlin Nob","floor":14,"turns":3}],"seed_played":"-7764113124485006381","potions_obtained":[{"floor":1,"key":"Fire Potion"},{"floor":3,"key":"Energy Potion"},{"floor":3,"key":"PowerPotion"},{"floor":6,"key":"Dexterity Potion"}],"is_trial":false,"path_per_floor":["M","M","?","M","?","E","R","E","T","$","R","M","?","E"],"character_chosen":"DEFECT","items_purchased":["Sling"],"campfire_rested":1,"item_purchase_floors":[10],"current_hp_per_floor":[43,43,43,43,43,14,34,16,16,16,16,15,15,0,0],"gold":52,"neow_bonus":"ONE_RARE_RELIC","is_daily":false,"chose_seed":false,"campfire_upgraded":1,"win_rate":0.0,"timestamp":1610587500,"path_taken":["M","M","?","?","?","E","R","E","T","?","R","M","?","E"],"items_purchased_type":["Relic"],"build_version":"2020-12-22","purchased_purges":0,"victory":false,"max_hp_per_floor":[75,75,75,75,69,69,69,69,69,69,69,69,69,69,69],"relic_stats":{"Emotion Chip":[19,18,0,1,0],"counters":[7,26],"Golden Idol":19,"Ornamental Fan":[0],"Art of War":[2],"obtain_stats":[{"Emotion Chip":0,"Bottled Flame":8,"Golden Idol":5,"Ornamental Fan":9,"Art of War":6,"Cracked Core":0,"Sling":10},{"Emotion Chip":0,"Bottled Flame":5,"Golden Idol":3,"Ornamental Fan":5,"Art of War":4,"Cracked Core":0,"Sling":5},{"Emotion Chip":0,"Bottled Flame":21,"Golden Idol":8,"Ornamental Fan":21,"Art of War":14,"Cracked Core":0,"Sling":21}]},"card_choices":[{"not_picked":["Steam","Sweeping Beam"],"picked":"Rip and Tear","floor":1},{"not_picked":["Steam","Streamline"],"picked":"Genetic Algorithm","floor":2},{"not_picked":["Sweeping Beam","Rip and Tear"],"picked":"Loop","floor":4},{"not_picked":["Steam Power","Heatsinks"],"picked":"Conserve Battery","floor":6},{"not_picked":["Fusion","Multi-Cast"],"picked":"Doom and Gloom","floor":8},{"not_picked":["Sweeping Beam","Turbo"],"picked":"Leap","floor":12}],"player_experience":5781352,"relics_obtained":[{"floor":6,"key":"Art of War"},{"floor":8,"key":"Bottled Flame"},{"floor":9,"key":"Ornamental Fan"}],"event_choices":[{"damage_healed":0,"gold_gain":0,"player_choice":"Bought 2 Potions","damage_taken":0,"max_hp_gain":0,"max_hp_loss":0,"event_name":"The Woman in Blue","floor":3,"gold_loss":0},{"damage_healed":0,"gold_gain":0,"player_choice":"Lose Max HP","damage_taken":0,"relics_obtained":["Golden Idol"],"max_hp_gain":0,"max_hp_loss":6,"event_name":"Golden Idol","floor":5,"gold_loss":0},{"cards_removed":["Defend_B"],"damage_healed":0,"gold_gain":0,"player_choice":"Purged","damage_taken":0,"max_hp_gain":0,"max_hp_loss":0,"event_name":"Purifier","floor":13,"gold_loss":0}],"is_beta":false,"boss_relics":[],"items_purged_floors":[],"is_endless":false,"potions_floor_spawned":[1,6],"killed_by":"Gremlin Nob","ascension_level":8}}