{"host":"xh3brefae6wm9kl8","time":1610655884,"event":{"mods":["AchievementEnabler","BaseMod","GifTheSpireLib","Keyboard Shortcuts","Minty Spire (QoL Compilation)","Permanent Neow","Relic Stats","StSLib","SuperFastMode"],"gold_per_floor":[117,136,65,140,140,140,168,168,217,103,121,131,149,183,183,257,257,270,286,186,101,101,10,10,45,45,79,91,119,119,38,38,111,111,122,136,11,111,121,150,150,184,254,266,266,112,132,157,157,157,157,157,7,37,37],"floor_reached":56,"language":"KOR","playtime":2062,"items_purged":["Defend_G","Strike_G","Strike_G","Strike_G"],"score":2103,"play_id":"8dc0cbff-a41a-4446-8ca5-c6f9bebbed9e","local_time":"20210115052444","is_ascension_mode":true,"campfire_choices":[{"data":"Blade Dance","floor":6.0,"key":"SMITH"},{"data":"Footwork","floor":8.0,"key":"SMITH"},{"data":"Accuracy","floor":15.0,"key":"SMITH"},{"data":"Phantasmal Killer","floor":24.0,"key":"SMITH"},{"floor":30.0,"key":"REST"},{"data":"Wraith Form v2","floor":32.0,"key":"SMITH"},{"floor":41.0,"key":"RECALL"},{"data":"Blade Dance","floor":49.0,"key":"SMITH"},{"data":"Blade Dance","floor":52.0,"key":"SMITH"}],"circlet_count":0,"master_deck":["AscendersBane","Strike_G","Defend_G","Defend_G","Defend_G","Defend_G","Survivor","Neutralize","Poisoned Stab","Blade Dance+1","Finisher","Footwork+1","Accuracy+1","Backflip","Blade Dance+1","Phantasmal Killer+1","Wraith Form v2+1","Blade Dance+1","Blur+1","Finesse","Accuracy+1","Footwork+1","Escape Plan","Infinite Blades+1","Deflect+1","Dodge and Roll+1","Deflect","Blade Dance+1","Accuracy+1","Adrenaline","Footwork+1"],"relics":["Ring of the Snake","NeowsBlessing","Unceasing Top","Toy Ornithopter","StrikeDummy","SlaversCollar","Pantograph","Frozen Egg 2","HornCleat","Bag of Marbles","CaptainsWheel","Runic Pyramid","Ornamental Fan","Mummified Hand","Gambling Chip","Bottled Tornado"],"acts_visited":["Exordium","TheCity","TheBeyond","TheEnding"],"potions_floor_usage":[55,55,55,55,55,55],"damage_taken":[{"damage":0.0,"enemies":"Jaw Worm","floor":1.0,"turns":1.0},{"damage":0.0,"enemies":"Small Slimes","floor":2.0,"turns":1.0},{"damage":0.0,"enemies":"3 Sentries","floor":7.0,"turns":1.0},{"damage":6.0,"enemies":"Cultist","floor":11.0,"turns":3.0},{"damage":3.0,"enemies":"Blue Slaver","floor":12.0,"turns":3.0},{"damage":0.0,"enemies":"2 Fungi Beasts","floor":13.0,"turns":3.0},{"damage":30.0,"enemies":"Gremlin Nob","floor":14.0,"turns":4.0},{"damage":7.0,"enemies":"Hexaghost","floor":16.0,"turns":5.0},{"damage":7.0,"enemies":"Shell Parasite","floor":18.0,"turns":6.0},{"damage":20.0,"enemies":"3 Byrds","floor":19.0,"turns":4.0},{"damage":18.0,"enemies":"Slavers","floor":25.0,"turns":5.0},{"damage":0.0,"enemies":"Gremlin Leader","floor":27.0,"turns":5.0},{"damage":8.0,"enemies":"Snake Plant","floor":28.0,"turns":4.0},{"damage":14.0,"enemies":"Slavers","floor":29.0,"turns":2.0},{"damage":25.0,"enemies":"Automaton","floor":33.0,"turns":7.0},{"damage":10.0,"enemies":"3 Shapes","floor":35.0,"turns":2.0},{"damage":1.0,"enemies":"Orb Walker","floor":36.0,"turns":2.0},{"damage":3.0,"enemies":"Maw","floor":39.0,"turns":7.0},{"damage":0.0,"enemies":"Nemesis","floor":40.0,"turns":3.0},{"damage":1.0,"enemies":"Reptomancer","floor":42.0,"turns":6.0},{"damage":4.0,"enemies":"Transient","floor":44.0,"turns":5.0},{"damage":0.0,"enemies":"4 Shapes","floor":47.0,"turns":4.0},{"damage":0.0,"enemies":"Mind Bloom Boss Battle","floor":48.0,"turns":4.0},{"damage":20.0,"enemies":"Donu and Deca","floor":50.0,"turns":6.0},{"damage":0.0,"enemies":"Shield and Spear","floor":54.0,"turns":5.0},{"damage":1,"enemies":"The Heart","floor":55,"turns":7}],"seed_played":"4879038861681838269","potions_obtained":[{"floor":1.0,"key":"Explosive Potion"},{"floor":11.0,"key":"Ancient Potion"},{"floor":12.0,"key":"Strength Potion"},{"floor":14.0,"key":"DuplicationPotion"},{"floor":16.0,"key":"Weak Potion"},{"floor":19.0,"key":"Strength Potion"},{"floor":28.0,"key":"LiquidMemories"},{"floor":29.0,"key":"Swift Potion"},{"floor":42.0,"key":"FearPotion"},{"floor":44.0,"key":"EntropicBrew"}],"is_trial":false,"path_per_floor":["M","M","$","?","?","R","E","R","T","$","M","M","M","E","R","B",null,"M","M","$","?","?","$","R","E","T","E","M","E","R","$","R","B",null,"M","M","$","?","M","E","R","E","T","M","?","$","M","?","R","B",null,"R","$","E","B",null],"character_chosen":"THE_SILENT","items_purchased":["Finisher","Accuracy","Finesse","Infinite Blades+1","Adrenaline"],"campfire_rested":1,"item_purchase_floors":[3,10,23,31,46],"current_hp_per_floor":[59,59,59,48,48,48,48,48,48,48,42,39,39,9,9,12,53,46,26,26,26,48,48,48,30,30,30,22,13,32,32,32,32,58,48,47,47,47,44,44,44,48,48,44,44,44,44,66,66,46,61,61,61,61,65],"gold":37,"neow_bonus":"THREE_ENEMY_KILL","is_daily":false,"chose_seed":false,"campfire_upgraded":7,"win_rate":0.0,"timestamp":1610655884,"path_taken":["M","M","$","?","?","R","E","R","T","$","?","M","M","E","R","BOSS","M","M","$","?","?","?","R","E","T","E","M","E","R","$","R","BOSS","M","M","$","?","M","E","R","E","T","?","?","$","M","?","R","BOSS","R","$","E","BOSS"],"items_purchased_type":["Card","Card","Card","Card","Card"],"build_version":"2020-12-22","purchased_purges":4,"victory":true,"max_hp_per_floor":[66,66,66,66,66,66,66,66,66,66,66,66,66,66,66,66,66,66,66,66,66,66,66,66,66,66,66,66,66,66,66,66,66,66,66,66,66,66,66,66,66,66,66,66,66,66,66,66,66,66,66,66,66,66,66],"relic_stats":{"counters":[26,105],"Ornamental Fan":[164],"Mummified Hand":[44],"Pantograph":52,"Gambling Chip":[8],"obtain_stats":[{"NeowsBlessing":0,"Frozen Egg 2":25,"Bottled Tornado":54,"SlaversCollar":17,"CaptainsWheel":29,"HornCleat":26,"Ornamental Fan":40,"Mummified Hand":42,"Pantograph":21,"Gambling Chip":48,"Bag of Marbles":27,"StrikeDummy":14,"Unceasing Top":7,"Toy Ornithopter":9,"Ring of the Snake":0,"Runic Pyramid":34},{"NeowsBlessing":0,"Frozen Egg 2":11,"Bottled Tornado":25,"SlaversCollar":8,"CaptainsWheel":14,"HornCleat":11,"Ornamental Fan":19,"Mummified Hand":20,"Pantograph":10,"Gambling Chip":23,"Bag of Marbles":12,"StrikeDummy":7,"Unceasing Top":3,"Toy Ornithopter":3,"Ring of the Snake":0,"Runic Pyramid":15},{"NeowsBlessing":0,"Frozen Egg 2":36,"Bottled Tornado":98,"SlaversCollar":21,"CaptainsWheel":47,"HornCleat":36,"Ornamental Fan":68,"Mummified Hand":74,"Pantograph":31,"Gambling Chip":87,"Bag of Marbles":41,"StrikeDummy":16,"Unceasing Top":3,"Toy Ornithopter":3,"Ring of the Snake":0,"Runic Pyramid":54}],"Unceasing Top":[7],"Toy Ornithopter":20,"Ring of the Snake":[52]},"card_choices":[{"not_picked":["Endless Agony","Caltrops"],"picked":"Poisoned Stab","floor":1.0},{"not_picked":["Concentrate","Dagger Throw"],"picked":"Blade Dance","floor":2.0},{"not_picked":["Night Terror","Blade Dance"],"picked":"Footwork","floor":7.0},{"not_picked":["Slice","Predator","Poisoned Stab"],"picked":"SKIP","floor":11.0},{"not_picked":["Blur","Underhanded Strike"],"picked":"Backflip","floor":12.0},{"not_picked":["Deadly Poison","Deflect"],"picked":"Blade Dance","floor":13.0},{"not_picked":["Dodge and Roll","Flying Knee"],"picked":"Phantasmal Killer","floor":14.0},{"not_picked":["Doppelganger","Venomology"],"picked":"Wraith Form v2","floor":16.0},{"not_picked":["Flying Knee","PiercingWail"],"picked":"Blade Dance","floor":18.0},{"not_picked":["Flying Knee","Calculated Gamble"],"picked":"Blur+1","floor":19.0},{"not_picked":["Tools of the Trade+1","Deadly Poison+1"],"picked":"Accuracy+1","floor":25.0},{"not_picked":["Backflip","Dagger Spray"],"picked":"Footwork+1","floor":27.0},{"not_picked":["Dagger Spray","Acrobatics"],"picked":"Escape Plan","floor":28.0},{"not_picked":["Caltrops+1","Masterful Stab","Tactician"],"picked":"SKIP","floor":29.0},{"not_picked":["Bane+1","Leg Sweep"],"picked":"Deflect+1","floor":35.0},{"not_picked":["Poisoned Stab+1","Dagger Throw+1","PiercingWail"],"picked":"SKIP","floor":36.0},{"not_picked":["Flying Knee+1","Underhanded Strike+1"],"picked":"Dodge and Roll+1","floor":39.0},{"not_picked":["Footwork+1","Reflex"],"picked":"Deflect","floor":40.0},{"not_picked":["Escape Plan+1","Skewer"],"picked":"Blade Dance+1","floor":42.0},{"not_picked":["Slice+1","Sucker Punch"],"picked":"Accuracy+1","floor":44.0},{"not_picked":["Prepared","Dodge and Roll","Predator+1"],"picked":"SKIP","floor":47.0},{"not_picked":["Predator","Poisoned Stab"],"picked":"Footwork+1","floor":48.0},{"not_picked":["Leg Sweep","Flechettes","Eviscerate+1"],"picked":"SKIP","floor":54.0}],"player_experience":391597,"relics_obtained":[{"floor":7.0,"key":"Unceasing Top"},{"floor":9.0,"key":"Toy Ornithopter"},{"floor":14.0,"key":"StrikeDummy"},{"floor":25.0,"key":"Frozen Egg 2"},{"floor":26.0,"key":"HornCleat"},{"floor":27.0,"key":"Bag of Marbles"},{"floor":29.0,"key":"CaptainsWheel"},{"floor":40.0,"key":"Ornamental Fan"},{"floor":42.0,"key":"Mummified Hand"},{"floor":48.0,"key":"Gambling Chip"},{"floor":54.0,"key":"Bottled Tornado"}],"event_choices":[{"damage_healed":0.0,"max_hp_gain":0.0,"max_hp_loss":0.0,"gold_gain":75.0,"event_name":"World of Goop","player_choice":"Gather Gold","floor":4.0,"gold_loss":0.0,"damage_taken":11.0},{"cards_removed":["Strike_G"],"damage_healed":0.0,"max_hp_gain":0.0,"max_hp_loss":0.0,"gold_gain":0.0,"event_name":"Purifier","player_choice":"Purged","floor":5.0,"gold_loss":0.0,"damage_taken":0.0},{"damage_healed":0.0,"max_hp_gain":0.0,"max_hp_loss":0.0,"gold_gain":0.0,"event_name":"Addict","player_choice":"Obtained Relic","floor":21.0,"gold_loss":85.0,"damage_taken":0.0,"relics_obtained":["Pantograph"]},{"damage_healed":22.0,"max_hp_gain":0.0,"max_hp_loss":0.0,"gold_gain":0.0,"event_name":"The Library","player_choice":"Heal","floor":22.0,"gold_loss":0.0,"damage_taken":0.0},{"damage_healed":0.0,"max_hp_gain":0.0,"max_hp_loss":0.0,"gold_gain":100.0,"event_name":"Golden Shrine","player_choice":"Pray","floor":38.0,"gold_loss":0.0,"damage_taken":0.0},{"damage_healed":0.0,"max_hp_gain":0.0,"max_hp_loss":0.0,"gold_gain":0.0,"event_name":"Tomb of Lord Red Mask","player_choice":"Ignored","floor":45.0,"gold_loss":0.0,"damage_taken":0.0},{"damage_healed":0.0,"max_hp_gain":0.0,"max_hp_loss":0.0,"gold_gain":0.0,"event_name":"MindBloom","player_choice":"Fight","floor":48.0,"gold_loss":0.0,"damage_taken":0.0}],"is_beta":false,"boss_relics":[{"not_picked":["Runic Dome","Fusion Hammer"],"picked":"SlaversCollar"},{"not_picked":["Cursed Key","Ring of the Serpent"],"picked":"Runic Pyramid"}],"items_purged_floors":[10,20,37,53],"is_endless":false,"potions_floor_spawned":[1,11,12,14,16,19,28,29,42,44,48,54],"ascension_level":14}}