{"host":"8i4doyxqctgl5qb0","time":1610666708,"event":{"mods":["AchievementEnabler","BaseMod","Block Reminder","Colored Powertips","Downfall","Minty Spire (QoL Compilation)","Permanent Neow","Potion Indicator Mod","Rare Cards Sparkle","StSLib","SuperFastMode","The Jungle"],"gold_per_floor":[113,188,138,148,158,158,169,188,213,213,230,242,254,271,271,374,374,393,404,404,404],"floor_reached":20,"language":"ZHS","playtime":638,"items_purged":[],"score":249,"play_id":"6fbbe235-68df-4c6b-9c81-b20fc6e1e0ce","local_time":"20210115072508","is_ascension_mode":true,"campfire_choices":[{"data":"White Noise","floor":6.0,"key":"SMITH"},{"floor":10.0,"key":"REST"},{"floor":15.0,"key":"REST"}],"circlet_count":0,"master_deck":["Strike_B","Strike_B","Strike_B","Defend_B","Defend_B","Defend_B","Defend_B","Zap","Dualcast","White Noise+1","Turbo","Reinforced Body","Hologram","Conserve Battery","Conserve Battery","Hologram","Static Discharge","Machine Learning","Steam+1","Ball Lightning"],"relics":["Cracked Core","Bag of Marbles","Black Star"],"acts_visited":["Exordium","TheCity"],"potions_floor_usage":[],"damage_taken":[{"damage":11.0,"enemies":"Small Slimes","floor":1.0,"turns":4.0},{"damage":2.0,"enemies":"Jaw Worm","floor":4.0,"turns":3.0},{"damage":6.0,"enemies":"Cultist","floor":5.0,"turns":4.0},{"damage":5.0,"enemies":"Gremlin Gang","floor":7.0,"turns":2.0},{"damage":9.0,"enemies":"3 Louse","floor":8.0,"turns":3.0},{"damage":10.0,"enemies":"Looter","floor":11.0,"turns":4.0},{"damage":2.0,"enemies":"Exordium Wildlife","floor":12.0,"turns":4.0},{"damage":16.0,"enemies":"3 Louse","floor":13.0,"turns":6.0},{"damage":12.0,"enemies":"Gremlin Gang","floor":14.0,"turns":5.0},{"damage":35.0,"enemies":"Hexaghost","floor":16.0,"turns":11.0},{"damage":34,"enemies":"Chosen","floor":18,"turns":6},{"damage":8,"enemies":"3 Byrds","floor":19,"turns":4},{"damage":26,"enemies":"Snake Plant","floor":20,"turns":2}],"seed_played":"8686307274684150716","potions_obtained":[{"floor":4.0,"key":"PowerPotion"},{"floor":5.0,"key":"Block Potion"},{"floor":8.0,"key":"Swift Potion"},{"floor":13.0,"key":"SkillPotion"},{"floor":14.0,"key":"Fire Potion"},{"floor":18,"key":"EssenceOfSteel"}],"is_trial":false,"path_per_floor":["M","?","?","M","M","R","M","M","T","R","M","M","M","M","R","B",null,"M","M","M"],"character_chosen":"DEFECT","items_purchased":[],"campfire_rested":2,"item_purchase_floors":[],"current_hp_per_floor":[64,53,53,51,45,45,40,31,31,55,45,43,27,15,39,4,63,29,21,0,0],"gold":404,"neow_bonus":"TEN_PERCENT_HP_BONUS","is_daily":false,"chose_seed":false,"campfire_upgraded":1,"win_rate":0.0,"timestamp":1610666708,"path_taken":["M","?","?","M","M","R","M","M","T","R","M","?","M","?","R","BOSS","M","?","M"],"items_purchased_type":[],"build_version":"2020-12-22","purchased_purges":0,"victory":false,"max_hp_per_floor":[82,82,82,82,82,82,82,82,82,82,82,82,82,82,82,82,82,82,82,82,82],"card_choices":[{"not_picked":["Turbo","Genetic Algorithm"],"picked":"White Noise","floor":1.0},{"not_picked":["Undo","Cold Snap","Redo"],"picked":"SKIP","floor":4.0},{"not_picked":["Gash","Sweeping Beam"],"picked":"Turbo","floor":5.0},{"not_picked":["Coolheaded","Recycle"],"picked":"Reinforced Body","floor":7.0},{"not_picked":["Gash","Double Energy"],"picked":"Hologram","floor":8.0},{"not_picked":["Redo","Double Energy"],"picked":"Conserve Battery","floor":11.0},{"not_picked":["Cold Snap","Stack"],"picked":"Conserve Battery","floor":12.0},{"not_picked":["Aggregate","Rebound"],"picked":"Hologram","floor":13.0},{"not_picked":["Blizzard","Redo"],"picked":"Static Discharge","floor":14.0},{"not_picked":["Fission","Thunder Strike"],"picked":"Machine Learning","floor":16.0},{"not_picked":["Leap","Rebound"],"picked":"Steam+1","floor":18},{"not_picked":["Redo","Sweeping Beam"],"picked":"Ball Lightning","floor":19}],"player_experience":176011,"relics_obtained":[{"floor":9.0,"key":"Bag of Marbles"}],"event_choices":[{"damage_healed":0.0,"max_hp_gain":0.0,"max_hp_loss":0.0,"gold_gain":75.0,"event_name":"World of Goop","player_choice":"Gather Gold","floor":2.0,"gold_loss":0.0,"damage_taken":11.0},{"cards_removed":["Strike_B"],"damage_healed":0.0,"max_hp_gain":0.0,"max_hp_loss":0.0,"gold_gain":0.0,"event_name":"The Cleric","player_choice":"Card Removal","floor":3.0,"gold_loss":50.0,"damage_taken":0.0}],"is_beta":false,"boss_relics":[{"not_picked":["Astrolabe","Sozu"],"picked":"Black Star"}],"items_purged_floors":[],"is_endless":false,"potions_floor_spawned":[4,5,8,13,14,18],"killed_by":"Snake Plant","ascension_level":9}}