{"host":"cjhtzh7tp54jdfyv","time":1610603723,"event":{"mods":["AchievementEnabler","BaseMod","Colored Map","Colored Powertips","Curses Come First","DeckTracker","Filter the Spire","Minty Spire (QoL Compilation)","RNG Fix","Relic Sorter","Relic Stats","StSLib","UnlockEverythingMod","ojb\u0027s Better Paths Mod","ojb\u0027s Info Mod"],"gold_per_floor":[116,133,151,76,96,96,128,128,206,235,252,265,165,199,199,275,275,293,343,377,403,421,451,463,265,291,307,337,337,369,386,386,463,463,482,493,493,343,354,354,179,179,179,179,179,179,189,207,207,207,207,207,207,7,36,36],"floor_reached":57,"language":"ENG","playtime":4243,"items_purged":["Defend_P","Defend_P","Defend_P","Strike_P","FollowUp","Weave"],"score":2910,"play_id":"d87aede7-ea6e-40c4-941c-2759eee96d2c","local_time":"20210114005523","is_ascension_mode":true,"campfire_choices":[{"data":"Eruption","floor":6.0,"key":"SMITH"},{"floor":15.0,"key":"REST"},{"data":"TalkToTheHand","floor":24.0,"key":"SMITH"},{"data":"Adaptation","floor":29.0,"key":"SMITH"},{"floor":32.0,"key":"REST"},{"data":"Omniscience","floor":40.0,"key":"SMITH"},{"data":"InnerPeace","floor":42.0,"key":"SMITH"},{"floor":46.0,"key":"REST"},{"floor":49.0,"key":"RECALL"},{"data":"Purity","floor":53,"key":"SMITH"}],"circlet_count":0,"master_deck":["AscendersBane","Eruption+1","Vigilance","JustLucky","TalkToTheHand+1","Wireheading","FearNoEvil","Adaptation+1","Tantrum","MentalFortress+1","Omniscience+1","DeusExMachina+1","Sanctity+1","Tantrum+1","InnerPeace+1","Purity+1","Madness","Madness","Adaptation"],"relics":["VioletLotus","Question Card","Mercury Hourglass","Bag of Marbles","Letter Opener","Philosopher\u0027s Stone","Red Mask","MealTicket","MawBank","Blue Candle","Centennial Puzzle","Astrolabe","Mummified Hand","Bottled Lightning"],"acts_visited":["Exordium","TheCity","TheBeyond","TheEnding"],"potions_floor_usage":[56,56],"damage_taken":[{"damage":7.0,"enemies":"Small Slimes","floor":1.0,"turns":7.0},{"damage":0.0,"enemies":"Cultist","floor":2.0,"turns":4.0},{"damage":1.0,"enemies":"2 Louse","floor":3.0,"turns":4.0},{"damage":9.0,"enemies":"Gremlin Gang","floor":5.0,"turns":4.0},{"damage":4.0,"enemies":"Gremlin Nob","floor":7.0,"turns":3.0},{"damage":19.0,"enemies":"3 Sentries","floor":10.0,"turns":5.0},{"damage":0.0,"enemies":"2 Fungi Beasts","floor":11.0,"turns":1.0},{"damage":0.0,"enemies":"Looter","floor":12.0,"turns":2.0},{"damage":16.0,"enemies":"Gremlin Nob","floor":14.0,"turns":3.0},{"damage":24.0,"enemies":"The Guardian","floor":16.0,"turns":13.0},{"damage":5.0,"enemies":"2 Thieves","floor":18.0,"turns":2.0},{"damage":0.0,"enemies":"Masked Bandits","floor":20.0,"turns":2.0},{"damage":19.0,"enemies":"Shell Parasite","floor":22.0,"turns":4.0},{"damage":5.0,"enemies":"Slavers","floor":23.0,"turns":4.0},{"damage":6.0,"enemies":"Cultist and Chosen","floor":27.0,"turns":4.0},{"damage":0.0,"enemies":"Gremlin Leader","floor":28.0,"turns":3.0},{"damage":12.0,"enemies":"Slavers","floor":30.0,"turns":2.0},{"damage":18.0,"enemies":"Centurion and Healer","floor":31.0,"turns":2.0},{"damage":17.0,"enemies":"Collector","floor":33.0,"turns":4.0},{"damage":20.0,"enemies":"3 Shapes","floor":35.0,"turns":3.0},{"damage":16.0,"enemies":"3 Darklings","floor":36.0,"turns":3.0},{"damage":6.0,"enemies":"Sphere and 2 Shapes","floor":39.0,"turns":2.0},{"damage":0.0,"enemies":"Spire Growth","floor":47.0,"turns":2.0},{"damage":4.0,"enemies":"Writhing Mass","floor":48.0,"turns":2.0},{"damage":0,"enemies":"Time Eater","floor":50,"turns":8},{"damage":1,"enemies":"Awakened One","floor":51,"turns":3},{"damage":1,"enemies":"Shield and Spear","floor":55,"turns":2},{"damage":12,"enemies":"The Heart","floor":56,"turns":5}],"seed_played":"2239370718797348617","potions_obtained":[{"floor":1.0,"key":"AttackPotion"},{"floor":3.0,"key":"Fire Potion"},{"floor":10.0,"key":"SkillPotion"},{"floor":11.0,"key":"SkillPotion"},{"floor":16.0,"key":"ColorlessPotion"},{"floor":23.0,"key":"Strength Potion"},{"floor":27.0,"key":"StancePotion"},{"floor":33.0,"key":"BottledMiracle"},{"floor":36.0,"key":"LiquidBronze"},{"floor":47.0,"key":"Block Potion"},{"floor":48.0,"key":"LiquidBronze"}],"is_trial":false,"path_per_floor":["M","M","M","$","M","R","E","?","T","E","M","M","$","E","R","B",null,"M","?","?","T","M","E","R","$","T","M","E","R","E","M","R","B",null,"M","M","?","$","M","R","$","R","T","?","?","R","M","M","R","B","B",null,"R","$","E","B",null],"character_chosen":"WATCHER","items_purchased":["Adaptation"],"campfire_rested":3,"item_purchase_floors":[25],"current_hp_per_floor":[54,54,53,53,44,44,40,40,40,21,21,21,21,5,25,1,51,46,46,46,46,27,22,22,37,37,31,31,31,19,1,21,4,52,32,16,16,31,25,25,40,40,40,30,18,38,38,34,34,34,33,59,59,68,67,55],"gold":36,"neow_bonus":"BOSS_RELIC","is_daily":false,"chose_seed":false,"campfire_upgraded":6,"win_rate":0.0,"timestamp":1610603723,"path_taken":["M","M","M","$","M","R","E","?","T","E","M","M","$","E","R","BOSS","M","?","?","?","M","E","R","$","T","M","E","R","E","M","R","BOSS","M","M","?","$","?","R","$","R","T","?","?","R","?","M","R","BOSS","BOSS","R","$","E","BOSS"],"items_purchased_type":["Card"],"build_version":"2020-12-22","purchased_purges":6,"victory":true,"max_hp_per_floor":[68,68,68,68,68,68,68,68,68,68,68,68,68,68,68,68,68,68,68,68,68,68,68,68,68,68,68,68,68,68,68,68,68,68,68,68,68,68,68,68,68,68,68,68,68,68,68,68,68,68,68,68,68,68,68,68],"relic_stats":{"Centennial Puzzle":[29],"counters":[28,103],"Mummified Hand":[30],"Blue Candle":[3],"Astrolabe":["DeusExMachina","Sanctity","Tantrum"],"MealTicket":54,"VioletLotus":[152],"Letter Opener":[239],"Question Card":23,"MawBank":24,"obtain_stats":[{"Blue Candle":28,"Astrolabe":34,"Letter Opener":14,"Question Card":7,"MawBank":23,"Mercury Hourglass":9,"Centennial Puzzle":30,"Mummified Hand":43,"Philosopher\u0027s Stone":17,"MealTicket":21,"VioletLotus":0,"Bag of Marbles":10,"Red Mask":20,"Bottled Lightning":55,"PureWater":0},{"Blue Candle":16,"Astrolabe":19,"Letter Opener":9,"Question Card":5,"MawBank":14,"Mercury Hourglass":5,"Centennial Puzzle":17,"Mummified Hand":22,"Philosopher\u0027s Stone":10,"MealTicket":12,"VioletLotus":0,"Bag of Marbles":6,"Red Mask":12,"Bottled Lightning":27,"PureWater":0},{"Blue Candle":65,"Astrolabe":73,"Letter Opener":33,"Question Card":22,"MawBank":58,"Mercury Hourglass":22,"Centennial Puzzle":67,"Mummified Hand":81,"Philosopher\u0027s Stone":46,"MealTicket":50,"VioletLotus":0,"Bag of Marbles":27,"Red Mask":50,"Bottled Lightning":98,"PureWater":0}],"Mercury Hourglass":[345]},"card_choices":[{"not_picked":["CarveReality","Nirvana"],"picked":"FollowUp","floor":1.0},{"not_picked":["Consecrate","Prostrate","WreathOfFlame"],"picked":"SKIP","floor":2.0},{"not_picked":["WheelKick","BowlingBash"],"picked":"JustLucky","floor":3.0},{"not_picked":["Perseverance","WreathOfFlame","Study"],"picked":"SKIP","floor":5.0},{"not_picked":["WreathOfFlame","ClearTheMind","WaveOfTheHand"],"picked":"SKIP","floor":7.0},{"not_picked":["Halt","PathToVictory","WreathOfFlame"],"picked":"Weave","floor":10.0},{"not_picked":["Crescendo","SashWhip","Nirvana"],"picked":"TalkToTheHand","floor":11.0},{"not_picked":["Perseverance","Wish","LikeWater","FollowUp"],"picked":"SKIP","floor":12.0},{"not_picked":["JustLucky","ReachHeaven","EmptyBody"],"picked":"Wireheading","floor":14.0},{"not_picked":["PathToVictory","DeceiveReality","FlyingSleeves"],"picked":"FearNoEvil","floor":18.0},{"not_picked":["SandsOfTime","FollowUp","ClearTheMind"],"picked":"CutThroughFate+1","floor":22.0},{"not_picked":["FearNoEvil","Indignation","Brilliance","ForeignInfluence"],"picked":"SKIP","floor":23.0},{"not_picked":["Evaluate","WindmillStrike","EmptyBody"],"picked":"Tantrum","floor":27.0},{"not_picked":["SandsOfTime","BattleHymn","EmptyBody+1","Wallop"],"picked":"SKIP","floor":28.0},{"not_picked":["Swivel","Blasphemy","BattleHymn","FollowUp"],"picked":"SKIP","floor":30.0},{"not_picked":["WindmillStrike+1","JustLucky","Protect"],"picked":"MentalFortress+1","floor":31.0},{"not_picked":["Alpha","Establishment","Brilliance"],"picked":"Omniscience","floor":33.0},{"not_picked":["FlurryOfBlows+1","Indignation","BowlingBash","JustLucky+1"],"picked":"SKIP","floor":35.0},{"not_picked":["Swivel+1","Pray+1","SashWhip","Study"],"picked":"SKIP","floor":36.0},{"not_picked":["FlyingSleeves","WindmillStrike","Swivel"],"picked":"InnerPeace","floor":39.0},{"not_picked":["Transmutation","Good Instincts","Jack Of All Trades"],"picked":"Purity","floor":44.0},{"not_picked":["EmptyBody","BattleHymn","EmptyFist"],"picked":"Adaptation","floor":47.0},{"not_picked":["JustLucky","FlurryOfBlows","CarveReality+1","Evaluate"],"picked":"SKIP","floor":48.0},{"not_picked":["Ragnarok","Weave","EmptyBody+1","EmptyFist"],"picked":"SKIP","floor":55}],"player_experience":4513956,"relics_obtained":[{"floor":7.0,"key":"Question Card"},{"floor":9.0,"key":"Mercury Hourglass"},{"floor":10.0,"key":"Bag of Marbles"},{"floor":14.0,"key":"Letter Opener"},{"floor":20.0,"key":"Red Mask"},{"floor":21.0,"key":"MealTicket"},{"floor":23.0,"key":"MawBank"},{"floor":28.0,"key":"Blue Candle"},{"floor":30.0,"key":"Centennial Puzzle"},{"floor":43.0,"key":"Mummified Hand"},{"floor":55,"key":"Bottled Lightning"}],"event_choices":[{"cards_removed":["Defend_P"],"damage_healed":0.0,"max_hp_gain":0.0,"max_hp_loss":0.0,"gold_gain":0.0,"event_name":"Living Wall","player_choice":"Forget","floor":8.0,"gold_loss":0.0,"damage_taken":0.0},{"damage_healed":0.0,"max_hp_gain":0.0,"max_hp_loss":0.0,"gold_gain":50.0,"event_name":"Golden Shrine","player_choice":"Pray","floor":19.0,"gold_loss":0.0,"damage_taken":0.0},{"damage_healed":0.0,"max_hp_gain":0.0,"max_hp_loss":0.0,"gold_gain":0.0,"event_name":"Masked Bandits","player_choice":"Fought Bandits","floor":20.0,"gold_loss":0.0,"damage_taken":0.0},{"cards_removed":["CutThroughFate"],"damage_healed":0.0,"max_hp_gain":0.0,"max_hp_loss":0.0,"gold_gain":0.0,"event_name":"Falling","player_choice":"Removed Attack","floor":37.0,"gold_loss":0.0,"damage_taken":0.0},{"damage_healed":0.0,"max_hp_gain":0.0,"max_hp_loss":0.0,"gold_gain":0.0,"event_name":"SensoryStone","player_choice":"Memory 3","floor":44.0,"gold_loss":0.0,"damage_taken":10.0},{"damage_healed":0.0,"max_hp_gain":0.0,"max_hp_loss":0.0,"gold_gain":0.0,"event_name":"Winding Halls","player_choice":"Embrace Madness","floor":45.0,"gold_loss":0.0,"damage_taken":12.0,"cards_obtained":["Madness","Madness"]}],"is_beta":false,"boss_relics":[{"not_picked":["Calling Bell","Runic Dome"],"picked":"Philosopher\u0027s Stone"},{"not_picked":["SacredBark","Coffee Dripper"],"picked":"Astrolabe"}],"items_purged_floors":[4,13,25,38,41,54],"is_endless":false,"potions_floor_spawned":[1,3,10,11,16,23,27,28,33,36,47,48],"ascension_level":20}}