{"host":"hx5bui4di82vxq8x","time":1610647331,"event":{"mods":["Act Like it!","BaseMod","Colored Powertips","Friendly Minions","Minty Spire (QoL Compilation)","Quick Restart","Replay The Spire","Spicy Shops","StSLib","The Alterego","The Animator"],"gold_per_floor":[111,123,69,88,107,107,139,139,139,139,214,228,255,255,255,355,355,366,386,386,47,146,177,177,189,215,215,226,257,271,297,297,396,396,406,406,74,88,88,88,101,129,129,142,142,171,185,213,213,213],"floor_reached":51,"language":"ZHS","playtime":2665,"items_purged":["Dramatic Entrance","Regret"],"score":945,"play_id":"9eb0b932-7ac7-4636-b83d-e1134a80c980","local_time":"20210115020211","is_ascension_mode":true,"campfire_choices":[{"data":"alterego_mod:Mirror","floor":6.0,"key":"SMITH"},{"data":"alterego_mod:Tantrum","floor":8.0,"key":"SMITH"},{"floor":10.0,"key":"REST"},{"data":"alterego_mod:Venus","floor":15.0,"key":"SMITH"},{"data":"alterego_mod:Impale","floor":24.0,"key":"SMITH"},{"data":"alterego_mod:Valentines","floor":27.0,"key":"SMITH"},{"floor":32,"key":"REST"},{"data":"alterego_mod:RingBreak","floor":40,"key":"SMITH"},{"data":"alterego_mod:BrynhildrRomantia","floor":45,"key":"SMITH"},{"data":"alterego_mod:BigMeatyClaws","floor":49,"key":"SMITH"}],"circlet_count":1,"master_deck":["alterego_mod:Strike","alterego_mod:Strike","alterego_mod:Defend","alterego_mod:Defend","alterego_mod:Defend","alterego_mod:Defend","alterego_mod:Impale+1","alterego_mod:BigMeatyClaws+1","alterego_mod:BrynhildrsRune","alterego_mod:BiFurious","alterego_mod:RocketPunch","alterego_mod:Mirror+1","alterego_mod:DeftHands","alterego_mod:Valentines+1","alterego_mod:Tantrum+1","alterego_mod:Venus+1","alterego_mod:BiFurious","alterego_mod:Cooking","alterego_mod:Skirt","alterego_mod:BrynhildrRomantia+1","alterego_mod:HighServant+1","alterego_mod:Birthday","alterego_mod:SakuraFive+1","alterego_mod:BustOut+1","alterego_mod:RingBreak+1","Finesse","alterego_mod:Schoolgirl+1"],"relics":["alterego_mod:MasochisticConstitution","Boot","Replay:WaspNest","Replay:Grab Bag","Philosopher\u0027s Stone","Busted Crown","Empty Cage","Chemical X","CaptainsWheel","Circlet","HornCleat","Ice Cream","Painkiller Herb","Bottled Flame","ReplayTheSpireMod:CursedCoin","Pen Nib","Singing Bowl","Replay:Baseball","Regal Pillow"],"acts_visited":["Exordium","TheCity","TheBeyond"],"potions_floor_usage":[33,50,50,50],"damage_taken":[{"damage":6.0,"enemies":"2 Louse","floor":1.0,"turns":5.0},{"damage":4.0,"enemies":"Small Slimes","floor":2.0,"turns":4.0},{"damage":3.0,"enemies":"Jaw Worm","floor":4.0,"turns":3.0},{"damage":3.0,"enemies":"Blue Slaver","floor":5.0,"turns":4.0},{"damage":55.0,"enemies":"3 Sentries","floor":7.0,"turns":16.0},{"damage":19.0,"enemies":"Large Slime","floor":12.0,"turns":7.0},{"damage":2.0,"enemies":"Gremlin Nob","floor":13.0,"turns":3.0},{"damage":25.0,"enemies":"Hexaghost","floor":16.0,"turns":6.0},{"damage":12.0,"enemies":"Shell Parasite","floor":18.0,"turns":3.0},{"damage":0.0,"enemies":"3 Byrds","floor":19.0,"turns":1.0},{"damage":3.0,"enemies":"Replay:Snechameleon","floor":23.0,"turns":3.0},{"damage":0.0,"enemies":"3 Cultists","floor":25.0,"turns":4.0},{"damage":8.0,"enemies":"Cultist and Chosen","floor":28.0,"turns":3.0},{"damage":21.0,"enemies":"Slavers","floor":29.0,"turns":4.0},{"damage":16.0,"enemies":"Centurion and Healer","floor":30.0,"turns":3.0},{"damage":14,"enemies":"Book of Stabbing","floor":31,"turns":3},{"damage":27,"enemies":"Champ","floor":33,"turns":7},{"damage":11,"enemies":"Orb Walker","floor":35,"turns":2},{"damage":0,"enemies":"3 Darklings","floor":38,"turns":4},{"damage":4,"enemies":"Jaw Worm Horde","floor":41,"turns":4},{"damage":39,"enemies":"R_Hoarder","floor":42,"turns":6},{"damage":0,"enemies":"Transient","floor":44,"turns":5},{"damage":28,"enemies":"Reptomancer","floor":46,"turns":5},{"damage":2,"enemies":"Spire Growth","floor":47,"turns":4},{"damage":0,"enemies":"R_Hoarder","floor":48,"turns":7},{"damage":48,"enemies":"Time Eater","floor":50,"turns":3}],"seed_played":"3802838857931471845","potions_obtained":[{"floor":4.0,"key":"Fire Potion"},{"floor":7.0,"key":"Fire Potion"},{"floor":18.0,"key":"Reflective Coating"},{"floor":19.0,"key":"Fire Potion"},{"floor":23.0,"key":"Adrenaline Potion"},{"floor":25.0,"key":"Fire Potion"},{"floor":30.0,"key":"LiquidMemories"},{"floor":42,"key":"Energy Potion"},{"floor":48,"key":"AttackPotion"}],"is_trial":false,"path_per_floor":["M","M","$","M","M","R","E","R","T","R","?","M","E","?","R","B",null,"M","M","?","$","?","E","R","M","T","R","M","E","M","E","R","B",null,"?","?","T","?","?","T","?","E","T","?","T","E","?","E","T","B",null],"character_chosen":"The_Alterego","items_purchased":["alterego_mod:Mirror","Chemical X","alterego_mod:Birthday","Finesse","Bottled Flame","ReplayTheSpireMod:CursedCoin"],"campfire_rested":2,"item_purchase_floors":[3,21,21,37,37,37],"current_hp_per_floor":[71,72,72,73,71,71,31,31,31,53,42,38,37,37,37,16,78,70,70,70,70,70,73,73,83,83,83,84,69,56,59,86,75,94,91,91,91,95,95,95,99,61,61,70,70,58,61,101,101,61],"gold":213,"neow_bonus":"RANDOM_COLORLESS","is_daily":false,"chose_seed":false,"campfire_upgraded":8,"win_rate":0.0,"timestamp":1610647331,"path_taken":["M","M","$","M","M","R","E","R","T","R","?","M","E","?","R","BOSS","M","M","?","$","?","E","R","M","T","R","M","E","M","E","R","BOSS","?","?","T","?","?","T","?","E","T","?","T","E","?","E","T","BOSS"],"items_purchased_type":["Card","Relic","Card","Card","Relic","Relic"],"build_version":"2020-12-22","purchased_purges":2,"victory":true,"max_hp_per_floor":[71,72,72,73,74,74,75,75,75,75,75,76,77,77,77,78,78,79,79,79,79,79,80,80,83,83,83,84,85,86,90,90,94,94,95,95,95,95,95,95,99,100,100,102,102,105,108,110,110,111],"card_choices":[{"not_picked":["Enlightenment","Survey Options"],"picked":"Dramatic Entrance","floor":0.0},{"not_picked":["alterego_mod:MagicResistance","alterego_mod:Cycle"],"picked":"alterego_mod:BiFurious","floor":1.0},{"not_picked":["alterego_mod:Schoolgirl","alterego_mod:Valentines"],"picked":"alterego_mod:RocketPunch","floor":2.0},{"not_picked":["alterego_mod:PresenceConcealment","alterego_mod:SakuraLabyrinth"],"picked":"alterego_mod:DeftHands","floor":4.0},{"not_picked":["alterego_mod:Support","alterego_mod:Mirror"],"picked":"alterego_mod:Valentines","floor":5.0},{"not_picked":["alterego_mod:Crossover","alterego_mod:DeftHands"],"picked":"alterego_mod:Tantrum","floor":7.0},{"not_picked":["alterego_mod:Jiggle","alterego_mod:Santa","alterego_mod:BreastValley"],"picked":"SKIP","floor":12.0},{"not_picked":["alterego_mod:Swimsuit","alterego_mod:Maid"],"picked":"alterego_mod:Venus","floor":13.0},{"not_picked":["alterego_mod:InsideBaseball","alterego_mod:Weigh"],"picked":"alterego_mod:BrynhildrRomantia","floor":16.0},{"not_picked":[],"picked":"alterego_mod:HighServant+1","floor":18.0},{"not_picked":["alterego_mod:GoddessCore"],"picked":"SKIP","floor":19.0},{"not_picked":[],"picked":"alterego_mod:SakuraFive+1","floor":23.0},{"not_picked":["alterego_mod:SuperDuperMasochism"],"picked":"SKIP","floor":25.0},{"not_picked":["alterego_mod:Belts+1"],"picked":"SKIP","floor":28.0},{"not_picked":["alterego_mod:MagicResistance"],"picked":"SKIP","floor":29.0},{"not_picked":[],"picked":"alterego_mod:BustOut+1","floor":30.0},{"not_picked":["alterego_mod:Support"],"picked":"SKIP","floor":31},{"not_picked":[],"picked":"alterego_mod:RingBreak","floor":33},{"not_picked":["alterego_mod:1TonWallop"],"picked":"SKIP","floor":35},{"not_picked":["alterego_mod:Jiggle"],"picked":"SKIP","floor":38},{"not_picked":["alterego_mod:RocketPunch"],"picked":"SKIP","floor":41},{"not_picked":[],"picked":"alterego_mod:Schoolgirl+1","floor":42},{"not_picked":["alterego_mod:Valentines"],"picked":"Singing Bowl","floor":44},{"not_picked":["alterego_mod:BrynhildrRomantia"],"picked":"Singing Bowl","floor":46},{"not_picked":["alterego_mod:SakuraPetals+1"],"picked":"Singing Bowl","floor":47},{"not_picked":["alterego_mod:Venus"],"picked":"Singing Bowl","floor":48}],"player_experience":663439,"relics_obtained":[{"floor":7.0,"key":"Boot"},{"floor":9.0,"key":"Replay:WaspNest"},{"floor":13.0,"key":"Dead Branch"},{"floor":23.0,"key":"CaptainsWheel"},{"floor":29.0,"key":"HornCleat"},{"floor":31,"key":"Ice Cream"},{"floor":42,"key":"Pen Nib"},{"floor":43,"key":"Singing Bowl"},{"floor":46,"key":"Replay:Baseball"},{"floor":48,"key":"Regal Pillow"}],"event_choices":[{"damage_healed":0.0,"max_hp_gain":0.0,"max_hp_loss":0.0,"gold_gain":75.0,"event_name":"World of Goop","player_choice":"Gather Gold","floor":11.0,"gold_loss":0.0,"damage_taken":11.0},{"cards_removed":["alterego_mod:Strike"],"damage_healed":0.0,"max_hp_gain":0.0,"max_hp_loss":0.0,"gold_gain":0.0,"event_name":"Back to Basics","player_choice":"Elegance","floor":20.0,"gold_loss":0.0,"damage_taken":0.0},{"damage_healed":0.0,"max_hp_gain":0.0,"max_hp_loss":0.0,"gold_gain":99.0,"event_name":"Nest","player_choice":"Stole From Cult","floor":22.0,"gold_loss":0.0,"damage_taken":0.0},{"cards_removed":["alterego_mod:Strike"],"damage_healed":0,"gold_gain":0,"player_choice":"Removed Attack","damage_taken":0,"max_hp_gain":0,"max_hp_loss":0,"event_name":"Falling","floor":36,"gold_loss":0},{"damage_healed":0,"gold_gain":0,"player_choice":"Memory 1","damage_taken":0,"max_hp_gain":0,"max_hp_loss":0,"event_name":"SensoryStone","floor":39,"gold_loss":0}],"is_beta":false,"boss_relics":[{"not_picked":["Runic Dome","Abe\u0027s Treasure"],"picked":"Replay:Grab Bag"},{"not_picked":["Sozu","SlaversCollar"],"picked":"Philosopher\u0027s Stone"},{"not_picked":["Velvet Choker","ChewingGum"],"picked":"Busted Crown"},{"not_picked":["Kintsugi","Astrolabe"],"picked":"Empty Cage"},{"not_picked":["Pandora\u0027s Box","Snecko Eye"],"picked":"Painkiller Herb"}],"items_purged_floors":[21,37],"is_endless":false,"potions_floor_spawned":[4,7,18,19,23,25,30,42,44,48],"ascension_level":1}}