{"host":"22s5scuj7mu87reg","time":1610634827,"event":{"mods":["BaseMod","Colored Powertips","Dota2Spire","Downfall","Duelist Mod","GungeonMod","Halation","Hubris","Infinite Spire","Koishi","KomeijiMod","Minty Spire (QoL Compilation)","Replay The Spire","StSLib","SuperFastMode","The Jungle","The Mystic","The Necromancer","Wandering Minibosses"],"gold_per_floor":[118,43,43,143,157,183,183,239,239,239,272,258,100,89,89,193,193,209,227,427,443,461,495,495,145,145,179,90,165,165,176,176,274,274,296,75,75,93,93,93,110,148,148,148,72,84,94,94,94,108,108,108,108,156,230],"floor_reached":56,"language":"POL","playtime":3527,"items_purged":["Strike_W","Defend_W","Defend_W","Strike_W"],"score":1300,"play_id":"9d0c49ef-0682-4767-bd33-fdf1b80489bb","local_time":"20210114153347","is_ascension_mode":false,"campfire_choices":[{"data":"Acid_Javelin","floor":7,"key":"SMITH"},{"floor":15,"key":"DIG"},{"data":"Summon_Death_Knight","floor":24,"key":"SMITH"},{"floor":30,"key":"RECALL"},{"data":"Summon_Undead","floor":32,"key":"SMITH"},{"data":"Summon_Vampire_Lady","floor":40,"key":"SMITH"},{"data":"Vampiric_Strike","floor":44,"key":"SMITH"},{"floor":49,"key":"REST"},{"data":"Summon_Death_Knight","floor":52,"key":"SMITH"}],"circlet_count":0,"master_deck":["Negative_Energy_Arrows","Bone_Wall","Uncharnel","Spectral_Armor","Acid_Javelin+1","Negative_Energy_Javelin","Necrotic_Claws","Violent_Necrosis","Violent_Necrosis","Reap_The_Weak","Stop_Heart+1","Exploit","Siphon_Strength+1","Summon_Death_Knight+1","Stop_Heart","Necrotic_Claws","Summon_Undead+1","Negative_Energy_Mist","Summon_Vampire_Lady+1","Acid_Javelin+1","Necrotic_Claws","Blood_Curse","Vampiric_Strike+1","Summon_Lich","Negative_Energy_Mist","Summon_Death_Knight+1","Uncharnel+1"],"relics":["Vampire_Amulet","hubris:Reverence","Dota2Spire:AssaultCuirass","Dota2Spire:PowerTreads","halation:Trompette","Empty Cage","DemoMod:Metronome","Dota2Spire:MagicBottle","Dota2Spire:Butterfly","infinitespire:Lucky Rock","infinitespire:Midas Blood","wanderingMiniBosses:ThiefScarf","NeowsBlessing","halation:Yufonium","hubris:Icosahedron","ReplayTheSpireMod:Lightbulb","halation:AfternoonTea"],"acts_visited":["Exordium","TheCity","TheBeyond","TheEnding"],"potions_floor_usage":[14,55,55,55],"damage_taken":[{"damage":0,"enemies":"2 Louse","floor":1,"turns":1},{"damage":0,"enemies":"Jaw Worm","floor":5,"turns":1},{"damage":0,"enemies":"3 Sentries","floor":6,"turns":2},{"damage":16,"enemies":"Lagavulin Event","floor":8,"turns":7},{"damage":17,"enemies":"Gremlin Nob","floor":11,"turns":4},{"damage":2,"enemies":"Cultist","floor":12,"turns":5},{"damage":21,"enemies":"Exordium Wildlife","floor":14,"turns":7},{"damage":6,"enemies":"The Guardian","floor":16,"turns":8},{"damage":0,"enemies":"Shell Parasite","floor":18,"turns":4},{"damage":4,"enemies":"Spheric Guardian","floor":19,"turns":3},{"damage":15,"enemies":"Snake Plant","floor":21,"turns":3},{"damage":10,"enemies":"Centurion and Healer","floor":22,"turns":4},{"damage":13,"enemies":"Book of Stabbing","floor":23,"turns":5},{"damage":11,"enemies":"Slavers","floor":27,"turns":5},{"damage":0,"enemies":"Sentry and Sphere","floor":29,"turns":5},{"damage":0,"enemies":"Snake Plant","floor":31,"turns":1},{"damage":0,"enemies":"Automaton","floor":33,"turns":1},{"damage":6,"enemies":"3 Shapes","floor":35,"turns":1},{"damage":3,"enemies":"Orb Walker","floor":38,"turns":3},{"damage":0,"enemies":"Transient","floor":41,"turns":5},{"damage":43,"enemies":"Reptomancer","floor":42,"turns":7},{"damage":13,"enemies":"4 Shapes","floor":46,"turns":5},{"damage":0,"enemies":"Spire Growth","floor":47,"turns":4},{"damage":38,"enemies":"hubris:GrandSnecko","floor":50,"turns":11},{"damage":35,"enemies":"Shield and Spear","floor":54,"turns":6},{"damage":111,"enemies":"The Heart","floor":55,"turns":9}],"seed_played":"-8046454480665522388","potions_obtained":[{"floor":1,"key":"GamblersBrew"},{"floor":6,"key":"Weak Potion"},{"floor":12,"key":"UndeadPotion"},{"floor":14,"key":"SteroidPotion"},{"floor":21,"key":"ExcitationPotion"},{"floor":23,"key":"Languid Potion"},{"floor":33,"key":"Dota2Spire:HealingSalve"},{"floor":54,"key":"Regen Potion"}],"is_trial":false,"path_per_floor":["M","$","?","?","M","E","R","?","T","?","E","M","$","M","R","B",null,"M","M","?","M","M","E","R","$","T","E","?","M","R","M","R","B",null,"M","$","?","M","?","R","M","E","T","R","$","M","M","?","R","B",null,"R","$","E","B",null],"character_chosen":"NECROMANCER","items_purchased":["Violent_Necrosis","Necrotic_Claws","Dota2Spire:MagicBottle","Necrotic_Claws","Summon_Lich"],"campfire_rested":1,"item_purchase_floors":[13,25,25,36,45],"current_hp_per_floor":[75,75,75,75,75,75,75,61,61,61,46,46,46,29,29,25,75,75,73,73,60,54,43,43,43,43,50,50,56,56,68,68,75,75,75,75,75,75,75,75,75,59,59,59,59,68,75,75,75,75,75,75,75,58,9],"gold":230,"neow_bonus":"THREE_ENEMY_KILL","is_daily":false,"chose_seed":false,"campfire_upgraded":6,"win_rate":0.0,"timestamp":1610634827,"path_taken":["M","$","?","?","?","E","R","?","T","?","E","M","$","M","R","BOSS","M","M","?","?","M","E","R","$","T","E","?","M","R","M","R","BOSS","M","$","?","M","?","R","M","E","T","R","?","M","?","?","R","BOSS","R","$","E","BOSS"],"items_purchased_type":["Card","Card","Relic","Card","Card"],"build_version":"2020-12-13","purchased_purges":4,"victory":true,"max_hp_per_floor":[75,75,75,75,75,75,75,75,75,75,75,75,75,75,75,75,75,75,75,75,75,75,75,75,75,75,75,75,75,75,75,75,75,75,75,75,75,75,75,75,75,75,75,75,75,75,75,75,75,75,75,75,75,75,75],"card_choices":[{"not_picked":["Blood_Whip","Shackles_Of_Pain"],"picked":"Uncharnel","floor":1},{"not_picked":["Pandemic","Death_Knell"],"picked":"Spectral_Armor","floor":5},{"not_picked":["Blood_Whip","Deaths_Shadow"],"picked":"Acid_Javelin","floor":6},{"not_picked":["Blood_Curse","Blood_Whip"],"picked":"Negative_Energy_Javelin","floor":8},{"not_picked":["Scare","Negative_Energy_Javelin"],"picked":"Necrotic_Claws","floor":11},{"not_picked":["Bone_Armor","Blood_Whip","Bones_to_Steel"],"picked":"SKIP","floor":12},{"not_picked":["Flesh_Made_Foul","Scare","Blood_Whip"],"picked":"SKIP","floor":14},{"not_picked":["Hellfire","Blood_Magic"],"picked":"Reap_The_Weak","floor":16},{"not_picked":["Negative_Energy_Javelin","Whirlwind_of_Bones"],"picked":"Stop_Heart+1","floor":18},{"not_picked":["Bone_Bullets","Bone_Shift+1"],"picked":"Exploit","floor":19},{"not_picked":["Vampiric_Strike","Bone_Spikes"],"picked":"Siphon_Strength+1","floor":21},{"not_picked":["Death_March_Dance","Bone_Armor+1"],"picked":"Summon_Death_Knight","floor":22},{"not_picked":["Shackles_Of_Pain+1","Bone_Shift"],"picked":"Stop_Heart","floor":23},{"not_picked":["Negative_Energy_Mist","Flesh_Made_Foul"],"picked":"Summon_Undead","floor":27},{"not_picked":["Uncharnel","Violent_Necrosis","Consume_Illness"],"picked":"SKIP","floor":29},{"not_picked":["Shackles_Of_Pain+1","Life_Drain+1"],"picked":"Negative_Energy_Mist","floor":31},{"not_picked":["Grasp_Heart","Skeleton_Dragon"],"picked":"Summon_Vampire_Lady","floor":33},{"not_picked":["Death_Coil","Bone_Armor"],"picked":"Acid_Javelin+1","floor":35},{"not_picked":["Toxic_Smoke_Screen+1","Whirlwind_of_Bones+1"],"picked":"Blood_Curse","floor":38},{"not_picked":["Epidemic","Bones_to_Steel+1","Blood_Is_Power"],"picked":"SKIP","floor":41},{"not_picked":["Bone_Armor","Detonate_Bones"],"picked":"Vampiric_Strike","floor":42},{"not_picked":["Acid_Javelin+1","Negative_Energy_Shield"],"picked":"Negative_Energy_Mist","floor":46},{"not_picked":["Epidemic","Bone_Shift"],"picked":"Summon_Death_Knight","floor":47},{"not_picked":["Consume_Illness+1","Flesh_Made_Foul"],"picked":"Uncharnel+1","floor":54}],"player_experience":123636,"relics_obtained":[{"floor":6,"key":"hubris:Reverence"},{"floor":8,"key":"Dota2Spire:AssaultCuirass"},{"floor":9,"key":"infinitespire:Midas Blood"},{"floor":11,"key":"Dota2Spire:PowerTreads"},{"floor":15,"key":"halation:Trompette"},{"floor":23,"key":"DemoMod:Metronome"},{"floor":26,"key":"Dota2Spire:Butterfly"},{"floor":27,"key":"infinitespire:Lucky Rock"},{"floor":29,"key":"infinitespire:Midas Blood"},{"floor":29,"key":"wanderingMiniBosses:ThiefScarf"},{"floor":29,"key":"NeowsBlessing"},{"floor":42,"key":"ReplayTheSpireMod:Lightbulb"},{"floor":54,"key":"halation:AfternoonTea"}],"event_choices":[{"cards_removed":["Defend_W"],"damage_healed":0,"gold_gain":0,"player_choice":"Forget","damage_taken":0,"max_hp_gain":0,"max_hp_loss":0,"event_name":"Living Wall","floor":3,"gold_loss":0},{"damage_healed":0,"gold_gain":100,"player_choice":"Pray","damage_taken":0,"max_hp_gain":0,"max_hp_loss":0,"event_name":"Golden Shrine","floor":4,"gold_loss":0},{"damage_healed":0,"gold_gain":30,"player_choice":"Searched \u00272\u0027 times","damage_taken":0,"max_hp_gain":0,"max_hp_loss":0,"event_name":"Dead Adventurer","floor":8,"gold_loss":0},{"cards_removed":["Strike_W"],"damage_healed":0,"gold_gain":0,"player_choice":"Offered Basic","damage_taken":0,"max_hp_gain":0,"max_hp_loss":0,"event_name":"Bonfire Elementals","floor":10,"gold_loss":0},{"damage_healed":0,"gold_gain":200,"player_choice":"Gold","damage_taken":0,"max_hp_gain":0,"max_hp_loss":0,"event_name":"Wheel of Change","floor":20,"gold_loss":0},{"damage_healed":0,"gold_gain":0,"player_choice":"Memory 1","damage_taken":0,"max_hp_gain":0,"max_hp_loss":0,"event_name":"SensoryStone","floor":48,"gold_loss":0}],"is_beta":false,"boss_relics":[{"not_picked":["halation:LoveArrow","hubris:VirtuousBlindfold"],"picked":"Empty Cage"},{"not_picked":["Runic Dome","halation:Prosthetics"],"picked":"halation:Yufonium"}],"items_purged_floors":[2,13,25,36],"is_endless":false,"potions_floor_spawned":[1,6,12,14,21,22,23,31,33,38,41,42,54],"ascension_level":0}}