{"host":"wppa8gky53tnknhf","time":1610592269,"event":{"mods":["AchievementEnabler","Act Like it!","BaseMod","Better Third Choice","BetterRewards","Card Forge","Colored Powertips","Energized Spire","Hubris","Infinite Spire","Marked Mod","Minty Spire (QoL Compilation)","Permanent Neow","Quick Restart","Rare Cards Sparkle","Relic Stats","Remove Card Discount Mod","Replay The Spire","Spikes Relics","Spire Birthday Party","StSLib","Wandering Minibosses"],"gold_per_floor":[116,128,128,128,112,143,64,90,90,90,101,101,115,140,140,241,241,252,192,211,62,103,137,137,58,58,86,86,102,119,145,145,246,296,306,317,336,346,396,396,416,49,49,62,62,92,92,180,180,230,230,230,11,42,42,42],"floor_reached":55,"language":"ENG","playtime":1893,"items_purged":[],"score":863,"play_id":"b3a9b63b-1436-4244-a967-c7b8cd898dd3","local_time":"20210114024429","is_ascension_mode":true,"campfire_choices":[{"floor":10,"key":"REST"},{"floor":15,"key":"RECALL"},{"floor":24,"key":"REST"},{"floor":32,"key":"REST"},{"floor":40,"key":"REST"},{"floor":49,"key":"REST"},{"floor":52,"key":"REST"}],"circlet_count":0,"master_deck":["Strike_R+1","Strike_R+1","Strike_R+1","Strike_R+1","Strike_R+1","Defend_R+1","Defend_R+1","Defend_R+1","Defend_R+1","Bash+1","Barricade+1","Metallicize+1","Thunderclap+1","infinitespire:Starlight+1","Whirlwind+1","Shrug It Off+1","Inflame+1","Clash+1","AbeCurse","Twin Strike+1","Inflame+1","Metallicize+1","Flex+1","Thunderclap+1","Twin Strike+1","Entrench+1","Demon Form+1","Clash+1","Perfected Strike+1","Body Slam+1","Shrug It Off+1","Cleave+1","Perfected Strike+1","Flex+1","Inflame+1","Madness+1","Madness+1","Perfected Strike+1","Twin Strike+1","Twin Strike+1","Inflame+1","Body Slam+1","Body Slam+1"],"relics":["Hammer of Thor","Seething Fire","Iron Hammer","Abe\u0027s Treasure","ClockworkSouvenir","wanderingMiniBosses:ThiefScarf","Anvil of the Gods","Burning Blood","Boot","hubris:Towel","Regal Pillow","Tiny House","BicycleWheel","Oddly Smooth Stone","Blue Doll","The Courier","hubris:IronBody","infinitespire:WardingShard","War Paint","Ginger","Omamori"],"acts_visited":["Exordium","TheCity","TheBeyond","TheEnding"],"potions_floor_usage":[5,14,20,22,22,44,54],"damage_taken":[{"damage":0,"enemies":"Small Slimes","floor":1,"turns":4},{"damage":0,"enemies":"Cultist","floor":2,"turns":3},{"damage":10,"enemies":"2 Louse","floor":5,"turns":5},{"damage":28,"enemies":"3 Sentries","floor":6,"turns":10},{"damage":28,"enemies":"Lagavulin","floor":8,"turns":8},{"damage":23,"enemies":"Exordium Thugs","floor":11,"turns":3},{"damage":0,"enemies":"2 Fungi Beasts","floor":13,"turns":1},{"damage":6,"enemies":"Gremlin Nob","floor":14,"turns":3},{"damage":24,"enemies":"Fading Forest","floor":16,"turns":11},{"damage":26,"enemies":"Shell Parasite","floor":18,"turns":5},{"damage":16,"enemies":"2 Thieves","floor":20,"turns":2},{"damage":27,"enemies":"3 Cultists","floor":22,"turns":6},{"damage":7,"enemies":"Replay:Snechameleon","floor":23,"turns":5},{"damage":12,"enemies":"Book of Stabbing","floor":27,"turns":5},{"damage":1,"enemies":"Chosen and Byrds","floor":29,"turns":5},{"damage":4,"enemies":"Shelled Parasite and Fungi","floor":30,"turns":4},{"damage":27,"enemies":"Gremlin Leader","floor":31,"turns":5},{"damage":20,"enemies":"Champ","floor":33,"turns":9},{"damage":21,"enemies":"Orb Walker","floor":35,"turns":4},{"damage":5,"enemies":"3 Shapes","floor":36,"turns":6},{"damage":25,"enemies":"Jaw Worm Horde","floor":37,"turns":4},{"damage":26,"enemies":"3 Darklings","floor":38,"turns":4},{"damage":20,"enemies":"Mind Bloom Boss Battle","floor":39,"turns":5},{"damage":4,"enemies":"Spire Growth","floor":41,"turns":5},{"damage":21,"enemies":"Writhing Mass","floor":44,"turns":4},{"damage":39,"enemies":"Reptomancer","floor":46,"turns":4},{"damage":42,"enemies":"Donu and Deca","floor":50,"turns":9},{"damage":63,"enemies":"Shield and Spear","floor":54,"turns":10},{"damage":83,"enemies":"The Heart","floor":55,"turns":3}],"seed_played":"8812377425704580543","potions_obtained":[{"floor":1,"key":"Fire Potion"},{"floor":8,"key":"Languid Potion"},{"floor":11,"key":"Explosive Potion"},{"floor":18,"key":"Energy Potion"},{"floor":20,"key":"FearPotion"},{"floor":29,"key":"SpeedPotion"},{"floor":30,"key":"SpeedPotion"},{"floor":33,"key":"Fire Potion"},{"floor":46,"key":"Weak Potion"}],"is_trial":false,"path_per_floor":["M","M","?","?","M","E","$","E","T","R","M","?","M","E","R","B",null,"M","?","M","$","M","E","R","$","T","E","?","M","M","E","R","B",null,"M","M","M","M","?","R","M","$","T","M","?","E","?","?","R","B",null,"R","$","E","B"],"character_chosen":"IRONCLAD","items_purchased":["Thunderclap","Shrug It Off","ClockworkSouvenir","Metallicize","Oddly Smooth Stone","Blue Doll","Inflame","infinitespire:WardingShard","Body Slam"],"campfire_rested":6,"item_purchase_floors":[7,7,21,25,42,42,42,53,53],"current_hp_per_floor":[80,80,80,80,76,64,64,42,42,66,49,49,55,55,55,47,80,60,60,50,50,23,22,46,46,46,40,40,60,77,56,80,80,85,70,85,69,49,50,85,85,85,85,70,59,26,26,26,66,45,85,85,85,43,0,0],"gold":42,"neow_bonus":"THREE_RARE_CARDS","is_daily":false,"chose_seed":false,"campfire_upgraded":0,"win_rate":0.0,"timestamp":1610592269,"path_taken":["M","M","?","?","M","E","$","E","T","R","M","?","?","E","R","BOSS","M","?","M","?","M","E","R","$","T","E","?","M","M","E","R","BOSS","M","M","M","M","?","R","M","$","T","M","?","E","?","?","R","BOSS","R","$","E","BOSS"],"items_purchased_type":["Card","Card","Relic","Card","Relic","Relic","Card","Relic","Card"],"build_version":"2020-12-22","purchased_purges":0,"victory":false,"max_hp_per_floor":[80,80,80,80,80,80,80,80,80,80,80,80,80,80,80,80,80,80,80,80,80,80,80,80,80,80,80,80,80,80,80,80,80,85,85,85,85,85,85,85,85,85,85,85,85,85,85,85,85,85,85,85,85,85,85,85],"relic_stats":{"Regal Pillow":25,"counters":[29,152],"Ginger":[2],"War Paint":[],"Boot":[24],"obtain_stats":[{"Tiny House":34,"CeramicFish":38,"Vajra":41,"Hammer of Thor":0,"Ginger":55,"Boot":27,"Centennial Puzzle":33,"hubris:AstralHammer":39,"Iron Hammer":6,"LugNut":30,"hubris:MobiusCoin":50,"wanderingMiniBosses:ThiefScarf":22,"Counterbalance":54,"Oddly Smooth Stone":42,"Ring of Chaos":38,"Charon\u0027s Ashes":44,"Replay:Kaleidoscope":46,"War Paint":54,"Anvil of the Gods":0,"Bronze Scales":33,"Onion Ring":29,"Abe\u0027s Treasure":17,"hubris:Reverence":31,"Meat on the Bone":35,"Darkstone Periapt":29,"Regal Pillow":31,"Blue Doll":39,"Bag of Preparation":23,"Burning Blood":0,"ClockworkSouvenir":21,"Gambling Chip":36,"hubris:ScarierMask":36,"hubris:FunFungus":35,"hubris:IronBody":46,"WingedGreaves":54,"Chemical X":37,"BicycleWheel":39,"Thread and Needle":27,"Replay:WaspNest":31,"The Courier":43,"Omamori":55,"Seething Fire":0,"hubris:Towel":28,"Anchor":27,"infinitespire:WardingShard":53,"Another Sword":44,"Bag of Marbles":30,"GolemAmulet":50,"TungstenRod":23},{"Tiny House":18,"CeramicFish":21,"Vajra":23,"Hammer of Thor":0,"Ginger":28,"Boot":14,"Centennial Puzzle":17,"hubris:AstralHammer":22,"Iron Hammer":4,"LugNut":15,"hubris:MobiusCoin":26,"wanderingMiniBosses:ThiefScarf":12,"Counterbalance":27,"Oddly Smooth Stone":24,"Ring of Chaos":21,"Charon\u0027s Ashes":24,"Replay:Kaleidoscope":25,"War Paint":28,"Anvil of the Gods":0,"Bronze Scales":17,"Onion Ring":14,"Abe\u0027s Treasure":9,"hubris:Reverence":16,"Meat on the Bone":18,"Darkstone Periapt":14,"Regal Pillow":17,"Blue Doll":22,"Bag of Preparation":12,"Burning Blood":0,"ClockworkSouvenir":11,"Gambling Chip":19,"hubris:ScarierMask":19,"hubris:FunFungus":18,"hubris:IronBody":26,"WingedGreaves":27,"Chemical X":20,"BicycleWheel":23,"Thread and Needle":13,"Replay:WaspNest":16,"The Courier":24,"Omamori":28,"Seething Fire":0,"hubris:Towel":14,"Anchor":13,"infinitespire:WardingShard":27,"Another Sword":24,"Bag of Marbles":15,"GolemAmulet":26,"TungstenRod":12},{"Tiny House":94,"CeramicFish":108,"Vajra":117,"Hammer of Thor":0,"Ginger":149,"Boot":71,"Centennial Puzzle":85,"hubris:AstralHammer":112,"Iron Hammer":22,"LugNut":76,"hubris:MobiusCoin":130,"wanderingMiniBosses:ThiefScarf":61,"Counterbalance":139,"Oddly Smooth Stone":122,"Ring of Chaos":108,"Charon\u0027s Ashes":122,"Replay:Kaleidoscope":126,"War Paint":149,"Anvil of the Gods":0,"Bronze Scales":85,"Onion Ring":71,"Abe\u0027s Treasure":48,"hubris:Reverence":80,"Meat on the Bone":94,"Darkstone Periapt":71,"Regal Pillow":85,"Blue Doll":112,"Bag of Preparation":61,"Burning Blood":0,"ClockworkSouvenir":55,"Gambling Chip":98,"hubris:ScarierMask":98,"hubris:FunFungus":94,"hubris:IronBody":130,"WingedGreaves":139,"Chemical X":104,"BicycleWheel":117,"Thread and Needle":66,"Replay:WaspNest":80,"The Courier":122,"Omamori":149,"Seething Fire":0,"hubris:Towel":71,"Anchor":66,"infinitespire:WardingShard":139,"Another Sword":122,"Bag of Marbles":76,"GolemAmulet":130,"TungstenRod":61}],"Burning Blood":146},"card_choices":[{"not_picked":["Eclipse","Offering"],"picked":"Barricade","floor":0},{"not_picked":["Whirlwind","Replay:Undeath\u0027s Touch"],"picked":"Metallicize","floor":1},{"not_picked":["Warcry","Power Through"],"picked":"Thunderclap","floor":2},{"not_picked":["infinitespire:Collect","Replay:Fractal Strike"],"picked":"infinitespire:Starlight","floor":4},{"not_picked":["Bloodletting","Life Link","Havoc"],"picked":"SKIP","floor":5},{"not_picked":["Power Through","Fiend Fire"],"picked":"Whirlwind","floor":6},{"not_picked":["Body Slam","Defy Death"],"picked":"Inflame","floor":8},{"not_picked":["Run Through","Fire Breathing","True Grit"],"picked":"SKIP","floor":11},{"not_picked":["Absolvement","True Grit","Invigoration"],"picked":"SKIP","floor":13},{"not_picked":["Wild Strike","Pommel Strike"],"picked":"Clash","floor":14},{"not_picked":["hubris:ReadiedAction","ReplayReversal"],"picked":"Twin Strike+1","floor":18},{"not_picked":["Clothesline","Heavy Blade"],"picked":"Inflame+1","floor":20},{"not_picked":["ReplayTheSpireMod:Stacked","Run Through","Anger"],"picked":"SKIP","floor":22},{"not_picked":["Wild Strike","Demonic Infusion","Bloodletting"],"picked":"SKIP","floor":23},{"not_picked":["Rupture+1","Headbutt+1"],"picked":"Flex","floor":27},{"not_picked":["True Grit","Clothesline+1"],"picked":"Thunderclap","floor":29},{"not_picked":["Second Wind","Seeing Red+1"],"picked":"Twin Strike","floor":30},{"not_picked":["ReplayReversal","Clothesline"],"picked":"Entrench","floor":31},{"not_picked":["Bludgeon","Replay:Many Hands"],"picked":"Demon Form","floor":33},{"not_picked":["Evolve+1","Replay:Undeath\u0027s Touch"],"picked":"Clash","floor":34},{"not_picked":["Replay:Undeath\u0027s Touch","Dropkick+1"],"picked":"Perfected Strike+1","floor":35},{"not_picked":["Double Tap","Power Through"],"picked":"Body Slam","floor":36},{"not_picked":["Heavy Blade","Feel No Pain"],"picked":"Shrug It Off","floor":37},{"not_picked":["hubris:ReadiedAction+1","Anger+1"],"picked":"Cleave+1","floor":38},{"not_picked":["ReplayTheSpireMod:Stacked","Fire Breathing+1"],"picked":"Perfected Strike+1","floor":39},{"not_picked":["Corruption","Armaments"],"picked":"Flex+1","floor":41},{"not_picked":["Fire Breathing","Clothesline+1","Pommel Strike+1"],"picked":"SKIP","floor":44},{"not_picked":["Replay:Many Hands","Heavy Blade"],"picked":"Perfected Strike+1","floor":46},{"not_picked":["ReplayReversal","Pommel Strike+1"],"picked":"Twin Strike+1","floor":48},{"not_picked":["Heavy Blade","Wild Strike+1"],"picked":"Twin Strike","floor":48},{"not_picked":["Dual Wield","Feel No Pain+1"],"picked":"Inflame+1","floor":48},{"not_picked":["Abandon","hubris:SharpeningStone","Perfected Strike+1"],"picked":"SKIP","floor":54}],"player_experience":688538,"relics_obtained":[{"floor":6,"key":"Iron Hammer"},{"floor":22,"key":"wanderingMiniBosses:ThiefScarf"},{"floor":22,"key":"Anvil of the Gods"},{"floor":22,"key":"Burning Blood"},{"floor":27,"key":"Boot"},{"floor":31,"key":"Regal Pillow"},{"floor":39,"key":"BicycleWheel"},{"floor":43,"key":"The Courier"},{"floor":46,"key":"hubris:IronBody"},{"floor":54,"key":"War Paint"}],"event_choices":[{"damage_healed":0,"gold_gain":0,"player_choice":"Leave","damage_taken":0,"max_hp_gain":0,"max_hp_loss":0,"event_name":"The Cleric","floor":3,"gold_loss":0},{"cards_removed":["Thunderclap"],"damage_healed":0,"gold_gain":0,"player_choice":"Card Removal","damage_taken":0,"max_hp_gain":0,"max_hp_loss":0,"event_name":"Wheel of Change","floor":12,"gold_loss":0},{"damage_healed":0,"gold_gain":0,"player_choice":"Fight","damage_taken":0,"max_hp_gain":0,"max_hp_loss":0,"event_name":"MindBloom","floor":39,"gold_loss":0},{"damage_healed":0,"gold_gain":0,"player_choice":"Embrace Madness","damage_taken":11,"max_hp_gain":0,"max_hp_loss":0,"event_name":"Winding Halls","floor":45,"gold_loss":0,"cards_obtained":["Madness","Madness"]},{"damage_healed":0,"gold_gain":0,"player_choice":"Ignored","damage_taken":0,"max_hp_gain":0,"max_hp_loss":0,"event_name":"Tomb of Lord Red Mask","floor":47,"gold_loss":0}],"is_beta":false,"boss_relics":[{"not_picked":["Runic Cube","Black Star"],"picked":"Abe\u0027s Treasure"},{"not_picked":["ReplayTheSpireMod:DimensionalGlitch","Honey Jar"],"picked":"Tiny House"}],"items_purged_floors":[],"is_endless":false,"potions_floor_spawned":[1,8,11,13,18,20,29,30,33,36,41,46],"killed_by":"The Heart","ascension_level":1}}