{"host":"k7udt7atmcuzf6l0","time":1610608552,"event":{"mods":["AchievementEnabler","BaseMod","Colored Map","Colored Powertips","Highlight Path","Minty Spire (QoL Compilation)","Quick Restart","Rare Cards Sparkle","StSLib","UnlockEverythingMod"],"gold_per_floor":[127,153,165,177,203,241,253,279,291,356,333,365,377,400,412,520,532,558,158,171,202,202,202,202],"floor_reached":23,"language":"ZHT","playtime":986,"items_purged":[],"score":191,"play_id":"4bcbee66-fd42-4fdc-87d8-7706d918452c","local_time":"20210114151552","is_ascension_mode":false,"campfire_choices":[{"data":"Berserk","floor":7.0,"key":"SMITH"},{"data":"True Grit","floor":13.0,"key":"SMITH"},{"data":"Body Slam","floor":15.0,"key":"SMITH"}],"circlet_count":0,"master_deck":["Strike_R","Strike_R+1","Strike_R","Strike_R","Strike_R","Defend_R","Defend_R","Defend_R","Defend_R","Bash+1","True Grit+1","Iron Wave","Body Slam+1","Berserk+1","Shrug It Off+1","Battle Trance+1","Armaments+1","Brutality","Intimidate+1","Entrench+1","PanicButton+1","Sentinel+1","Pommel Strike+1"],"relics":["Burning Blood","MawBank","Toxic Egg 2","Sundial","Bottled Lightning","Sozu","Molten Egg 2","Red Mask"],"acts_visited":["Exordium","TheCity"],"potions_floor_usage":[],"damage_taken":[{"damage":8.0,"enemies":"2 Louse","floor":1.0,"turns":3.0},{"damage":0.0,"enemies":"Small Slimes","floor":2.0,"turns":4.0},{"damage":0.0,"enemies":"Cultist","floor":5.0,"turns":4.0},{"damage":26.0,"enemies":"Lagavulin","floor":6.0,"turns":5.0},{"damage":5.0,"enemies":"Exordium Wildlife","floor":8.0,"turns":4.0},{"damage":0.0,"enemies":"2 Fungi Beasts","floor":12.0,"turns":4.0},{"damage":8.0,"enemies":"Lots of Slimes","floor":14.0,"turns":5.0},{"damage":50.0,"enemies":"Hexaghost","floor":16.0,"turns":10.0},{"damage":6.0,"enemies":"2 Thieves","floor":18.0,"turns":4.0},{"damage":34.0,"enemies":"3 Byrds","floor":20.0,"turns":7.0},{"damage":25.0,"enemies":"Masked Bandits","floor":21.0,"turns":7.0},{"damage":33,"enemies":"Centurion and Healer","floor":23,"turns":6}],"seed_played":"-1226042539441461680","potions_obtained":[{"floor":2.0,"key":"AttackPotion"},{"floor":8.0,"key":"ColorlessPotion"},{"floor":12.0,"key":"SkillPotion"},{"floor":16.0,"key":"ElixirPotion"}],"is_trial":false,"path_per_floor":["M","M","?","?","M","E","R","M","T","?","?","M","R","M","R","B",null,"M","$","M","?","?","M"],"character_chosen":"IRONCLAD","items_purchased":["Molten Egg 2","Entrench+1","PanicButton+1"],"campfire_rested":0,"item_purchase_floors":[19,19,19],"current_hp_per_floor":[78,80,64,57,63,43,43,44,44,44,64,70,70,68,68,24,80,80,80,52,33,33,0,0],"gold":202,"neow_bonus":"RANDOM_COMMON_RELIC","is_daily":false,"chose_seed":false,"campfire_upgraded":3,"win_rate":0.0,"timestamp":1610608552,"path_taken":["M","M","?","?","M","E","R","M","T","?","?","M","R","M","R","BOSS","M","$","M","?","?","?"],"items_purchased_type":["Relic","Card","Card"],"build_version":"2020-12-22","purchased_purges":0,"victory":false,"max_hp_per_floor":[80,80,80,80,80,80,80,80,80,80,80,80,80,80,80,80,80,80,80,80,80,80,80,80],"card_choices":[{"not_picked":["Second Wind","Heavy Blade"],"picked":"True Grit","floor":1.0},{"not_picked":["Uppercut","Heavy Blade"],"picked":"Iron Wave","floor":2.0},{"not_picked":["Perfected Strike","Rampage"],"picked":"Body Slam","floor":5.0},{"not_picked":["Demon Form","Burning Pact+1"],"picked":"Berserk","floor":6.0},{"not_picked":["Rampage","Iron Wave"],"picked":"Shrug It Off+1","floor":8.0},{"not_picked":["Iron Wave","Clothesline"],"picked":"Battle Trance+1","floor":12.0},{"not_picked":["Bloodletting+1","Carnage"],"picked":"Armaments+1","floor":14.0},{"not_picked":["Berserk","Demon Form"],"picked":"Brutality","floor":16.0},{"not_picked":["Armaments+1","True Grit+1"],"picked":"Intimidate+1","floor":18.0},{"not_picked":["Perfected Strike+1","Sword Boomerang+1"],"picked":"Sentinel+1","floor":20.0},{"not_picked":["Clash+1","Anger+1"],"picked":"Pommel Strike+1","floor":21.0}],"player_experience":66492,"relics_obtained":[{"floor":6.0,"key":"Sundial"},{"floor":9.0,"key":"Bottled Lightning"},{"floor":21.0,"key":"Red Mask"}],"event_choices":[{"damage_healed":0.0,"max_hp_gain":0.0,"max_hp_loss":0.0,"gold_gain":0.0,"event_name":"Shining Light","player_choice":"Entered Light","floor":3.0,"gold_loss":0.0,"damage_taken":16.0,"cards_upgraded":["Bash","Strike_R"]},{"damage_healed":0.0,"max_hp_gain":0.0,"max_hp_loss":0.0,"gold_gain":0.0,"event_name":"Scrap Ooze","player_choice":"Success","floor":4.0,"gold_loss":0.0,"damage_taken":7.0,"relics_obtained":["Toxic Egg 2"]},{"damage_healed":0.0,"max_hp_gain":0.0,"max_hp_loss":0.0,"gold_gain":53.0,"event_name":"Golden Wing","player_choice":"Gained Gold","floor":10.0,"gold_loss":0.0,"damage_taken":0.0},{"damage_healed":20.0,"max_hp_gain":0.0,"max_hp_loss":0.0,"gold_gain":0.0,"event_name":"The Cleric","player_choice":"Healed","floor":11.0,"gold_loss":35.0,"damage_taken":0.0},{"damage_healed":0.0,"max_hp_gain":0.0,"max_hp_loss":0.0,"gold_gain":0.0,"event_name":"Masked Bandits","player_choice":"Fought Bandits","floor":21.0,"gold_loss":0.0,"damage_taken":0.0},{"damage_healed":0.0,"max_hp_gain":0.0,"max_hp_loss":0.0,"gold_gain":0.0,"event_name":"N\u0027loth","player_choice":"Ignored","floor":22.0,"gold_loss":0.0,"damage_taken":0.0}],"is_beta":false,"boss_relics":[{"not_picked":["Calling Bell","Empty Cage"],"picked":"Sozu"}],"items_purged_floors":[],"is_endless":false,"potions_floor_spawned":[2,8,12,16,20,21],"killed_by":"Centurion and Healer","ascension_level":0}}