{"host":"jl15pmpb41l0mhji","time":1610589718,"event":{"mods":["2.2 Compatiblity","AchievementEnabler","BaseMod","Better Altar","Better Match","Better Note","Better Sensory Stone","Better Skull","Better Third Choice","Better Vampires","Colored Map","Displayed Cursed Tome","Emptier Cage","Hermit","Highlight Path","Minty Spire (QoL Compilation)","Permanent Neow","Random Character Button","Relic Stats","StSLib","The Hierophant"],"gold_per_floor":[116,135,152,56,6,38,58,87,141,171,202,202,202,221,221,318,318,334,353,353,80,95,422,437,437,437,259,259,273,287,315,315,415,415,425,438,233,251,251,251,278,278,278,307,320,41,41,54,54,54],"floor_reached":51,"language":"ENG","playtime":3027,"items_purged":["Strike_B","Gash","Strike_B"],"score":908,"play_id":"ea418b4e-8a7a-4971-aece-33eb8df6a833","local_time":"20210113200158","is_ascension_mode":true,"campfire_choices":[{"floor":13,"key":"REST"},{"data":"Defragment","floor":15,"key":"SMITH"},{"data":"Glacier","floor":25,"key":"SMITH"},{"floor":28,"key":"DIG"},{"data":"Barrage","floor":32,"key":"SMITH"},{"data":"Lockon","floor":40,"key":"SMITH"},{"data":"Thunder Strike","floor":42,"key":"SMITH"},{"data":"Thunder Strike","floor":47,"key":"SMITH"},{"floor":49,"key":"DIG"}],"circlet_count":0,"master_deck":["Strike_B+1","Defend_B","Defend_B","Defend_B","Zap","Dualcast","Chill","Glacier","Cold Snap+1","Machine Learning","Barrage+1","Defragment+1","Cold Snap","Electrodynamics+1","Thunder Strike+1","Redo+1","Force Field","Backflip+1","Meteor Strike","Loop+1","Glacier+1","Beam Cell+1","Capacitor+1","Genetic Algorithm+1","Ball Lightning+1","Storm+1","Thunder Strike+1","Defragment+1","Lockon+1","Echo Form+1"],"relics":["Cracked Core","Regal Pillow","Frozen Egg 2","MealTicket","Odd Mushroom","Akabeko","Snecko Eye","Old Coin","Shovel","Bottled Flame","Bronze Scales","Busted Crown","Thread and Needle","Darkstone Periapt","StrikeDummy","Lee\u0027s Waffle","Cables"],"acts_visited":["Exordium","TheCity","TheBeyond"],"potions_floor_usage":[8,11,11,22,23,33,41,44,45,50],"damage_taken":[{"damage":9,"enemies":"Jaw Worm","floor":1,"turns":3},{"damage":0,"enemies":"2 Louse","floor":2,"turns":3},{"damage":0,"enemies":"Cultist","floor":3,"turns":3},{"damage":23,"enemies":"Gremlin Nob","floor":6,"turns":6},{"damage":4,"enemies":"Exordium Thugs","floor":7,"turns":6},{"damage":8,"enemies":"Lagavulin","floor":8,"turns":6},{"damage":1,"enemies":"The Mushroom Lair","floor":10,"turns":5},{"damage":10,"enemies":"Gremlin Nob","floor":11,"turns":4},{"damage":1,"enemies":"2 Fungi Beasts","floor":14,"turns":3},{"damage":16,"enemies":"Hexaghost","floor":16,"turns":9},{"damage":5,"enemies":"Shell Parasite","floor":18,"turns":3},{"damage":0,"enemies":"2 Thieves","floor":19,"turns":2},{"damage":0,"enemies":"Chosen and Byrds","floor":22,"turns":3},{"damage":15,"enemies":"Slavers","floor":23,"turns":4},{"damage":17,"enemies":"Cultist and Chosen","floor":24,"turns":5},{"damage":7,"enemies":"Shelled Parasite and Fungi","floor":29,"turns":4},{"damage":0,"enemies":"Snake Plant","floor":30,"turns":4},{"damage":0,"enemies":"Book of Stabbing","floor":31,"turns":3},{"damage":0,"enemies":"Collector","floor":33,"turns":6},{"damage":10,"enemies":"3 Darklings","floor":35,"turns":3},{"damage":3,"enemies":"Orb Walker","floor":36,"turns":3},{"damage":8,"enemies":"Writhing Mass","floor":38,"turns":3},{"damage":0,"enemies":"Giant Head","floor":41,"turns":5},{"damage":36,"enemies":"Reptomancer","floor":44,"turns":5},{"damage":0,"enemies":"3 Darklings","floor":45,"turns":4},{"damage":6,"enemies":"4 Shapes","floor":48,"turns":3},{"damage":20,"enemies":"Donu and Deca","floor":50,"turns":5}],"seed_played":"799937809120035971","potions_obtained":[{"floor":2,"key":"Energy Potion"},{"floor":7,"key":"FearPotion"},{"floor":8,"key":"SkillPotion"},{"floor":16,"key":"Explosive Potion"},{"floor":18,"key":"ColorlessPotion"},{"floor":23,"key":"FearPotion"},{"floor":24,"key":"EssenceOfSteel"},{"floor":33,"key":"Regen Potion"},{"floor":38,"key":"ColorlessPotion"},{"floor":44,"key":"AttackPotion"},{"floor":45,"key":"SmokeBomb"}],"is_trial":false,"path_per_floor":["M","M","M","$","?","E","M","E","T","?","E","?","R","M","R","B",null,"M","M","?","$","M","E","M","R","T","$","R","M","M","E","R","B",null,"M","M","$","M","?","R","E","R","T","E","M","$","R","M","R","B",null],"character_chosen":"DEFECT","items_purchased":["Barrage","Defragment","Meteor Strike","Loop+1","Capacitor+1","Defragment+1","Echo Form+1","Lee\u0027s Waffle"],"campfire_rested":1,"item_purchase_floors":[4,4,21,21,27,37,46,46],"current_hp_per_floor":[66,66,66,66,66,43,39,31,31,30,20,5,42,41,41,25,75,70,70,70,75,75,60,43,43,43,58,58,51,51,51,51,51,75,65,62,75,67,67,67,67,67,67,40,40,82,82,76,76,56],"gold":54,"neow_bonus":"THREE_CARDS","is_daily":false,"chose_seed":false,"campfire_upgraded":6,"win_rate":0.0,"timestamp":1610589718,"path_taken":["M","M","M","$","?","E","M","E","T","?","E","?","R","?","R","BOSS","M","M","?","$","M","E","M","R","T","$","R","M","M","E","R","BOSS","M","M","$","M","?","R","E","R","T","E","M","?","R","M","R","BOSS"],"items_purchased_type":["Card","Card","Card","Card","Card","Card","Card","Relic"],"build_version":"2020-12-22","purchased_purges":3,"victory":true,"max_hp_per_floor":[75,75,75,75,75,75,75,75,75,75,75,75,75,75,75,75,75,75,75,75,75,75,75,75,75,75,75,75,75,75,75,75,75,75,75,75,75,75,75,75,75,75,75,75,75,82,82,82,82,82],"relic_stats":{"Darkstone Periapt":0,"Regal Pillow":15,"Lee\u0027s Waffle":27,"Shovel":2,"Busted Crown":14,"counters":[27,113],"Bronze Scales":[99],"Snecko Eye":[124,109,127,121],"MealTicket":48,"obtain_stats":[{"Darkstone Periapt":43,"Regal Pillow":6,"Lee\u0027s Waffle":46,"Thread and Needle":41,"Frozen Egg 2":8,"Odd Mushroom":10,"Akabeko":11,"Old Coin":23,"Cables":49,"Bottled Flame":28,"Shovel":26,"Busted Crown":34,"Bronze Scales":31,"Snecko Eye":17,"MealTicket":9,"Cracked Core":0,"StrikeDummy":44},{"Darkstone Periapt":23,"Regal Pillow":4,"Lee\u0027s Waffle":25,"Thread and Needle":23,"Frozen Egg 2":6,"Odd Mushroom":7,"Akabeko":8,"Old Coin":14,"Cables":26,"Bottled Flame":15,"Shovel":15,"Busted Crown":19,"Bronze Scales":18,"Snecko Eye":10,"MealTicket":6,"Cracked Core":0,"StrikeDummy":24},{"Darkstone Periapt":96,"Regal Pillow":15,"Lee\u0027s Waffle":105,"Thread and Needle":96,"Frozen Egg 2":27,"Odd Mushroom":32,"Akabeko":36,"Old Coin":60,"Cables":108,"Bottled Flame":65,"Shovel":65,"Busted Crown":82,"Bronze Scales":76,"Snecko Eye":48,"MealTicket":27,"Cracked Core":0,"StrikeDummy":101}],"Cables":[4,2,1,0,1]},"card_choices":[{"not_picked":["Self Repair","Hologram"],"picked":"Chill","floor":0},{"not_picked":["Go for the Eyes","Coolheaded"],"picked":"Glacier","floor":1},{"not_picked":["Hologram","Stack"],"picked":"Cold Snap","floor":2},{"not_picked":["Redo","Chill"],"picked":"Machine Learning","floor":3},{"not_picked":["Thunder Strike","Compile Driver","Conserve Battery"],"picked":"SKIP","floor":6},{"not_picked":["Leap","Darkness"],"picked":"Gash","floor":7},{"not_picked":["Doom and Gloom","Sweeping Beam"],"picked":"Cold Snap","floor":8},{"not_picked":["Steam","Stack","Static Discharge+1"],"picked":"SKIP","floor":11},{"not_picked":["Heatsinks+1","Turbo"],"picked":"Electrodynamics+1","floor":14},{"not_picked":["Multi-Cast","Creative AI+1"],"picked":"Thunder Strike","floor":16},{"not_picked":["Hologram+1","Turbo"],"picked":"Redo+1","floor":18},{"not_picked":["BootSequence+1","Consume"],"picked":"Force Field","floor":19},{"not_picked":["Coolheaded","Rebound","Reinforced Body"],"picked":"SKIP","floor":22},{"not_picked":["Hologram","FTL+1"],"picked":"Glacier","floor":23},{"not_picked":["Go for the Eyes","Glacier"],"picked":"Beam Cell+1","floor":24},{"not_picked":["Cold Snap","Stack"],"picked":"Genetic Algorithm+1","floor":29},{"not_picked":["Redo","Fission"],"picked":"Ball Lightning+1","floor":30},{"not_picked":["Sweeping Beam","All For One"],"picked":"Storm+1","floor":31},{"not_picked":["Biased Cognition+1","All For One"],"picked":"Thunder Strike","floor":33},{"not_picked":["BootSequence+1"],"picked":"SKIP","floor":35},{"not_picked":["FTL+1"],"picked":"SKIP","floor":36},{"not_picked":["Auto Shields"],"picked":"SKIP","floor":38},{"not_picked":["Rebound+1"],"picked":"SKIP","floor":41},{"not_picked":["Static Discharge+1"],"picked":"SKIP","floor":44},{"not_picked":["Double Energy+1"],"picked":"SKIP","floor":45},{"not_picked":["Hologram"],"picked":"SKIP","floor":48}],"player_experience":1676519,"relics_obtained":[{"floor":6,"key":"Regal Pillow"},{"floor":8,"key":"Frozen Egg 2"},{"floor":9,"key":"MealTicket"},{"floor":10,"key":"Odd Mushroom"},{"floor":11,"key":"Akabeko"},{"floor":23,"key":"Old Coin"},{"floor":26,"key":"Shovel"},{"floor":28,"key":"Bottled Flame"},{"floor":31,"key":"Bronze Scales"},{"floor":41,"key":"Thread and Needle"},{"floor":43,"key":"Darkstone Periapt"},{"floor":44,"key":"StrikeDummy"},{"floor":49,"key":"Cables"}],"event_choices":[{"cards_removed":["Defend_B"],"damage_healed":0,"gold_gain":0,"player_choice":"Card Removal","damage_taken":0,"max_hp_gain":0,"max_hp_loss":0,"event_name":"The Cleric","floor":5,"gold_loss":50},{"damage_healed":0,"gold_gain":0,"player_choice":"Fought Mushrooms","damage_taken":0,"max_hp_gain":0,"max_hp_loss":0,"event_name":"Mushrooms","floor":10,"gold_loss":0},{"damage_healed":20,"gold_gain":0,"player_choice":"Upgrade","damage_taken":15,"max_hp_gain":0,"max_hp_loss":75,"event_name":"betterThird:BetterShining","floor":12,"gold_loss":0,"cards_upgraded":["Strike_B","Cold Snap"]},{"cards_removed":["Electrodynamics"],"damage_healed":0,"gold_gain":0,"player_choice":"Take \u0026 Give","damage_taken":0,"max_hp_gain":0,"max_hp_loss":0,"event_name":"betterNote:BetterNote","floor":20,"gold_loss":0,"cards_obtained":["Backflip"]},{"damage_healed":0,"gold_gain":0,"cards_transformed":["Strike_B"],"player_choice":"Transformed","damage_taken":0,"max_hp_gain":0,"max_hp_loss":0,"event_name":"Transmorgrifier","floor":39,"gold_loss":0,"cards_obtained":["Lockon"]}],"is_beta":false,"boss_relics":[{"not_picked":["Velvet Choker","Fusion Hammer"],"picked":"Snecko Eye"},{"not_picked":["Pandora\u0027s Box","SacredBark"],"picked":"Busted Crown"}],"items_purged_floors":[21,27,37],"is_endless":false,"potions_floor_spawned":[2,7,8,16,18,23,24,33,38,44,45],"ascension_level":1}}