{"host":"jscggscbx0p7706o","time":1610615636,"event":{"mods":["AchievementEnabler","BaseMod","Block Reminder","Colored Powertips","Minty Spire (QoL Compilation)","Permanent Neow","Quick Restart","StSLib"],"gold_per_floor":[118,118,43,43,63,13,33,56,135,169,169,169,183,208,208,208,208],"floor_reached":16,"language":"ENG","playtime":491,"items_purged":["Strike_R"],"score":102,"play_id":"b69a01d8-ff9d-4fc7-badd-151eb6adc5c0","local_time":"20210114171356","is_ascension_mode":false,"campfire_choices":[{"data":"Bash","floor":11.0,"key":"SMITH"},{"data":"Shrug It Off","floor":15.0,"key":"SMITH"}],"circlet_count":0,"master_deck":["Strike_R","Strike_R","Strike_R","Defend_R","Defend_R","Bash+1","Shrug It Off+1"],"relics":["Burning Blood","Golden Idol","HornCleat","Dream Catcher","Smiling Mask"],"acts_visited":["Exordium"],"potions_floor_usage":[16],"damage_taken":[{"damage":6.0,"enemies":"Jaw Worm","floor":1.0,"turns":5.0},{"damage":1.0,"enemies":"2 Louse","floor":5.0,"turns":4.0},{"damage":0.0,"enemies":"Small Slimes","floor":7.0,"turns":3.0},{"damage":4.0,"enemies":"Looter","floor":8.0,"turns":4.0},{"damage":46.0,"enemies":"3 Sentries","floor":10.0,"turns":11.0},{"damage":6.0,"enemies":"Exordium Thugs","floor":13.0,"turns":6.0},{"damage":5.0,"enemies":"Gremlin Gang","floor":14.0,"turns":7.0},{"damage":35,"enemies":"Slime Boss","floor":16,"turns":8}],"seed_played":"1789984015844852180","potions_obtained":[{"floor":7.0,"key":"EssenceOfSteel"},{"floor":10.0,"key":"SneckoOil"}],"is_trial":false,"path_per_floor":["M","?","$","?","M","?","M","M","T","E","R","?","M","M","R","B"],"character_chosen":"IRONCLAD","items_purchased":[],"campfire_rested":0,"item_purchase_floors":[],"current_hp_per_floor":[56,56,56,56,61,61,67,69,69,29,29,29,29,30,30,0,0],"gold":208,"neow_bonus":"REMOVE_TWO","is_daily":false,"chose_seed":false,"campfire_upgraded":2,"win_rate":0.0,"timestamp":1610615636,"path_taken":["M","?","$","?","M","?","M","M","T","E","R","?","?","M","R","BOSS"],"items_purchased_type":[],"build_version":"2020-12-22","purchased_purges":1,"victory":false,"max_hp_per_floor":[80,74,74,74,74,74,74,74,74,74,74,74,74,74,74,74,74],"card_choices":[{"not_picked":["Flex","Evolve","Headbutt"],"picked":"SKIP","floor":1.0},{"not_picked":["Sentinel","Clothesline"],"picked":"Shrug It Off","floor":5.0},{"not_picked":["Havoc","Iron Wave","Perfected Strike"],"picked":"SKIP","floor":7.0},{"not_picked":["Feel No Pain","Reaper","Wild Strike"],"picked":"SKIP","floor":8.0},{"not_picked":["Pommel Strike","Feel No Pain","Uppercut"],"picked":"SKIP","floor":10.0},{"not_picked":["Clothesline","True Grit","Anger"],"picked":"SKIP","floor":13.0},{"not_picked":["Cleave","Warcry","Armaments"],"picked":"SKIP","floor":14.0}],"player_experience":249824,"relics_obtained":[{"floor":9.0,"key":"HornCleat"},{"floor":10.0,"key":"Dream Catcher"}],"event_choices":[{"damage_healed":0.0,"max_hp_gain":0.0,"max_hp_loss":6.0,"gold_gain":0.0,"event_name":"Golden Idol","player_choice":"Lose Max HP","floor":2.0,"gold_loss":0.0,"damage_taken":0.0,"relics_obtained":["Golden Idol"]},{"damage_healed":0.0,"max_hp_gain":0.0,"max_hp_loss":0.0,"gold_gain":0.0,"event_name":"Shining Light","player_choice":"Ignored","floor":4.0,"gold_loss":0.0,"damage_taken":0.0},{"cards_removed":["Defend_R"],"damage_healed":0.0,"max_hp_gain":0.0,"max_hp_loss":0.0,"gold_gain":0.0,"event_name":"The Cleric","player_choice":"Card Removal","floor":6.0,"gold_loss":50.0,"damage_taken":0.0},{"damage_healed":0.0,"max_hp_gain":0.0,"max_hp_loss":0.0,"gold_gain":0.0,"event_name":"WeMeetAgain","player_choice":"Gave Potion","floor":12.0,"gold_loss":0.0,"damage_taken":0.0,"relics_obtained":["Smiling Mask"]}],"is_beta":false,"boss_relics":[],"items_purged_floors":[3],"is_endless":false,"potions_floor_spawned":[7,10],"killed_by":"Slime Boss","ascension_level":0}}