{"host":"s794kqxf2n1qz2yr","time":1610630404,"event":{"mods":["100% Spire Juice","2.2 Compatiblity","AchievementEnabler","Aspiration","Bard","BaseMod","ChefMod","Downfall","Friendly Minions","Hermit","Marisa????????","Minty Spire (QoL Compilation)","Permanent Neow","StSLib","The Animator","The Cursed","TheHeartMod"],"gold_per_floor":[99,115,115,179,191,65,141,141,155,155,171,201,216,216,236,236,236],"floor_reached":16,"language":"ENG","playtime":1157,"items_purged":["theHeart:theHeartCommonAttack"],"score":152,"play_id":"efc78956-c146-4402-a888-002a41e0cc12","local_time":"20210114132004","is_ascension_mode":false,"campfire_choices":[{"data":"theHeart:BloodDrop","floor":1,"key":"SMITH"},{"data":"theHeart:QuantumEntanglement","floor":8,"key":"SMITH"},{"data":"theHeart:FattyMembrane","floor":10,"key":"SMITH"}],"circlet_count":0,"master_deck":["theHeart:BloodDrop+1","theHeart:Scab","theHeart:theHeartDefend","theHeart:theHeartDefend","theHeart:theHeartDefend","theHeart:theHeartDefend","theHeart:theHeartCommonAttack","theHeart:theHeartCommonAttack","theHeart:theHeartCommonAttack","theHeart:SpireGrowth","theHeart:SpireGrowth","theHeart:ArterialFlow","theHeart:QuantumEntanglement+1","theHeart:FattyMembrane+1","theHeart:SpireGrowth","theHeart:OxygenRichBlood","theHeart:Hemorrhage","theHeart:SpireGrowth","theHeart:CorruptedForm","theHeart:Antibiotics"],"relics":["theHeart:BeatOfDeath","downfall:ShatteredFragment","Meat on the Bone","Mercury Hourglass","Question Card"],"acts_visited":["Exordium"],"potions_floor_usage":[],"damage_taken":[{"damage":2,"enemies":"Small Slimes","floor":2,"turns":7},{"damage":51,"enemies":"Gremlin Nob","floor":4,"turns":6},{"damage":0,"enemies":"2 Louse","floor":5,"turns":3},{"damage":0,"enemies":"downfall:FleeingMerchant","floor":6,"turns":4},{"damage":0,"enemies":"Cultist","floor":9,"turns":2},{"damage":1,"enemies":"Large Slime","floor":11,"turns":5},{"damage":0,"enemies":"Lagavulin","floor":12,"turns":7},{"damage":0,"enemies":"Blue Slaver","floor":13,"turns":4},{"damage":1,"enemies":"3 Louse","floor":15,"turns":3},{"damage":46,"enemies":"downfall:Defect","floor":16,"turns":10}],"seed_played":"-2569694602730741794","potions_obtained":[{"floor":9,"key":"EntropicBrew"},{"floor":12,"key":"Swift Potion"}],"is_trial":false,"path_per_floor":["R","M","?","?","M","$","T","R","M","R","M","E","M","?","M","B"],"character_chosen":"THE_HEART","items_purchased":["theHeart:FattyMembrane"],"campfire_rested":0,"item_purchase_floors":[6],"current_hp_per_floor":[75,73,73,22,34,46,46,46,46,46,45,45,45,45,44,0,0],"gold":236,"neow_bonus":"THREE_CARDS","is_daily":false,"chose_seed":false,"campfire_upgraded":3,"win_rate":0.0,"timestamp":1610630404,"path_taken":["R","M","?","?","M","$","T","R","M","R","M","E","M","?","M","BOSS"],"items_purchased_type":["Card"],"build_version":"2020-12-22","purchased_purges":1,"victory":false,"max_hp_per_floor":[75,75,75,75,75,75,75,75,75,75,75,75,75,75,75,75,75],"card_choices":[{"not_picked":["theHeart:TranquilRhythm","theHeart:LeechSeed"],"picked":"theHeart:SpireGrowth","floor":0},{"not_picked":["theHeart:Crush","theHeart:CapillaryExchange"],"picked":"theHeart:SpireGrowth","floor":2},{"not_picked":["theHeart:Tachycardia","theHeart:Arrhythmia"],"picked":"theHeart:ArterialFlow","floor":5},{"not_picked":["theHeart:Arrhythmia","theHeart:Embolism"],"picked":"theHeart:QuantumEntanglement","floor":6},{"not_picked":["theHeart:Tachycardia","theHeart:CapillaryExchange"],"picked":"theHeart:SpireGrowth","floor":9},{"not_picked":["theHeart:TentacleWhip","theHeart:Embolism"],"picked":"theHeart:OxygenRichBlood","floor":11},{"not_picked":["theHeart:Toil","theHeart:EndlessHatred"],"picked":"theHeart:Hemorrhage","floor":12},{"not_picked":["theHeart:Cleanse","theHeart:PrecisionCut","theHeart:TranquilRhythm"],"picked":"theHeart:SpireGrowth","floor":13},{"not_picked":["theHeart:CapillaryExchange","theHeart:Arrhythmia","theHeart:PoisonousCyst"],"picked":"theHeart:Antibiotics","floor":15}],"player_experience":372872,"relics_obtained":[{"floor":4,"key":"Meat on the Bone"},{"floor":7,"key":"Mercury Hourglass"},{"floor":12,"key":"Question Card"}],"event_choices":[{"damage_healed":0,"gold_gain":0,"cards_transformed":["theHeart:theHeartCommonAttack"],"player_choice":"Transformed","damage_taken":0,"max_hp_gain":0,"max_hp_loss":0,"event_name":"Transmorgrifier","floor":14,"gold_loss":0,"cards_obtained":["theHeart:CorruptedForm"]}],"is_beta":false,"boss_relics":[],"items_purged_floors":[6],"is_endless":false,"potions_floor_spawned":[9,12],"killed_by":"downfall:Defect","ascension_level":0}}