{"host":"uzp1tn8qxn9571p9","time":1610665324,"event":{"mods":["BaseMod","Colored Map","Colored Powertips","Hermit","Minty Spire (QoL Compilation)","Shop Mod","StSLib","The Hierophant","óô»ðÖ¸ÄÏ"],"gold_per_floor":[17,32,44,119,139,139,139,139,139,167,183,205,237,253,253,357,357,374,384,279,279,32,66,66,36,83,98,98,125,144,156,156,255,255,274,149,160,160,173,200,200,214,241,91,91,111,42,42,42,42,42],"floor_reached":50,"language":"ZHS","playtime":2382,"items_purged":["SpiritShield","Ragnarok","FearNoEvil+1","FlurryOfBlows"],"score":597,"play_id":"6be398aa-897c-4844-bf48-49a8690c5539","local_time":"20210115070204","is_ascension_mode":false,"campfire_choices":[{"data":"Eruption","floor":6.0,"key":"SMITH"},{"data":"Vigilance","floor":8.0,"key":"SMITH"},{"data":"PathToVictory","floor":15.0,"key":"SMITH"},{"data":"PathToVictory","floor":24.0,"key":"SMITH"},{"floor":28.0,"key":"REST"},{"data":"LikeWater","floor":32.0,"key":"SMITH"},{"data":"CrushJoints","floor":41,"key":"SMITH"},{"floor":49,"key":"RECALL"}],"circlet_count":0,"master_deck":["Eruption+1","Vigilance+1","LikeWater+1","FearNoEvil+1","PathToVictory+1","PathToVictory+1","LikeWater+1","FlyingSleeves+1","WaveOfTheHand","CrushJoints+1","SignatureMove+1","EmptyFist+1","Tantrum","Madness","Madness"],"relics":["PureWater","TeardropLocket","Odd Mushroom","Regal Pillow","MerchantsRug","Lantern","InkBottle","Toy Ornithopter","Nunchaku","Busted Crown","Yang","Boot"],"acts_visited":["Exordium","TheCity","TheBeyond"],"potions_floor_usage":[33,33,33,40,40],"damage_taken":[{"damage":0.0,"enemies":"Cultist","floor":1.0,"turns":2.0},{"damage":0.0,"enemies":"2 Louse","floor":2.0,"turns":1.0},{"damage":0.0,"enemies":"Small Slimes","floor":3.0,"turns":2.0},{"damage":2.0,"enemies":"Looter","floor":5.0,"turns":4.0},{"damage":8.0,"enemies":"Lagavulin","floor":10.0,"turns":6.0},{"damage":4.0,"enemies":"Blue Slaver","floor":11.0,"turns":3.0},{"damage":1.0,"enemies":"The Mushroom Lair","floor":12.0,"turns":4.0},{"damage":27.0,"enemies":"3 Sentries","floor":13.0,"turns":10.0},{"damage":13.0,"enemies":"Red Slaver","floor":14.0,"turns":4.0},{"damage":5.0,"enemies":"Hexaghost","floor":16.0,"turns":7.0},{"damage":16.0,"enemies":"Shell Parasite","floor":18.0,"turns":5.0},{"damage":12.0,"enemies":"2 Thieves","floor":19.0,"turns":3.0},{"damage":16.0,"enemies":"Book of Stabbing","floor":23.0,"turns":5.0},{"damage":7.0,"enemies":"Sentry and Sphere","floor":27.0,"turns":4.0},{"damage":0.0,"enemies":"Gremlin Leader","floor":29.0,"turns":2.0},{"damage":8.0,"enemies":"3 Cultists","floor":30.0,"turns":4.0},{"damage":13.0,"enemies":"Centurion and Healer","floor":31.0,"turns":5.0},{"damage":37,"enemies":"Champ","floor":33,"turns":5},{"damage":22,"enemies":"3 Shapes","floor":35,"turns":3},{"damage":24,"enemies":"3 Darklings","floor":37,"turns":3},{"damage":10,"enemies":"Sphere and 2 Shapes","floor":39,"turns":5},{"damage":11,"enemies":"Reptomancer","floor":40,"turns":2},{"damage":12,"enemies":"Spire Growth","floor":42,"turns":3},{"damage":1,"enemies":"Writhing Mass","floor":46,"turns":3},{"damage":68,"enemies":"Awakened One","floor":50,"turns":4}],"seed_played":"675270516058465602","potions_obtained":[{"floor":1.0,"key":"Ancient Potion"},{"floor":3.0,"key":"Energy Potion"},{"floor":13.0,"key":"SkillPotion"},{"floor":25.0,"key":"LiquidBronze"},{"floor":25.0,"key":"StancePotion"},{"floor":30.0,"key":"Energy Potion"},{"floor":31.0,"key":"Energy Potion"},{"floor":33,"key":"FearPotion"},{"floor":37,"key":"Swift Potion"},{"floor":40,"key":"Explosive Potion"}],"is_trial":false,"path_per_floor":["M","M","M","?","M","R","?","R","T","E","M","?","E","M","R","B",null,"M","M","$","?","$","E","R","?","T","M","R","E","M","M","R","B",null,"M","$","M","?","M","E","R","M","T","$","?","M","$","?","R","B"],"character_chosen":"WATCHER","items_purchased":["MerchantsRug","Lantern","Tantrum"],"campfire_rested":1,"item_purchase_floors":[20,22,47],"current_hp_per_floor":[72,72,72,61,59,59,64,64,64,56,52,51,24,11,11,6,77,61,49,49,35,35,19,19,19,19,17,56,61,53,40,40,18,82,60,60,36,92,82,81,81,69,69,69,69,68,68,56,56,0,0],"gold":42,"neow_bonus":"REMOVE_TWO","is_daily":false,"chose_seed":false,"campfire_upgraded":6,"win_rate":0.0,"timestamp":1610665324,"path_taken":["M","M","?","?","M","R","?","R","T","E","M","?","E","M","R","BOSS","M","M","$","?","$","E","R","?","T","M","R","E","?","?","R","BOSS","M","$","M","?","?","E","R","M","T","?","?","M","$","?","R","BOSS"],"items_purchased_type":["Relic","Relic","Card"],"build_version":"2020-12-22","purchased_purges":4,"victory":false,"max_hp_per_floor":[72,72,72,72,72,72,77,77,77,77,77,77,77,77,77,77,77,77,77,77,82,82,82,82,82,82,82,82,82,82,82,82,82,82,82,82,82,92,92,92,92,92,92,92,92,92,92,92,92,92,92],"card_choices":[{"not_picked":["ForeignInfluence","Prostrate"],"picked":"FearNoEvil","floor":1.0},{"not_picked":["CrushJoints","SashWhip"],"picked":"LikeWater","floor":2.0},{"not_picked":["CrushJoints","ThirdEye","Worship"],"picked":"SKIP","floor":3.0},{"not_picked":["JustLucky","BattleHymn","Perseverance"],"picked":"SKIP","floor":5.0},{"not_picked":["Pray","Conclude"],"picked":"FearNoEvil","floor":10.0},{"not_picked":["MentalFortress","Protect"],"picked":"PathToVictory","floor":11.0},{"not_picked":["Fasting2","Swivel"],"picked":"PathToVictory","floor":12.0},{"not_picked":["JustLucky","SignatureMove","ClearTheMind"],"picked":"SKIP","floor":13.0},{"not_picked":["Nirvana","MentalFortress"],"picked":"LikeWater","floor":14.0},{"not_picked":["MasterReality","Vault"],"picked":"LessonLearned","floor":16.0},{"not_picked":["BowlingBash","CutThroughFate+1","EmptyFist"],"picked":"SKIP","floor":18.0},{"not_picked":["DeceiveReality","JustLucky+1","ClearTheMind"],"picked":"SKIP","floor":19.0},{"not_picked":["Halt","ThirdEye"],"picked":"SignatureMove+1","floor":23.0},{"not_picked":["Ragnarok","ThirdEye","LikeWater"],"picked":"SKIP","floor":27.0},{"not_picked":["FollowUp","Perseverance"],"picked":"FlurryOfBlows","floor":29.0},{"not_picked":["FlyingSleeves","Conclude","WheelKick"],"picked":"SKIP","floor":30.0},{"not_picked":["MentalFortress+1","FollowUp","ThirdEye"],"picked":"SKIP","floor":31.0},{"not_picked":["Wireheading"],"picked":"SKIP","floor":35},{"not_picked":[],"picked":"EmptyFist+1","floor":37},{"not_picked":["SashWhip"],"picked":"SKIP","floor":39},{"not_picked":["ThirdEye+1"],"picked":"SKIP","floor":40},{"not_picked":["CrushJoints"],"picked":"SKIP","floor":42},{"not_picked":["EmptyFist"],"picked":"SKIP","floor":46}],"player_experience":360774,"relics_obtained":[{"floor":10.0,"key":"TeardropLocket"},{"floor":12.0,"key":"Odd Mushroom"},{"floor":13.0,"key":"Regal Pillow"},{"floor":23.0,"key":"InkBottle"},{"floor":26.0,"key":"Toy Ornithopter"},{"floor":29.0,"key":"Nunchaku"},{"floor":40,"key":"Yang"},{"floor":43,"key":"Boot"}],"event_choices":[{"damage_healed":0.0,"max_hp_gain":0.0,"max_hp_loss":0.0,"gold_gain":75.0,"event_name":"World of Goop","player_choice":"Gather Gold","floor":4.0,"gold_loss":0.0,"damage_taken":11.0},{"damage_healed":0.0,"max_hp_gain":5.0,"max_hp_loss":0.0,"gold_gain":0.0,"event_name":"Big Fish","player_choice":"Donut","floor":7.0,"gold_loss":0.0,"damage_taken":0.0},{"damage_healed":0.0,"max_hp_gain":0.0,"max_hp_loss":0.0,"gold_gain":0.0,"event_name":"Mushrooms","player_choice":"Fought Mushrooms","floor":12.0,"gold_loss":0.0,"damage_taken":0.0},{"damage_healed":0.0,"max_hp_gain":5.0,"max_hp_loss":0.0,"gold_gain":0.0,"event_name":"Forgotten Altar","player_choice":"Shed Blood","floor":21.0,"gold_loss":0.0,"damage_taken":19.0},{"damage_healed":0.0,"max_hp_gain":0.0,"max_hp_loss":0.0,"gold_gain":0.0,"event_name":"The Woman in Blue","player_choice":"Bought 2 Potions","floor":25.0,"gold_loss":0.0,"damage_taken":0.0},{"cards_removed":["LessonLearned"],"damage_healed":46,"gold_gain":0,"player_choice":"Offered Rare","damage_taken":0,"max_hp_gain":10,"max_hp_loss":0,"event_name":"Bonfire Elementals","floor":38,"gold_loss":0},{"cards_removed":["Halt"],"damage_healed":0,"gold_gain":0,"player_choice":"Removed Skill","damage_taken":0,"max_hp_gain":0,"max_hp_loss":0,"event_name":"Falling","floor":45,"gold_loss":0},{"damage_healed":0,"gold_gain":0,"player_choice":"Embrace Madness","damage_taken":12,"max_hp_gain":0,"max_hp_loss":0,"event_name":"Winding Halls","floor":48,"gold_loss":0,"cards_obtained":["Madness","Madness"]}],"is_beta":false,"boss_relics":[{"not_picked":["Cursed Key","Snecko Eye"],"picked":"Pandora\u0027s Box"},{"not_picked":["Tiny House","SacredBark"],"picked":"Busted Crown"}],"items_purged_floors":[20,22,36,44],"is_endless":false,"potions_floor_spawned":[1,3,13,16,30,31,33,37,40],"killed_by":"Awakened One","ascension_level":0}}