{"host":"u9xtr94typ21duox","time":1610593757,"event":{"mods":["BaseMod","Key Reminder","KinomotoSakuraMod(木之本樱)","LagranYue(拉格朗・月)","Marisa（F雨　魔理沙）","Minty Spire (QoL Compilation)","Reimu（博丽灵梦）","Remilia（蕾米莉亚）","Replay The Spire","StSLib","Td1madao Mod","The Administrix","The Bladedancer","The Bug Knight","The Construct","The Cursed","The Gatherer","The Runesmith","The Servant 0.9.4","WarShipGirlsR/战舰少女R mod","Youmu（魂魄妖梦）","vexMod"],"gold_per_floor":[110,110,121,136,136,162,174,207,254,285,299,299,8,8,8,109,775,786,661,677,287,298,298,308,336,336,361,361,379,294,51,51,155,155,166,76,25,35,35,69,69,101,124,124,134,46,71,86,86,86,86,86,7,33,33],"floor_reached":56,"language":"ZHS","playtime":3457,"items_purged":["Strike_MRS","Pride","Pride","Pride","Defend_MRS"],"score":1743,"play_id":"4803eb2e-309e-49c0-9d05-232dd59081aa","local_time":"20210114110917","is_ascension_mode":true,"campfire_choices":[{"floor":12.0,"key":"REST"},{"data":"Apotheosis","floor":15.0,"key":"SMITH"},{"floor":23,"key":"REST"},{"floor":32,"key":"REST"},{"data":"OrrerysSun","floor":41,"key":"SMITH"},{"floor":44,"key":"RECALL"},{"data":"MilkyWay","floor":49,"key":"SMITH"},{"data":"MilkyWay","floor":52,"key":"SMITH"}],"circlet_count":0,"master_deck":["Strike_MRS","Strike_MRS","Strike_MRS","Defend_MRS","Defend_MRS","Defend_MRS","UpSweep","CasketOfStar","ShootingEcho+1","Apotheosis+1","CasketOfStar","Orbital+1","MilkyWay+1","Apotheosis+1","MilkyWay","GalacticHalo","Acceleration","DragonMeteor+1","TreasureHunter","OrrerysSun+1","MilkyWay+1","OrrerysSun+1","Orbital+1","EnergyFlow+1","RefractionSpark","SprinkleStarSeal"],"relics":["MiniHakkero","LagranYue:RandomDrawCardRelic","Regal Pillow","Mastiff:ReiMu","Juzu Bracelet","Membership Card","FaceOfCleric","vexMod:RockOfEvil","Happy Flower","Mummified Hand","DollysMirror","Simple Rune","Runesmith:AutoHammer","Gremlin Horn","HollowMod:LifeEnderRelic","Eternal Feather","SlaversCollar","Quantum Egg","Whetstone","Bag of Marbles","Nunchaku","LagranYue:MagicReflectiveArmorRelic","Vajra","Strawberry","construct:RocketBooster"],"acts_visited":["Exordium","TheCity","TheBeyond","TheEnding"],"potions_floor_usage":[31,55,55,55],"damage_taken":[{"damage":2.0,"enemies":"Jaw Worm","floor":1.0,"turns":4.0},{"damage":2.0,"enemies":"Cultist","floor":3.0,"turns":4.0},{"damage":1.0,"enemies":"Small Slimes","floor":4.0,"turns":4.0},{"damage":35.0,"enemies":"3 Sentries","floor":6.0,"turns":11.0},{"damage":11.0,"enemies":"3 Louse","floor":7.0,"turns":4.0},{"damage":29.0,"enemies":"Gremlin Nob","floor":8.0,"turns":5.0},{"damage":0.0,"enemies":"Replay:BlueRogue","floor":10.0,"turns":8.0},{"damage":1.0,"enemies":"Exordium Wildlife","floor":11.0,"turns":5.0},{"damage":14.0,"enemies":"The Guardian","floor":16.0,"turns":9.0},{"damage":33.0,"enemies":"Chosen","floor":18.0,"turns":8.0},{"damage":38.0,"enemies":"Centurion and Healer","floor":20.0,"turns":6.0},{"damage":0,"enemies":"Snake Plant","floor":22,"turns":4},{"damage":10,"enemies":"3 Cultists","floor":24,"turns":4},{"damage":24,"enemies":"Slavers","floor":25,"turns":6},{"damage":4,"enemies":"Replay:Snechameleon","floor":27,"turns":5},{"damage":11,"enemies":"Cultist and Chosen","floor":29,"turns":6},{"damage":45,"enemies":"Collector","floor":33,"turns":9},{"damage":10,"enemies":"3 Darklings","floor":35,"turns":5},{"damage":1,"enemies":"3 Shapes","floor":38,"turns":4},{"damage":0,"enemies":"Nemesis","floor":40,"turns":5},{"damage":8,"enemies":"Giant Head","floor":42,"turns":8},{"damage":0,"enemies":"Sphere and 2 Shapes","floor":45,"turns":3},{"damage":0,"enemies":"R_Hoarder","floor":47,"turns":6},{"damage":0,"enemies":"4 Shapes","floor":48,"turns":3},{"damage":0,"enemies":"Donu and Deca","floor":50,"turns":5},{"damage":0,"enemies":"Shield and Spear","floor":54,"turns":3},{"damage":41,"enemies":"The Heart","floor":55,"turns":6}],"seed_played":"-8190906386800688803","potions_obtained":[{"floor":3.0,"key":"ColorlessPotion"},{"floor":6.0,"key":"FearPotion"},{"floor":10.0,"key":"SpeedPotion"},{"floor":11.0,"key":"EntropicBrew"},{"floor":20.0,"key":"StarNLove"},{"floor":35,"key":"Adrenaline Potion"}],"is_trial":false,"path_per_floor":["M","?","M","M","?","E","M","E","T","E","M","R","$","?","R","B",null,"M","$","M","$","M","R","M","E","T","E","?","M","?","$","R","B",null,"M","?","$","M","$","E","R","E","T","R","M","$","E","M","R","B",null,"R","$","E","B",null],"character_chosen":"MARISA","items_purchased":["Membership Card","Apotheosis","Happy Flower","Mummified Hand","DollysMirror","Simple Rune","MilkyWay","GalacticHalo","Eternal Feather","Fruit Juice","OrrerysSun","MilkyWay","RefractionSpark","SprinkleStarSeal"],"campfire_rested":3,"item_purchase_floors":[13,13,19,21,21,21,21,21,31,31,37,37,53,53],"current_hp_per_floor":[80,82,80,79,79,44,33,4,4,4,3,42,42,42,42,29,83,51,51,14,14,15,55,46,23,23,20,20,10,10,15,70,26,96,87,87,87,87,87,88,99,92,92,100,101,101,109,110,110,111,111,111,111,112,72],"gold":33,"neow_bonus":"TEN_PERCENT_HP_BONUS","is_daily":false,"chose_seed":false,"campfire_upgraded":4,"win_rate":0.0,"timestamp":1610593757,"path_taken":["M","?","M","?","?","E","M","E","T","E","M","R","$","?","R","BOSS","M","?","M","$","M","R","M","E","T","E","?","M","?","$","R","BOSS","M","?","?","M","$","E","R","E","T","R","M","$","E","M","R","BOSS","R","$","E","BOSS"],"items_purchased_type":["Relic","Card","Relic","Relic","Relic","Relic","Card","Card","Relic","Potion","Card","Card","Card","Card"],"build_version":"2020-12-22","purchased_purges":5,"victory":true,"max_hp_per_floor":[82,82,82,82,82,82,82,82,82,82,82,82,82,82,82,83,83,84,84,85,85,86,86,87,88,88,89,89,90,90,95,95,96,96,97,97,97,98,98,99,99,100,100,100,101,101,109,110,110,111,111,111,111,112,113],"card_choices":[{"not_picked":["ShootingEcho","SporeBomb"],"picked":"EnergyRecoil","floor":1.0},{"not_picked":["GravityBeat","GrandCross","Robbery"],"picked":"SKIP","floor":3.0},{"not_picked":["LuminesStrike","MysteriousBeam","IllusionStar"],"picked":"SKIP","floor":4.0},{"not_picked":["ShootTheMoon","MysteriousBeam"],"picked":"CasketOfStar","floor":6.0},{"not_picked":["WitchLeyline","IllusionStar","SporeBomb"],"picked":"SKIP","floor":7.0},{"not_picked":["SuperPerseids","SatelliteIllusion","CollectingQuirk"],"picked":"SKIP","floor":8.0},{"not_picked":["DC","GasGiant","SporeBomb"],"picked":"SKIP","floor":10.0},{"not_picked":["NonDirectionalLaser","WitchLeyline"],"picked":"ShootingEcho","floor":11.0},{"not_picked":["SuperNova","BinaryStars"],"picked":"CasketOfStar","floor":16.0},{"not_picked":["GravityBeat","Occultation"],"picked":"Orbital+1","floor":18.0},{"not_picked":["SuperPerseids","WitchLeyline+1"],"picked":"MilkyWay","floor":20.0},{"not_picked":["ShootingEcho+1","DarkSpark","WitchOfGreed"],"picked":"SKIP","floor":22},{"not_picked":["ChargingUp","6A","DoubleSpark"],"picked":"SKIP","floor":24},{"not_picked":["GalacticHalo","WitchOfGreed"],"picked":"Acceleration","floor":25},{"not_picked":["FairyDestructionRay+1","NonDirectionalLaser"],"picked":"DragonMeteor+1","floor":27},{"not_picked":["CollectingQuirk","OpenUniverse+1","GrandCross"],"picked":"SKIP","floor":29},{"not_picked":["BlazingStar","AbsoluteMagnitude"],"picked":"TreasureHunter","floor":33},{"not_picked":["DeepEcoloBomb","6A+1","AsteroidBelt"],"picked":"SKIP","floor":35},{"not_picked":["DC+1","SporeBomb"],"picked":"OrrerysSun+1","floor":38},{"not_picked":["IllusionStar","GrandCross"],"picked":"Orbital+1","floor":40},{"not_picked":["ShootingEcho","WitchLeyline","WitchOfGreed"],"picked":"SKIP","floor":42},{"not_picked":["OortCloud+1","PowerUp+1"],"picked":"EnergyFlow+1","floor":45},{"not_picked":["StarlightTyphoon+1","PowerUp+1","WitchLeyline"],"picked":"SKIP","floor":47},{"not_picked":["ShootingEcho+1","EscapeVelocity","MysteriousBeam"],"picked":"SKIP","floor":48},{"not_picked":["UnstableBomb","WitchOfGreed","MeteoricShower"],"picked":"SKIP","floor":54}],"player_experience":297731,"relics_obtained":[{"floor":6.0,"key":"Regal Pillow"},{"floor":9.0,"key":"Mastiff:ReiMu"},{"floor":10.0,"key":"Juzu Bracelet"},{"floor":25,"key":"Runesmith:AutoHammer"},{"floor":27,"key":"Gremlin Horn"},{"floor":40,"key":"Quantum Egg"},{"floor":40,"key":"Whetstone"},{"floor":42,"key":"Bag of Marbles"},{"floor":42,"key":"Nunchaku"},{"floor":43,"key":"LagranYue:MagicReflectiveArmorRelic"},{"floor":47,"key":"Vajra"},{"floor":47,"key":"Strawberry"},{"floor":54,"key":"construct:RocketBooster"}],"event_choices":[{"damage_healed":2.0,"max_hp_gain":0.0,"max_hp_loss":0.0,"gold_gain":0.0,"event_name":"Wheel of Change","player_choice":"Full Heal","floor":2.0,"gold_loss":0.0,"damage_taken":0.0},{"damage_healed":0.0,"max_hp_gain":0.0,"max_hp_loss":0.0,"gold_gain":0.0,"event_name":"FaceTrader","player_choice":"Trade","floor":14.0,"gold_loss":0.0,"damage_taken":0.0,"relics_obtained":["FaceOfCleric"]},{"damage_healed":0,"gold_gain":0,"player_choice":"Ignored","damage_taken":0,"max_hp_gain":0,"max_hp_loss":0,"event_name":"Vampires","floor":28,"gold_loss":0},{"damage_healed":0,"gold_gain":0,"player_choice":"Obtained Relic","damage_taken":0,"relics_obtained":["HollowMod:LifeEnderRelic"],"max_hp_gain":0,"max_hp_loss":0,"event_name":"Addict","floor":30,"gold_loss":85},{"cards_removed":["EnergyRecoil"],"damage_healed":0,"gold_gain":0,"player_choice":"Upgrade and Remove","damage_taken":0,"max_hp_gain":0,"max_hp_loss":0,"event_name":"Designer","floor":36,"gold_loss":90,"cards_upgraded":["Defend_MRS"]}],"is_beta":false,"boss_relics":[{"not_picked":["Ring of Chaos","Runic Dome"],"picked":"vexMod:RockOfEvil"},{"not_picked":["Abe\u0027s Treasure","Calling Bell"],"picked":"SlaversCollar"}],"items_purged_floors":[13,19,21,31,46],"is_endless":false,"potions_floor_spawned":[3,6,10,11,20,24,25,29,35,45,47,48],"ascension_level":3}}