{"host":"1cd1aqaox6jesai3","time":1610605059,"event":{"mods":["Act Like it!","Arknights The Spire","Astrologer","Bartender","BaseMod","Colored Powertips","Googly Eyes","Hallownest","Infinite Spire","Mimic Mod","Minty Spire (QoL Compilation)","Replay The Spire","StSLib","The Bladedancer","The Bug Knight","The Construct","The Factory","The Hierophant"],"gold_per_floor":[118,6,21,21,21,40,40,69,69,69,88,7,37,37,37,37,37],"floor_reached":16,"language":"ENG","playtime":804,"items_purged":[],"score":108,"play_id":"cf9a137b-e55c-4b73-869a-9c7c01fd59fb","local_time":"20210114011739","is_ascension_mode":false,"campfire_choices":[{"data":"blademaster:Quickstep","floor":10,"key":"SMITH"},{"floor":15,"key":"REST"}],"circlet_count":0,"master_deck":["blademaster:Strike","blademaster:Strike","blademaster:Strike","blademaster:Defend","blademaster:Defend","blademaster:Defend","blademaster:Defend","blademaster:RagingBlow","blademaster:HighVoltage","ReplayTheSpireMod:Faulty Equipment","blademaster:EnchantedCuirass","blademaster:FuriousStrike","blademaster:Sharpen+1","blademaster:BladeMastery+1","blademaster:LightningCrash","blademaster:Thrust","blademaster:Quickstep+1","blademaster:BladeMastery","blademaster:DaggerAndCloak","blademaster:CullingStrike","blademaster:ParryingStrike"],"relics":["blademaster:DancersAmulet","Divine Protection","Dream Catcher","infinitespire:Lychee Nut","Thread and Needle"],"acts_visited":["Exordium"],"potions_floor_usage":[13],"damage_taken":[{"damage":3,"enemies":"Cultist","floor":1,"turns":6},{"damage":11,"enemies":"Jaw Worm","floor":3,"turns":3},{"damage":3,"enemies":"Small Slimes","floor":6,"turns":4},{"damage":16,"enemies":"3 Sentries","floor":8,"turns":6},{"damage":14,"enemies":"3 Louse","floor":11,"turns":4},{"damage":33,"enemies":"Gremlin Nob","floor":13,"turns":5},{"damage":35,"enemies":"Slime Boss","floor":16,"turns":5}],"seed_played":"2637424410724228060","potions_obtained":[{"floor":6,"key":"SteroidPotion"}],"is_trial":false,"path_per_floor":["M","$","M","?","?","M","?","E","T","R","M","$","E","?","R","B"],"character_chosen":"THE_BLADEMASTER","items_purchased":["blademaster:Sharpen+1","blademaster:BladeMastery","blademaster:BladeMastery"],"campfire_rested":1,"item_purchase_floors":[2,2,12],"current_hp_per_floor":[72,72,61,61,61,58,58,42,42,42,34,34,7,7,23,0,0],"gold":37,"neow_bonus":"THREE_RARE_CARDS","is_daily":false,"chose_seed":false,"campfire_upgraded":1,"win_rate":0.0,"timestamp":1610605059,"path_taken":["M","?","M","?","?","M","?","E","T","R","M","$","E","?","R","BOSS"],"items_purchased_type":["Card","Card","Card"],"build_version":"2020-12-22","purchased_purges":0,"victory":false,"max_hp_per_floor":[75,75,75,75,75,75,75,75,56,56,56,56,56,56,56,56,56],"card_choices":[{"not_picked":["blademaster:RollingTyphoon","blademaster:UnrelentingWind"],"picked":"blademaster:EnchantedCuirass","floor":0},{"not_picked":["blademaster:Discharge","blademaster:EyeOfTheStorm"],"picked":"blademaster:FuriousStrike","floor":1},{"not_picked":["blademaster:Sharpen","blademaster:BrainBloom"],"picked":"blademaster:LightningCrash","floor":3},{"not_picked":["blademaster:ThunderingOpener","blademaster:ChargingUp"],"picked":"blademaster:Thrust","floor":6},{"not_picked":["blademaster:Stability","blademaster:BloodyBlow"],"picked":"blademaster:Quickstep","floor":8},{"not_picked":["blademaster:Hailwind","blademaster:AspectOfLightning","blademaster:UnrelentingWind"],"picked":"SKIP","floor":11},{"not_picked":["blademaster:ParryingStrike","blademaster:Sunder"],"picked":"blademaster:DaggerAndCloak","floor":13},{"not_picked":["blademaster:BrainBloom","blademaster:DragonStrike"],"picked":"blademaster:ParryingStrike","floor":15}],"player_experience":166821,"relics_obtained":[{"floor":5,"key":"Divine Protection"},{"floor":8,"key":"Dream Catcher"},{"floor":8,"key":"blademaster:RandomBladePerk"},{"floor":9,"key":"infinitespire:Lychee Nut"},{"floor":13,"key":"Thread and Needle"},{"floor":13,"key":"blademaster:LightningChargePerk"}],"event_choices":[{"damage_healed":0,"gold_gain":0,"player_choice":"Grow","damage_taken":0,"max_hp_gain":0,"max_hp_loss":0,"event_name":"Living Wall","floor":4,"gold_loss":0,"cards_upgraded":["blademaster:BladeMastery"]},{"damage_healed":0,"gold_gain":0,"player_choice":"Leave","damage_taken":0,"max_hp_gain":0,"max_hp_loss":0,"event_name":"The Cleric","floor":7,"gold_loss":0},{"damage_healed":0,"gold_gain":0,"cards_transformed":["blademaster:Strike"],"player_choice":"Transformed","damage_taken":0,"max_hp_gain":0,"max_hp_loss":0,"event_name":"Transmorgrifier","floor":14,"gold_loss":0,"cards_obtained":["blademaster:CullingStrike"]}],"is_beta":false,"boss_relics":[],"items_purged_floors":[],"is_endless":false,"potions_floor_spawned":[6],"killed_by":"Slime Boss","ascension_level":0}}