{"host":"fa35vd3kig5td25x","time":1610651154,"event":{"mods":["BaseMod","Colored Powertips","Minty Spire (QoL Compilation)","Relic Stats","Slay the Relics Exporter"],"gold_per_floor":[114,133,133,133,157,157,171,204,204,218,9,52,52,68,68,163,163,163,163,163,5,5,5,5,5,5,5,5,5,5,5,5,5,5,5,5,5,5,5,5,5,5,5,5,5,5,5,5,5,5,5,5,5,5,5,5],"floor_reached":57,"language":"ENG","playtime":4167,"items_purged":[],"score":2887,"play_id":"99ddba58-b115-4fd8-b97d-5768d3bf375d","local_time":"20210114200554","is_ascension_mode":true,"campfire_choices":[{"data":"Bouncing Flask","floor":6.0,"key":"SMITH"},{"floor":15.0,"key":"REST"},{"data":"Footwork","floor":32.0,"key":"SMITH"},{"floor":40.0,"key":"REST"},{"data":"Well Laid Plans","floor":42.0,"key":"SMITH"},{"floor":49.0,"key":"RECALL"},{"data":"Deadly Poison","floor":53.0,"key":"SMITH"}],"circlet_count":0,"master_deck":["AscendersBane","Strike_G+1","Defend_G+1","Defend_G+1","Defend_G+1","Defend_G+1","Survivor","Neutralize","Predator+1","Burst+1","Venomology+1","Deadly Poison+1","Bouncing Flask+1","Crippling Poison","Bane","Well Laid Plans+1","Malaise","Dodge and Roll","Deflect","Adrenaline","Backflip","PiercingWail","Adrenaline","Footwork+1","Reflex+1","Dagger Spray","Acrobatics+1","Backflip","Dash+1","Adrenaline","Footwork+1","Blur","Backflip","Concentrate+1","Expertise+1","Bouncing Flask"],"relics":["Astrolabe","Golden Idol","Sundial","Ginger","FossilizedHelix","Orrery","Gambling Chip","Ectoplasm","Bottled Tornado","DollysMirror","Toy Ornithopter","Molten Egg 2","TungstenRod","Question Card","Bronze Scales","Philosopher\u0027s Stone","Nunchaku","Happy Flower","Blue Candle"],"acts_visited":["Exordium","TheCity","TheBeyond","TheEnding"],"potions_floor_usage":[56,56,56,56],"damage_taken":[{"damage":0.0,"enemies":"Jaw Worm","floor":1.0,"turns":4.0},{"damage":0.0,"enemies":"Small Slimes","floor":2.0,"turns":3.0},{"damage":2.0,"enemies":"Cultist","floor":5.0,"turns":4.0},{"damage":4.0,"enemies":"Red Slaver","floor":7.0,"turns":3.0},{"damage":17.0,"enemies":"Gremlin Nob","floor":8.0,"turns":3.0},{"damage":17.0,"enemies":"Gremlin Gang","floor":10.0,"turns":4.0},{"damage":2.0,"enemies":"3 Sentries","floor":12.0,"turns":6.0},{"damage":1.0,"enemies":"Looter","floor":14.0,"turns":3.0},{"damage":1.0,"enemies":"The Guardian","floor":16.0,"turns":10.0},{"damage":0.0,"enemies":"Shell Parasite","floor":18.0,"turns":5.0},{"damage":0.0,"enemies":"3 Byrds","floor":20.0,"turns":6.0},{"damage":0.0,"enemies":"Centurion and Healer","floor":22.0,"turns":5.0},{"damage":21.0,"enemies":"Slavers","floor":23.0,"turns":7.0},{"damage":0.0,"enemies":"Gremlin Leader","floor":27.0,"turns":7.0},{"damage":0.0,"enemies":"Snake Plant","floor":28.0,"turns":4.0},{"damage":0.0,"enemies":"Colosseum Slavers","floor":29.0,"turns":3.0},{"damage":0.0,"enemies":"Colosseum Nobs","floor":29.0,"turns":3.0},{"damage":0.0,"enemies":"Slavers","floor":30.0,"turns":6.0},{"damage":16.0,"enemies":"Cultist and Chosen","floor":31.0,"turns":6.0},{"damage":22.0,"enemies":"Champ","floor":33.0,"turns":15.0},{"damage":0.0,"enemies":"3 Shapes","floor":35.0,"turns":5.0},{"damage":0.0,"enemies":"3 Darklings","floor":36.0,"turns":5.0},{"damage":29.0,"enemies":"Jaw Worm Horde","floor":38.0,"turns":5.0},{"damage":8.0,"enemies":"Transient","floor":39.0,"turns":6.0},{"damage":0.0,"enemies":"Maw","floor":41.0,"turns":7.0},{"damage":0.0,"enemies":"Giant Head","floor":44.0,"turns":10.0},{"damage":0.0,"enemies":"Jaw Worm Horde","floor":47.0,"turns":5.0},{"damage":0.0,"enemies":"Writhing Mass","floor":48.0,"turns":6.0},{"damage":0.0,"enemies":"Donu and Deca","floor":50.0,"turns":12.0},{"damage":36.0,"enemies":"Awakened One","floor":51.0,"turns":17.0},{"damage":16.0,"enemies":"Shield and Spear","floor":55.0,"turns":8.0},{"damage":15,"enemies":"The Heart","floor":56,"turns":13}],"seed_played":"-4701814252234878926","potions_obtained":[{"floor":1.0,"key":"LiquidMemories"},{"floor":23.0,"key":"AttackPotion"},{"floor":31.0,"key":"DistilledChaos"},{"floor":47.0,"key":"Dexterity Potion"},{"floor":55.0,"key":"ColorlessPotion"}],"is_trial":false,"path_per_floor":["M","M","?","?","M","R","M","E","T","M","$","E","$","M","R","B",null,"M","T","M","$","M","E","?","?","T","E","M","?","E","M","R","B",null,"M","M","?","M","M","R","M","R","T","E","?","?","M","M","R","B","B",null,"R","$","E","B",null],"character_chosen":"THE_SILENT","items_purchased":["Orrery","Deflect","DollysMirror"],"campfire_rested":2,"item_purchase_floors":[11,11,21],"current_hp_per_floor":[59,59,59,59,57,57,53,36,36,19,19,17,17,16,34,33,53,53,53,53,53,53,46,46,46,46,56,56,60,60,44,44,40,55,55,60,60,36,28,46,51,51,51,60,60,70,70,70,70,70,54,66,66,66,54,59],"gold":5,"neow_bonus":"BOSS_RELIC","is_daily":false,"chose_seed":false,"campfire_upgraded":4,"win_rate":0.0,"timestamp":1610651154,"path_taken":["M","M","?","?","M","R","?","E","T","M","$","E","$","M","R","BOSS","M","?","?","$","M","E","?","?","T","E","M","?","E","M","R","BOSS","M","M","?","M","?","R","M","R","T","E","?","?","?","M","R","BOSS","BOSS","R","$","E","BOSS"],"items_purchased_type":["Relic","Card","Relic"],"build_version":"2020-12-22","purchased_purges":0,"victory":true,"max_hp_per_floor":[66,66,60,60,60,60,60,60,60,60,60,60,60,60,60,60,60,60,60,60,60,60,60,60,60,60,60,60,60,60,60,60,60,60,60,60,60,60,60,60,60,60,60,60,60,70,70,70,70,70,70,70,70,70,70,70],"relic_stats":{"Happy Flower":[20],"counters":[32,206],"Golden Idol":234,"Astrolabe":["Predator","Burst","Venomology"],"Blue Candle":[0],"Ginger":[27],"Question Card":12,"Nunchaku":[9],"Sundial":[36],"Gambling Chip":[81],"Bronze Scales":[557],"Ectoplasm":718,"obtain_stats":[{"Happy Flower":44,"Golden Idol":3,"Astrolabe":0,"Blue Candle":55,"Ginger":8,"Bottled Tornado":19,"Question Card":29,"Nunchaku":43,"Sundial":4,"DollysMirror":21,"Gambling Chip":12,"Bronze Scales":30,"Orrery":11,"Molten Egg 2":27,"Philosopher\u0027s Stone":34,"Ectoplasm":17,"FossilizedHelix":9,"Toy Ornithopter":23,"TungstenRod":29,"Ring of the Snake":0},{"Happy Flower":26,"Golden Idol":2,"Astrolabe":0,"Blue Candle":31,"Ginger":5,"Bottled Tornado":10,"Question Card":17,"Nunchaku":25,"Sundial":2,"DollysMirror":11,"Gambling Chip":7,"Bronze Scales":18,"Orrery":6,"Molten Egg 2":14,"Philosopher\u0027s Stone":20,"Ectoplasm":9,"FossilizedHelix":5,"Toy Ornithopter":13,"TungstenRod":17,"Ring of the Snake":0},{"Happy Flower":145,"Golden Idol":7,"Astrolabe":0,"Blue Candle":193,"Ginger":17,"Bottled Tornado":45,"Question Card":80,"Nunchaku":135,"Sundial":7,"DollysMirror":51,"Gambling Chip":27,"Bronze Scales":86,"Orrery":21,"Molten Egg 2":70,"Philosopher\u0027s Stone":107,"Ectoplasm":40,"FossilizedHelix":17,"Toy Ornithopter":63,"TungstenRod":80,"Ring of the Snake":0}],"Toy Ornithopter":85,"TungstenRod":24},"card_choices":[{"not_picked":["Dagger Spray","Tactician"],"picked":"Deadly Poison","floor":1.0},{"not_picked":["Quick Slash","Sucker Punch"],"picked":"Bouncing Flask","floor":2.0},{"not_picked":["Backflip","Reflex","Dodge and Roll"],"picked":"SKIP","floor":5.0},{"not_picked":["Flying Knee","Quick Slash"],"picked":"Crippling Poison","floor":7.0},{"not_picked":["Flechettes","A Thousand Cuts"],"picked":"Bane","floor":8.0},{"not_picked":["Flying Knee","Outmaneuver","Bane"],"picked":"SKIP","floor":10.0},{"not_picked":["Poisoned Stab","Dagger Spray"],"picked":"Well Laid Plans","floor":11.0},{"not_picked":["Catalyst","PiercingWail"],"picked":"Malaise","floor":11.0},{"not_picked":["Slice","Deadly Poison"],"picked":"Dodge and Roll","floor":11.0},{"not_picked":["Blade Dance","Sucker Punch","Cloak And Dagger"],"picked":"SKIP","floor":12.0},{"not_picked":["Bane","Slice","Envenom"],"picked":"SKIP","floor":14.0},{"not_picked":["Glass Knife","Storm of Steel"],"picked":"Adrenaline","floor":16.0},{"not_picked":["Quick Slash","Prepared"],"picked":"Backflip","floor":18.0},{"not_picked":["Prepared","Dodge and Roll"],"picked":"PiercingWail","floor":20.0},{"not_picked":["Setup+1","Accuracy"],"picked":"Footwork","floor":22.0},{"not_picked":["Venomology","Quick Slash"],"picked":"Reflex+1","floor":23.0},{"not_picked":["Quick Slash+1","Backflip"],"picked":"Acrobatics+1","floor":27.0},{"not_picked":["Well Laid Plans","Underhanded Strike+1","Predator+1"],"picked":"SKIP","floor":28.0},{"not_picked":["Prepared","PiercingWail+1"],"picked":"Backflip","floor":29.0},{"not_picked":["Grand Finale+1","Reflex","Well Laid Plans"],"picked":"Dash+1","floor":30.0},{"not_picked":["Reflex+1","Calculated Gamble","Setup","Eviscerate+1"],"picked":"SKIP","floor":31.0},{"not_picked":["Envenom","Phantasmal Killer","Grand Finale+1"],"picked":"Adrenaline","floor":33.0},{"not_picked":["Quick Slash+1","Terror+1","Predator+1","Flying Knee+1"],"picked":"SKIP","floor":35.0},{"not_picked":["Cloak And Dagger","Dodge and Roll","Sucker Punch+1","Dagger Spray+1"],"picked":"SKIP","floor":36.0},{"not_picked":["Masterful Stab+1","Dagger Spray+1","Outmaneuver"],"picked":"Blur","floor":38.0},{"not_picked":["Accuracy+1","Terror","Bane+1"],"picked":"Backflip","floor":39.0},{"not_picked":["Dagger Throw+1","Dagger Spray+1","Quick Slash+1","Cloak And Dagger"],"picked":"SKIP","floor":41.0},{"not_picked":["Cloak And Dagger","Tools of the Trade","Flying Knee+1"],"picked":"Concentrate+1","floor":44.0},{"not_picked":["Endless Agony+1","Blade Dance","Poisoned Stab+1"],"picked":"Expertise+1","floor":47.0},{"not_picked":["Prepared","Blade Dance","Eviscerate+1","Cloak And Dagger+1"],"picked":"SKIP","floor":48.0},{"not_picked":["All Out Attack+1","Prepared","Terror"],"picked":"Bouncing Flask","floor":55.0}],"player_experience":2924558,"relics_obtained":[{"floor":8.0,"key":"Ginger"},{"floor":9.0,"key":"FossilizedHelix"},{"floor":12.0,"key":"Gambling Chip"},{"floor":19.0,"key":"Bottled Tornado"},{"floor":23.0,"key":"Toy Ornithopter"},{"floor":27.0,"key":"Molten Egg 2"},{"floor":29.0,"key":"TungstenRod"},{"floor":29.0,"key":"Question Card"},{"floor":30.0,"key":"Bronze Scales"},{"floor":43.0,"key":"Nunchaku"},{"floor":44.0,"key":"Happy Flower"},{"floor":55.0,"key":"Blue Candle"}],"event_choices":[{"damage_healed":0.0,"max_hp_gain":0.0,"max_hp_loss":6.0,"gold_gain":0.0,"event_name":"Golden Idol","player_choice":"Lose Max HP","floor":3.0,"gold_loss":0.0,"damage_taken":0.0,"relics_obtained":["Golden Idol"]},{"damage_healed":0.0,"max_hp_gain":0.0,"max_hp_loss":0.0,"gold_gain":0.0,"event_name":"WeMeetAgain","player_choice":"Gave Potion","floor":4.0,"gold_loss":0.0,"damage_taken":0.0,"relics_obtained":["Sundial"]},{"damage_healed":0.0,"max_hp_gain":0.0,"max_hp_loss":0.0,"gold_gain":0.0,"event_name":"Back to Basics","player_choice":"Simplicity","floor":24.0,"gold_loss":0.0,"damage_taken":0.0,"cards_upgraded":["Strike_G","Strike_G","Strike_G","Defend_G","Defend_G","Defend_G","Defend_G"]},{"damage_healed":0.0,"max_hp_gain":0.0,"max_hp_loss":0.0,"gold_gain":0.0,"cards_transformed":["Strike_G","Strike_G"],"event_name":"Drug Dealer","player_choice":"Became Test Subject","floor":25.0,"gold_loss":0.0,"damage_taken":0.0,"cards_obtained":["Storm of Steel","Dagger Spray"]},{"damage_healed":0.0,"max_hp_gain":0.0,"max_hp_loss":0.0,"gold_gain":0.0,"event_name":"Colosseum","player_choice":"Fight","floor":29.0,"gold_loss":0.0,"damage_taken":0.0},{"damage_healed":0.0,"max_hp_gain":0.0,"max_hp_loss":0.0,"gold_gain":0.0,"event_name":"Colosseum","player_choice":"Fought Nobs","floor":29.0,"gold_loss":0.0,"damage_taken":0.0},{"damage_healed":0.0,"max_hp_gain":0.0,"max_hp_loss":0.0,"gold_gain":0.0,"event_name":"Duplicator","player_choice":"Copied","floor":37.0,"gold_loss":0.0,"damage_taken":0.0,"cards_obtained":["Footwork"]},{"damage_healed":0.0,"max_hp_gain":0.0,"max_hp_loss":0.0,"gold_gain":0.0,"event_name":"The Moai Head","player_choice":"Ignored","floor":45.0,"gold_loss":0.0,"damage_taken":0.0},{"cards_removed":["Storm of Steel"],"damage_healed":0.0,"max_hp_gain":10.0,"max_hp_loss":0.0,"gold_gain":0.0,"event_name":"Bonfire Elementals","player_choice":"Offered Rare","floor":46.0,"gold_loss":0.0,"damage_taken":0.0}],"is_beta":false,"boss_relics":[{"not_picked":["Black Star","Calling Bell"],"picked":"Ectoplasm"},{"not_picked":["Velvet Choker","Pandora\u0027s Box"],"picked":"Philosopher\u0027s Stone"}],"items_purged_floors":[],"is_endless":false,"potions_floor_spawned":[1,2,8,23,29,29,31,35,39,47,48,55],"ascension_level":20}}