{"host":"y3h3n3f7seyagppx","time":1610584419,"event":{"mods":["AlwaysNeverKeys","BaseMod","Better Vampires","Colored Powertips","DeckTracker","Emptier Cage","Minty Spire (QoL Compilation)","Permanent Neow","Quick Restart","Rare Cards Sparkle","Relic Sorter","Relic Stats","StSLib","Transform Curses"],"gold_per_floor":[364,129,148,148,148,148,180,180,180,23,53,67,86,113,113,113,113],"floor_reached":16,"language":"ENG","playtime":9798,"items_purged":["Doubt"],"score":236,"play_id":"2cc3b842-268d-4a99-be9a-23e3e1fd71d7","local_time":"20210113193339","is_ascension_mode":true,"campfire_choices":[{"data":"Zap","floor":6,"key":"SMITH"},{"data":"Doom and Gloom","floor":8,"key":"SMITH"},{"data":"Melter","floor":15,"key":"SMITH"}],"circlet_count":0,"master_deck":["AscendersBane","Strike_B","Strike_B","Strike_B","Defend_B","Defend_B+1","Defend_B","Defend_B+1","Zap+1","Dualcast","Cold Snap","Melter+1","Glacier","Doom and Gloom+1"],"relics":["Cracked Core","War Paint","Bottled Lightning","Blue Candle","Sling","Smiling Mask","Happy Flower"],"acts_visited":["Exordium"],"potions_floor_usage":[11],"damage_taken":[{"damage":9,"enemies":"Jaw Worm","floor":1,"turns":4},{"damage":0,"enemies":"Small Slimes","floor":3,"turns":3},{"damage":5,"enemies":"Lagavulin","floor":7,"turns":9},{"damage":9,"enemies":"Gremlin Nob","floor":11,"turns":3},{"damage":0,"enemies":"Cultist","floor":12,"turns":3},{"damage":9,"enemies":"Blue Slaver","floor":13,"turns":4},{"damage":14,"enemies":"Lagavulin","floor":14,"turns":5},{"damage":31,"enemies":"Slime Boss","floor":16,"turns":3}],"seed_played":"4441414170321891928","potions_obtained":[{"floor":1,"key":"LiquidBronze"},{"floor":5,"key":"SteroidPotion"},{"floor":5,"key":"SpeedPotion"},{"floor":11,"key":"FocusPotion"}],"is_trial":false,"path_per_floor":["M","$","M","?","?","R","E","R","T","$","E","M","M","E","R","B"],"character_chosen":"DEFECT","items_purchased":["War Paint","Sling"],"campfire_rested":0,"item_purchase_floors":[2,10],"current_hp_per_floor":[55,55,55,55,55,55,50,50,50,50,41,41,32,18,18,0,0],"gold":113,"neow_bonus":"TWO_FIFTY_GOLD","is_daily":false,"chose_seed":false,"campfire_upgraded":3,"win_rate":0.0,"timestamp":1610584419,"path_taken":["M","$","M","?","?","R","E","R","T","$","E","M","M","E","R","BOSS"],"items_purchased_type":["Relic","Relic"],"build_version":"2020-12-22","purchased_purges":1,"victory":false,"max_hp_per_floor":[71,71,71,71,71,71,71,71,71,71,71,71,71,71,71,71,71],"relic_stats":{"Happy Flower":[1],"counters":[8,34],"Blue Candle":[0],"War Paint":["Defend_B","Defend_B"],"Smiling Mask":0,"obtain_stats":[{"Happy Flower":14,"Blue Candle":9,"Bottled Lightning":7,"War Paint":2,"Cracked Core":0,"Sling":10,"Smiling Mask":11},{"Happy Flower":7,"Blue Candle":3,"Bottled Lightning":3,"War Paint":1,"Cracked Core":0,"Sling":3,"Smiling Mask":4},{"Happy Flower":31,"Blue Candle":16,"Bottled Lightning":16,"War Paint":4,"Cracked Core":0,"Sling":16,"Smiling Mask":19}]},"card_choices":[{"not_picked":["Stack","Streamline"],"picked":"Cold Snap","floor":1},{"not_picked":["Skim","Scrape"],"picked":"Melter","floor":3},{"not_picked":["Barrage","Streamline"],"picked":"Doom and Gloom","floor":7},{"not_picked":["Barrage","Rainbow","Ball Lightning"],"picked":"SKIP","floor":11},{"not_picked":["Conserve Battery","Sweeping Beam","Streamline"],"picked":"SKIP","floor":12},{"not_picked":["Barrage","Scrape","Stack"],"picked":"SKIP","floor":13},{"not_picked":["Streamline","Recycle","Tempest"],"picked":"SKIP","floor":14}],"player_experience":20822160,"relics_obtained":[{"floor":7,"key":"Bottled Lightning"},{"floor":9,"key":"Blue Candle"},{"floor":11,"key":"Smiling Mask"},{"floor":14,"key":"Happy Flower"}],"event_choices":[{"damage_healed":0,"gold_gain":0,"cards_transformed":["Strike_B"],"player_choice":"Change","damage_taken":0,"max_hp_gain":0,"max_hp_loss":0,"event_name":"Living Wall","floor":4,"gold_loss":0,"cards_obtained":["Glacier"]},{"damage_healed":0,"gold_gain":0,"player_choice":"Got Potions","damage_taken":0,"max_hp_gain":0,"max_hp_loss":0,"event_name":"Lab","floor":5,"gold_loss":0}],"is_beta":false,"boss_relics":[],"items_purged_floors":[2],"is_endless":false,"potions_floor_spawned":[1,11],"killed_by":"Slime Boss","ascension_level":20}}