{"host":"40gggw0x72bpm5se","time":1610595084,"event":{"mods":["ATMod(°¢èªMod)","Act Like it!","Aspiration","BaseMod","Better Vampires","Colored Map","Conspire","Downfall","Energized Spire","Friendly Minions","Gensokyo","GungeonMod","Infinite Spire","Koishi","Library of Ruina","Library of Ruina Extra","Lobotomy","LobotomyExtend","Minty Spire (QoL Compilation)","Quarter Circle Forward PUNCH!","Quick Restart","Reimu£¨²©ÀöÁéÃÎ£©","Relic Stats","Replay The Spire","RumiaBox-Â¶Ã×æ«µÄÉñÃØºÐ×Ó","Shop Mod","Spicy Shops","StSLib","The Alterego","UnlockEverythingMod","Waifu the Spire","Youmu£¨»êÆÇÑýÃÎ£©","vexMod","¡¾¹¦ÄÜMod¡¿»ìãçÖ®»·ÐÞ¸´²¹¶¡","¡¾ÒÅÎï¿¨ÅÆ¡¿REMEMod"],"gold_per_floor":[117,117,128,141,157,188,188,208,208,51,83,98,98,98,98,201,201,214,464,171,171,218,248,248,248,271,271,304,304,9,19,19,121,121,139,139,151,151,151,151,151,179,179,179,179,189,215,66,66,66,66,66,66,62,89,89],"floor_reached":57,"language":"ZHS","playtime":1234,"items_purged":[],"score":1902,"play_id":"a8899e39-404f-48cb-82ae-13073f1ed005","local_time":"20210114113124","is_ascension_mode":false,"campfire_choices":[{"floor":7,"key":"RECALL"},{"data":"DegradedShockwave","floor":15,"key":"SMITH"},{"data":"DegradedLock","floor":25,"key":"SMITH"},{"data":"DegradedPillar","floor":29,"key":"SMITH"},{"data":"DegradedPillar","floor":32,"key":"SMITH"},{"data":"DegradedFairy","floor":40,"key":"SMITH"},{"data":"DegradedChain","floor":44,"key":"SMITH"},{"data":"DegradedFairy","floor":49,"key":"SMITH"},{"data":"DegradedChain","floor":53,"key":"SMITH"}],"circlet_count":0,"master_deck":["DegradedFairy+1","DegradedFairy+1","DegradedChain+1","DegradedChain+1","DegradedLock+1","DegradedPillar+1","DegradedPillar+1","DegradedShockwave+1","conspire:NecroticWound"],"relics":["PageOfLibrarian","REME_ComplimentaryCards","AT_ATBox","aspiration:Nostalgia","PureWater","Heaven_r","LetterFromLob","Frozen Egg 2","REME_CardOfGreed","DemoMod:WeirdEgg","conspire:Boomerang","Baka2","aspiration:SecretTechniqueScroll","BargainBundle","Juzu Bracelet","AT_BladeRuinedKing","qcfpunch:Army_Boots","PageOfPinocchio","infinitespire:Golems Mask","Pet Ghost","Quantum Egg","PageOfRedShoes","REME_LowDesire","AT_SunfireAegis","DemoMod:PoisonVial","DemoMod:GlassGuonStoneRelic","DemoMod:MonsterBlood","conspire:DecoderRing","PageOfTheKnightOfDespair","PageOfTheQueenOfHatred","AT_EbonyIvory","ReplayTheSpireMod:CursedCoin","PageOfSpiderBud","PageOfGreed"],"acts_visited":["Gensokyo:Gensokyo","Gensokyo:Gensokyoer","Gensokyo:Gensokyoest","TheEnding"],"potions_floor_usage":[],"damage_taken":[{"damage":0,"enemies":"Gensokyo:Python","floor":1,"turns":1},{"damage":0,"enemies":"Gensokyo:Python","floor":2,"turns":1},{"damage":0,"enemies":"Gensokyo:Gryphon","floor":3,"turns":1},{"damage":0,"enemies":"Gensokyo:2_Kodama","floor":4,"turns":1},{"damage":0,"enemies":"Gensokyo:LivingMonolith","floor":5,"turns":2},{"damage":0,"enemies":"Gensokyo:Mamizou","floor":6,"turns":3},{"damage":0,"enemies":"Gensokyo:VengefulSpirit","floor":8,"turns":1},{"damage":0,"enemies":"Gensokyo:Aya","floor":11,"turns":2},{"damage":0,"enemies":"Gensokyo:2_Rabbits","floor":12,"turns":1},{"damage":0,"enemies":"Gensokyo:Kokoro","floor":16,"turns":4},{"damage":0,"enemies":"Gensokyo:CosmicMonolith","floor":18,"turns":2},{"damage":0,"enemies":"Gensokyo:Reisen","floor":23,"turns":2},{"damage":1,"enemies":"Gensokyo:Koishi","floor":28,"turns":2},{"damage":3,"enemies":"Gensokyo:Chomper","floor":31,"turns":1},{"damage":0,"enemies":"Gensokyo:Eiki","floor":33,"turns":1},{"damage":0,"enemies":"Gensokyo:3_Bats","floor":35,"turns":1},{"damage":0,"enemies":"Gensokyo:AncientGuardian","floor":37,"turns":1},{"damage":0,"enemies":"Nightmare","floor":42,"turns":3},{"damage":0,"enemies":"Gensokyo:AtlasGolem","floor":46,"turns":1},{"damage":0,"enemies":"Gensokyo:Doremy","floor":47,"turns":2},{"damage":0,"enemies":"Gensokyo:Scarlet_Devils","floor":50,"turns":4},{"damage":0,"enemies":"Shield and Spear","floor":55,"turns":4},{"damage":10,"enemies":"The Heart","floor":56,"turns":5}],"seed_played":"2692169601278399931","potions_obtained":[{"floor":4,"key":"Elixir"},{"floor":6,"key":"SpeedPotion"},{"floor":11,"key":"champ:CounterPotion"}],"is_trial":false,"path_per_floor":["M","?","M","M","M","E","R","M","T","$","E","M","?","?","R","B",null,"M","?","$","?","?","E","?","R","T","?","E","R","$","M","R","B",null,"M","?","M","?","?","R","?","NM","T","R","?","M","E","$","R","B",null,null,"R","$","E","B",null],"character_chosen":"Librarian","items_purchased":["REME_CardOfGreed","BargainBundle","Juzu Bracelet","AT_BladeRuinedKing","PageOfRedShoes","AT_EbonyIvory","ReplayTheSpireMod:CursedCoin","PageOfSpiderBud"],"campfire_rested":0,"item_purchase_floors":[10,20,20,20,30,48,54,54],"current_hp_per_floor":[60,60,60,60,60,60,60,60,60,60,60,60,36,72,72,72,120,120,113,113,113,113,113,104,104,104,104,82,82,82,85,85,85,115,115,115,115,115,115,115,115,122,122,122,74,74,79,79,79,84,84,122,122,122,122,117],"gold":89,"neow_bonus":"NOSTALGIA","is_daily":false,"chose_seed":false,"campfire_upgraded":8,"win_rate":0.0,"timestamp":1610595084,"path_taken":["M","?","M","?","M","E","R","M","T","$","E","M","?","?","R","BOSS","M","?","$","?","?","E","?","R","T","?","E","R","?","M","R","BOSS","M","?","M","?","?","R","?","NM","T","R","?","M","E","$","R","BOSS","R","$","E","BOSS"],"items_purchased_type":["Relic","Relic","Relic","Relic","Relic","Relic","Relic","Relic"],"build_version":"2020-12-22","purchased_purges":0,"victory":true,"max_hp_per_floor":[90,120,120,120,120,120,120,120,120,120,120,120,120,120,120,120,120,120,113,113,113,113,113,104,104,104,104,115,115,115,115,115,115,115,115,115,115,115,115,115,115,122,122,122,122,122,122,122,122,122,122,122,122,122,122,122],"relic_stats":{"counters":[23,46],"Juzu Bracelet":1,"obtain_stats":[{"PageOfTheQueenOfHatred":47,"AT_ATBox":0,"DemoMod:PoisonVial":34,"DemoMod:GlassGuonStoneRelic":3,"Juzu Bracelet":20,"Pet Ghost":26,"PageOfSpiderBud":54,"PageOfGreed":55,"Frozen Eye":28,"Baka2":16,"DemoMod:MonsterBlood":42,"conspire:DecoderRing":43,"PageOfTheKnightOfDespair":45,"infinitespire:Golems Mask":24,"PageOfPinocchio":23,"REME_LowDesire":34,"qcfpunch:Army_Boots":22,"BargainBundle":20,"aspiration:Nostalgia":0,"ReplayTheSpireMod:CursedCoin":54,"DemoMod:WeirdEgg":11,"Quantum Egg":28,"AT_BladeRuinedKing":20,"AT_EbonyIvory":48,"Baka":1,"conspire:Boomerang":13,"aspiration:SecretTechniqueScroll":17,"Frozen Egg 2":6,"PageOfRedShoes":30,"PageOfLibrarian":0,"Heaven_r":2,"LetterFromLob":3,"REME_CardOfGreed":10,"PureWater":0,"AT_SunfireAegis":34,"REME_ComplimentaryCards":0},{"PageOfTheQueenOfHatred":20,"AT_ATBox":0,"DemoMod:PoisonVial":15,"DemoMod:GlassGuonStoneRelic":3,"Juzu Bracelet":11,"Pet Ghost":12,"PageOfSpiderBud":21,"PageOfGreed":22,"Frozen Eye":12,"Baka2":10,"DemoMod:MonsterBlood":18,"conspire:DecoderRing":18,"PageOfTheKnightOfDespair":18,"infinitespire:Golems Mask":12,"PageOfPinocchio":12,"REME_LowDesire":15,"qcfpunch:Army_Boots":11,"BargainBundle":11,"aspiration:Nostalgia":0,"ReplayTheSpireMod:CursedCoin":21,"DemoMod:WeirdEgg":8,"Quantum Egg":13,"AT_BladeRuinedKing":11,"AT_EbonyIvory":20,"Baka":1,"conspire:Boomerang":9,"aspiration:SecretTechniqueScroll":10,"Frozen Egg 2":6,"PageOfRedShoes":13,"PageOfLibrarian":0,"Heaven_r":2,"LetterFromLob":3,"REME_CardOfGreed":7,"PureWater":0,"AT_SunfireAegis":15,"REME_ComplimentaryCards":0},{"PageOfTheQueenOfHatred":33,"AT_ATBox":0,"DemoMod:PoisonVial":25,"DemoMod:GlassGuonStoneRelic":3,"Juzu Bracelet":19,"Pet Ghost":21,"PageOfSpiderBud":37,"PageOfGreed":41,"Frozen Eye":21,"Baka2":17,"DemoMod:MonsterBlood":30,"conspire:DecoderRing":30,"PageOfTheKnightOfDespair":30,"infinitespire:Golems Mask":21,"PageOfPinocchio":21,"REME_LowDesire":25,"qcfpunch:Army_Boots":19,"BargainBundle":19,"aspiration:Nostalgia":0,"ReplayTheSpireMod:CursedCoin":37,"DemoMod:WeirdEgg":12,"Quantum Egg":23,"AT_BladeRuinedKing":19,"AT_EbonyIvory":33,"Baka":1,"conspire:Boomerang":13,"aspiration:SecretTechniqueScroll":17,"Frozen Egg 2":9,"PageOfRedShoes":23,"PageOfLibrarian":0,"Heaven_r":2,"LetterFromLob":3,"REME_CardOfGreed":10,"PureWater":0,"AT_SunfireAegis":25,"REME_ComplimentaryCards":0}]},"card_choices":[{"not_picked":["Clone","Rewind","Multislash","TendonChords","DesperateStruggle","GrazeTheGrass","UnavoidableGaze","PuppetBlockade","ConcentratedFire"],"picked":"SKIP","floor":1},{"not_picked":["SkitterAway","Wallop_lor","EnergyStrike","WillBeTasty","FrontalAssault","CookingPrep","FierceCharge","Track","Pound"],"picked":"SKIP","floor":3},{"not_picked":["DefenseOrder","EnergyShield","FlyingSword","Juggling","Marionette","Unlock1","DimensionalRift","MultiBlock","WillBeTasty"],"picked":"SKIP","floor":4},{"not_picked":["Leap_lor","Rewind","FormingStorm","Parry","PinpointShot","AGoldenOpportunity","Gamble","WillOfThePrescript","CircusKnives"],"picked":"SKIP","floor":5},{"not_picked":["Reload","FleshFillet","AGoldenOpportunity","ButterflySlash","QuickSuppression","PuppetBlockade","EnergyCycle","Standoff","StartinOutLightly"],"picked":"SKIP","floor":6},{"not_picked":["YoureAHindrance","ClassAndRespect","SmokingPipe","ForcefulGesture","FierceCharge","TendonChords","PinpointShot","SunsetBlade+1","Deflect_lor"],"picked":"SKIP","floor":8},{"not_picked":["MindPrepared","SearingSword","WillOfThePrescript","EnergyShield","DesperateStruggle","EnergyCycle","GoinFirst","HardRehearsal","HiddenBlade"],"picked":"SKIP","floor":11},{"not_picked":["WillOfThePrescript","FlowOfTheSword","HandleRequest","SturdyDefense","SetFire","Execute_lor","EnergyStrike","AsThePrescriptOrders","Unlock1"],"picked":"SKIP","floor":12},{"not_picked":["Rewind","QuickSuppression","RagingStorm","StrongStrike","HighKick","ProselytesBlade","Marionette","BattleCommand","PreemptiveStrike"],"picked":"SKIP","floor":18},{"not_picked":["QuickAttack","Standoff","EnergyShield","HandlingWork","QuickSuppression","Leap_lor","Outburst","UnavoidableGaze","SteelKnuckles"],"picked":"SKIP","floor":23},{"not_picked":["AsThePrescriptOrders","ChargeUp+1","DestructiveImpact","StayCalm+1","Leap_lor+1","Punishment","SturdyDefense","HandlingWork","HiddenBlade"],"picked":"SKIP","floor":28},{"not_picked":["KeepItFresh","ShrineToMusic+1","EnergyCycle","SunsetBlade+1","EnergyConversion","SharpSwipe","UpbeatPerformance+1","SparkingSpear","EnergyStrike"],"picked":"SKIP","floor":31},{"not_picked":["QuickSuppression+1","HighKick","Thrust+1","GuardingStance","ClassAndRespect+1","UndertakePrescript+1","FierceCharge","MultiBlock","FleetEdge","expansioncontent:DefensiveMode+1"],"picked":"SKIP","floor":35},{"not_picked":["FlyingSword+1","PreemptiveStrike","RatsGuideToSurvival","BoundaryOfDeath","Concentration+1","EndlessBattle","Reload+1","Standoff+1","BattleCommand+1","Enlightenment+1"],"picked":"SKIP","floor":37},{"not_picked":["BackAttack","PreemptiveStrike","Overpower+1","PinpointShot","Wallop_lor+1","RagingStorm","Clone","Mutilate+1","Unlock1+1","Survey Options"],"picked":"SKIP","floor":42},{"not_picked":["RatsGuideToSurvival","TraceOfFumes","GrazeTheGrass+1","HandleRequest+1","MindPrepared","DarkCloud+1","Rewind","Thrust","Multislash","expansioncontent:StudyTheSpire+1"],"picked":"SKIP","floor":46},{"not_picked":["RatsGuideToSurvival+1","PreemptiveStrike","Castigation","DirtyBlow+1","HandleRequest+1","GuardingStance+1","FleetFootsteps","Bvapour","UnavoidableGaze","REME_BattleFury+1"],"picked":"SKIP","floor":47},{"not_picked":["ButterflySlash","NonstopAssault","DriedUp","PinpointShot","Execute_lor","Rewind","Standoff+1","Faith+1","RagingStorm","REME_AllRoundStrike"],"picked":"SKIP","floor":55}],"player_experience":64980,"relics_obtained":[{"floor":1,"key":"Baka"},{"floor":3,"key":"LetterFromLob"},{"floor":6,"key":"Frozen Egg 2"},{"floor":11,"key":"DemoMod:WeirdEgg"},{"floor":16,"key":"Baka2"},{"floor":22,"key":"qcfpunch:Army_Boots"},{"floor":23,"key":"PageOfPinocchio"},{"floor":26,"key":"Pet Ghost"},{"floor":28,"key":"Quantum Egg"},{"floor":34,"key":"AT_SunfireAegis"},{"floor":34,"key":"DemoMod:PoisonVial"},{"floor":42,"key":"DemoMod:MonsterBlood"},{"floor":43,"key":"conspire:DecoderRing"},{"floor":47,"key":"PageOfTheQueenOfHatred"},{"floor":55,"key":"PageOfGreed"}],"event_choices":[{"damage_healed":0,"gold_gain":0,"player_choice":"Leave","damage_taken":0,"max_hp_gain":0,"max_hp_loss":0,"event_name":"conspire:Investor","floor":27,"gold_loss":0}],"is_beta":false,"boss_relics":[{"not_picked":["RedLine:ReiMu","Runic Pyramid"],"picked":"aspiration:SecretTechniqueScroll"},{"not_picked":["infinitespire:Cupcake","Pandora\u0027s Box"],"picked":"REME_LowDesire"}],"items_purged_floors":[],"is_endless":false,"potions_floor_spawned":[4,6,11,16,18,31,37,42,47],"ascension_level":0}}