{"host":"d61fcf2p3sjwe6yo","time":1610647999,"event":{"mods":["AchievementEnabler","BaseMod","Colored Map","Minty Spire (QoL Compilation)","StSLib","SuperFastMode"],"gold_per_floor":[119,44,44,57,57,57,84,84,108,108,143,198,198,214,214,291,291,303,303,322,322,337,337,371,371,426,426,426],"floor_reached":27,"language":"ENG","playtime":713,"items_purged":["Defend_G"],"score":562,"play_id":"cf73e186-942c-43fc-9afa-bf77fe027d99","local_time":"20210114211319","is_ascension_mode":true,"campfire_choices":[{"data":"Predator","floor":6,"key":"SMITH"},{"data":"Neutralize","floor":8,"key":"SMITH"},{"data":"Blade Dance","floor":10,"key":"SMITH"},{"data":"A Thousand Cuts","floor":13,"key":"SMITH"},{"data":"Blade Dance","floor":15,"key":"SMITH"},{"data":"Blade Dance","floor":23,"key":"SMITH"},{"data":"Cloak And Dagger","floor":25,"key":"SMITH"}],"circlet_count":0,"master_deck":["AscendersBane","Strike_G","Strike_G","Strike_G","Strike_G","Defend_G","Defend_G","Defend_G","Defend_G","Survivor","Neutralize+1","Blade Dance+1","Predator+1","Cloak And Dagger+1","Blade Dance+1","A Thousand Cuts+1","Blade Dance+1","Blur","Slice"],"relics":["Ring of the Serpent","NeowsBlessing","Torii","Centennial Puzzle","Mercury Hourglass","Potion Belt","Nunchaku","Anchor"],"acts_visited":["Exordium","TheCity"],"potions_floor_usage":[11,22,24,24,24],"damage_taken":[{"damage":0,"enemies":"Jaw Worm","floor":1,"turns":1},{"damage":0,"enemies":"Cultist","floor":4,"turns":1},{"damage":0,"enemies":"3 Sentries","floor":7,"turns":1},{"damage":12,"enemies":"Gremlin Nob","floor":11,"turns":3},{"damage":13,"enemies":"Gremlin Nob","floor":12,"turns":3},{"damage":0,"enemies":"Small Slimes","floor":14,"turns":3},{"damage":0,"enemies":"Slime Boss","floor":16,"turns":6},{"damage":7,"enemies":"Chosen","floor":18,"turns":3},{"damage":10,"enemies":"Shell Parasite","floor":20,"turns":4},{"damage":12,"enemies":"Sentry and Sphere","floor":22,"turns":4},{"damage":10,"enemies":"Slavers","floor":24,"turns":2},{"damage":9,"enemies":"Snake Plant","floor":27,"turns":3}],"seed_played":"450580787882166931","potions_obtained":[{"floor":1,"key":"FearPotion"},{"floor":4,"key":"Energy Potion"},{"floor":14,"key":"Weak Potion"},{"floor":16,"key":"Weak Potion"},{"floor":20,"key":"CunningPotion"}],"is_trial":false,"path_per_floor":["M","$","?","M","$","R","E","R","T","R","E","?","R","M","R","B",null,"M","?","M","?","M","R","E","R","T","M"],"character_chosen":"THE_SILENT","items_purchased":[],"campfire_rested":0,"item_purchase_floors":[],"current_hp_per_floor":[59,59,59,59,59,59,59,59,59,59,47,34,34,34,34,34,58,51,51,41,41,29,29,19,19,19,10,10],"gold":426,"neow_bonus":"THREE_ENEMY_KILL","is_daily":false,"chose_seed":false,"campfire_upgraded":7,"win_rate":0.0,"timestamp":1610647999,"path_taken":["M","$","?","?","?","R","E","R","T","R","E","?","R","M","R","BOSS","M","?","M","?","M","R","E","R","T","M"],"items_purchased_type":[],"build_version":"2020-12-22","purchased_purges":1,"victory":false,"max_hp_per_floor":[66,66,66,66,66,66,66,66,66,66,66,66,66,66,66,66,66,66,66,66,66,66,66,66,66,66,66,66],"card_choices":[{"not_picked":["Tactician","Skewer"],"picked":"Blade Dance","floor":1},{"not_picked":["Choke","Reflex"],"picked":"Cloak And Dagger","floor":4},{"not_picked":["Dodge and Roll","Outmaneuver","Reflex"],"picked":"SKIP","floor":7},{"not_picked":["Sucker Punch","Dagger Spray"],"picked":"Blade Dance","floor":11},{"not_picked":["Slice","Cloak And Dagger"],"picked":"A Thousand Cuts","floor":12},{"not_picked":["Flying Knee","Infinite Blades","Riddle With Holes"],"picked":"SKIP","floor":14},{"not_picked":["Quick Slash+1","Bane"],"picked":"Blade Dance","floor":18},{"not_picked":["Deflect","Crippling Poison"],"picked":"Blur","floor":20},{"not_picked":["Expertise+1","Deadly Poison"],"picked":"Slice","floor":22},{"not_picked":["Dagger Throw","Dagger Spray","Underhanded Strike"],"picked":"SKIP","floor":24}],"player_experience":214533,"relics_obtained":[{"floor":7,"key":"Torii"},{"floor":9,"key":"Centennial Puzzle"},{"floor":11,"key":"Mercury Hourglass"},{"floor":12,"key":"Potion Belt"},{"floor":24,"key":"Anchor"}],"event_choices":[{"damage_healed":0,"gold_gain":0,"cards_transformed":["Strike_G"],"player_choice":"Transformed","damage_taken":0,"max_hp_gain":0,"max_hp_loss":0,"event_name":"Transmorgrifier","floor":3,"gold_loss":0,"cards_obtained":["Predator"]},{"damage_healed":0,"gold_gain":0,"player_choice":"Searched \u00271\u0027 times","damage_taken":0,"max_hp_gain":0,"max_hp_loss":0,"event_name":"Dead Adventurer","floor":12,"gold_loss":0},{"damage_healed":0,"gold_gain":0,"player_choice":"Opened","damage_taken":0,"relics_obtained":["Nunchaku"],"max_hp_gain":0,"max_hp_loss":0,"event_name":"The Mausoleum","floor":19,"gold_loss":0,"cards_obtained":["Writhe"]},{"cards_removed":["Writhe"],"damage_healed":0,"gold_gain":0,"player_choice":"Removed Curses","damage_taken":0,"max_hp_gain":0,"max_hp_loss":0,"event_name":"Fountain of Cleansing","floor":21,"gold_loss":0}],"is_beta":false,"boss_relics":[{"not_picked":["Busted Crown","Snecko Eye"],"picked":"Ring of the Serpent"}],"items_purged_floors":[2],"is_endless":false,"potions_floor_spawned":[1,4,14,16,20],"killed_by":"Snake Plant","ascension_level":16}}