{"host":"kabf61oc9jgfwufg","time":1610639939,"event":{"mods":["AchievementEnabler","Act Like it!","Aspiration","BaseMod","Conspire","GifTheSpireLib","Halation","HexUI Lib","Hubris","Infinite Spire","Melee Mod","Minty Spire (QoL Compilation)","Quick Restart","Rare Cards Sparkle","Replay The Spire","Shop Mod","StSLib","Waifu the Spire"],"gold_per_floor":[117,117,129,144,144,176,176,205,205,130,165,21,21,21,21,126,126,144,162,190,200,217,245,295,295,319,418,453,58,58,86,86,193,193,213,227,227,244,244,284,305,339,348,348,392,392,418,441,441,441,441],"floor_reached":50,"language":"ENG","playtime":1909,"items_purged":["Defend_P","CrushJoints"],"score":854,"play_id":"98a04ba7-597d-498f-ae40-f907c1b0ec18","local_time":"20210114155859","is_ascension_mode":true,"campfire_choices":[{"data":"Eruption","floor":7,"key":"SMITH"},{"floor":15,"key":"DIG"},{"data":"CarveReality","floor":30,"key":"SMITH"},{"data":"FlurryOfBlows","floor":32,"key":"SMITH"},{"floor":46,"key":"DIG"},{"floor":49,"key":"DIG"}],"circlet_count":0,"master_deck":["conspire:GhostlyStrike","conspire:GhostlyStrike","conspire:GhostlyDefend+1","conspire:GhostlyDefend","conspire:GhostlyDefend+1","Eruption+1","Vigilance","FlurryOfBlows+1","EmptyMind+1","Halt+1","EmptyFist","LessonLearned","CarveReality+1","EmptyFist","SignatureMove+1","Consecrate","FlurryOfBlows+1","ConjureBlade","Evaluate+1","WaveOfTheHand+1","FollowUp","SashWhip+1","Decay","WreathOfFlame","FlurryOfBlows"],"relics":["Sizzling Blood","infinitespire:Cubic Diamond","aspiration:HummingbirdHeart","Shovel","Regal Pillow","infinitespire:Lucky Rock","Snack Pack","halation:SelfBoilingWater","aspiration:PoetsPen_weak","Red Mask","Lizard Tail","halation:BottledHappiness","Tiny House","MutagenicStrength","ReplayTheSpireMod:Lightbulb","CeramicFish","Nunchaku","Ornamental Fan","Cursed Key","Bird Faced Urn","Smiling Mask","Durian","Pondfish Scales","Lantern","conspire:Boomerang","PreservedInsect"],"acts_visited":["Exordium","TheCity","TheBeyond"],"potions_floor_usage":[6,11,33,40,42,45,45,47,48,50],"damage_taken":[{"damage":0,"enemies":"2 Louse","floor":1,"turns":1},{"damage":5,"enemies":"Small Slimes","floor":3,"turns":2},{"damage":9,"enemies":"Jaw Worm","floor":4,"turns":5},{"damage":0,"enemies":"Gremlin Nob","floor":6,"turns":2},{"damage":7,"enemies":"Replay:BlueRogue","floor":8,"turns":8},{"damage":11,"enemies":"Lagavulin","floor":11,"turns":4},{"damage":79,"enemies":"Fading Forest","floor":16,"turns":11},{"damage":18,"enemies":"3 Byrds","floor":18,"turns":5},{"damage":4,"enemies":"Chosen","floor":19,"turns":3},{"damage":0,"enemies":"Masked Bandits","floor":20,"turns":3},{"damage":0,"enemies":"Centurion and Healer","floor":21,"turns":2},{"damage":6,"enemies":"Chosen and Byrds","floor":22,"turns":2},{"damage":0,"enemies":"Gremlin Leader","floor":23,"turns":5},{"damage":17,"enemies":"Slavers","floor":28,"turns":3},{"damage":0,"enemies":"3 Cultists","floor":31,"turns":3},{"damage":0,"enemies":"Automaton","floor":33,"turns":3},{"damage":0,"enemies":"Orb Walker","floor":35,"turns":1},{"damage":12,"enemies":"3 Shapes","floor":36,"turns":3},{"damage":27,"enemies":"Sphere and 2 Shapes","floor":38,"turns":4},{"damage":4,"enemies":"Reptomancer","floor":40,"turns":4},{"damage":6,"enemies":"4 Shapes","floor":41,"turns":2},{"damage":111,"enemies":"Nightmare","floor":42,"turns":9},{"damage":0,"enemies":"Giant Head","floor":45,"turns":3},{"damage":0,"enemies":"Nemesis","floor":47,"turns":5},{"damage":0,"enemies":"Jaw Worm Horde","floor":48,"turns":1},{"damage":111,"enemies":"infinitespire:MassOfShapes","floor":50,"turns":7}],"seed_played":"3362528255113007249","potions_obtained":[{"floor":3,"key":"AttackPotion"},{"floor":8,"key":"Strength Potion"},{"floor":11,"key":"DuplicationPotion"},{"floor":16,"key":"Swift Potion"},{"floor":18,"key":"FearPotion"},{"floor":22,"key":"ColorlessPotion"},{"floor":35,"key":"Flashbang"},{"floor":41,"key":"EssenceOfSteel"},{"floor":45,"key":"Fire Potion"},{"floor":47,"key":"Adrenaline Potion"},{"floor":48,"key":"EssenceOfSteel"}],"is_trial":false,"path_per_floor":["M","?","M","M","?","E","R","E","T","$","E","$","?","T","R","B",null,"M","M","?","M","M","E","AVR","?","T","?","E","$","R","M","R","B",null,"M","M","?","M","?","E","M","NM","T","?","E","R","E","M","R","B"],"character_chosen":"WATCHER","items_purchased":["infinitespire:Lucky Rock","Nunchaku","Ornamental Fan"],"campfire_rested":0,"item_purchase_floors":[12,29,29],"current_hp_per_floor":[72,72,71,66,66,70,70,67,67,67,60,60,60,60,60,21,72,64,70,72,72,72,72,77,77,77,77,68,68,68,77,77,77,77,77,73,73,56,56,72,74,28,33,33,47,47,65,75,75,0,0],"gold":441,"neow_bonus":"TRANSFORM_CARD","is_daily":false,"chose_seed":false,"campfire_upgraded":3,"win_rate":0.0,"timestamp":1610639939,"path_taken":["M","?","M","M","?","E","R","E","T","$","E","?","?","?","R","BOSS","M","M","?","M","M","E","AVR","?","T","?","E","$","R","M","R","BOSS","M","M","?","M","?","E","M","NM","T","?","E","R","E","M","R","BOSS"],"items_purchased_type":["Relic","Relic","Relic"],"build_version":"2020-12-22","purchased_purges":2,"victory":false,"max_hp_per_floor":[72,72,72,72,72,72,72,72,72,72,72,72,72,72,72,72,72,72,72,72,72,72,72,77,77,77,77,77,77,77,77,77,77,77,77,77,77,77,77,77,77,77,82,82,82,82,82,82,82,82,82],"card_choices":[{"not_picked":["Perseverance","Replay:ManipulateFuture","Study"],"picked":"SKIP","floor":1},{"not_picked":["ThirdEye","BowlingBash","JustLucky"],"picked":"SKIP","floor":3},{"not_picked":["Replay:Cycle","CrushJoints"],"picked":"EmptyMind","floor":4},{"not_picked":["Replay:AtTheReady","Blasphemy"],"picked":"Halt","floor":6},{"not_picked":["Replay:Battleflow","Crescendo"],"picked":"EmptyFist","floor":8},{"not_picked":["Replay:ManipulateFuture","ThirdEye"],"picked":"LessonLearned","floor":11},{"not_picked":["CutThroughFate","PathToVictory"],"picked":"CarveReality","floor":18},{"not_picked":["EmptyBody","Evaluate"],"picked":"EmptyFist","floor":19},{"not_picked":["Conclude+1","Prostrate+1","Crescendo"],"picked":"SKIP","floor":21},{"not_picked":["Wallop","ClearTheMind"],"picked":"SignatureMove+1","floor":22},{"not_picked":["Replay:DivineShield+1","Vault"],"picked":"CrushJoints","floor":23},{"not_picked":["MentalFortress","Crescendo"],"picked":"FollowUp","floor":24},{"not_picked":["EmptyFist","Indignation"],"picked":"Consecrate","floor":28},{"not_picked":["Replay:LoomingThreat","Prostrate"],"picked":"FlurryOfBlows+1","floor":31},{"not_picked":["MasterReality","Devotion"],"picked":"ConjureBlade","floor":33},{"not_picked":["EmptyBody+1","Meditate"],"picked":"Evaluate+1","floor":35},{"not_picked":["PathToVictory+1","Crescendo","BattleHymn"],"picked":"SKIP","floor":36},{"not_picked":["CrushJoints+1","EmptyBody+1","Evaluate+1"],"picked":"SKIP","floor":38},{"not_picked":["Collect+1","Wish"],"picked":"WaveOfTheHand","floor":40},{"not_picked":["Wireheading+1","Replay:Hum+1"],"picked":"FollowUp","floor":41},{"not_picked":["Protect","Halt"],"picked":"SashWhip+1","floor":42},{"not_picked":["Conclude","Meditate"],"picked":"WreathOfFlame","floor":45},{"not_picked":["Conclude","ThirdEye+1","PathToVictory+1"],"picked":"SKIP","floor":47},{"not_picked":["Protect+1","FollowUp"],"picked":"FlurryOfBlows","floor":48}],"player_experience":100252,"relics_obtained":[{"floor":6,"key":"aspiration:HummingbirdHeart"},{"floor":8,"key":"Shovel"},{"floor":11,"key":"Regal Pillow"},{"floor":14,"key":"Snack Pack"},{"floor":15,"key":"halation:SelfBoilingWater"},{"floor":20,"key":"Red Mask"},{"floor":23,"key":"Lizard Tail"},{"floor":26,"key":"ReplayTheSpireMod:Lightbulb"},{"floor":28,"key":"CeramicFish"},{"floor":40,"key":"Bird Faced Urn"},{"floor":42,"key":"Smiling Mask"},{"floor":43,"key":"Durian"},{"floor":45,"key":"Pondfish Scales"},{"floor":46,"key":"Lantern"},{"floor":47,"key":"conspire:Boomerang"},{"floor":49,"key":"PreservedInsect"}],"event_choices":[{"cards_removed":["Strike_P"],"damage_healed":0,"gold_gain":0,"player_choice":"Forget","damage_taken":0,"max_hp_gain":0,"max_hp_loss":0,"event_name":"Living Wall","floor":5,"gold_loss":0},{"damage_healed":0,"gold_gain":0,"player_choice":"Agree","damage_taken":0,"max_hp_gain":0,"max_hp_loss":0,"event_name":"conspire:LoneGhost","floor":13,"gold_loss":0},{"damage_healed":0,"gold_gain":0,"player_choice":"Fought Bandits","damage_taken":0,"max_hp_gain":0,"max_hp_loss":0,"event_name":"Masked Bandits","floor":20,"gold_loss":0},{"damage_healed":0,"gold_gain":0,"player_choice":"Inject Mutagens","damage_taken":0,"relics_obtained":["MutagenicStrength"],"max_hp_gain":0,"max_hp_loss":0,"event_name":"Drug Dealer","floor":25,"gold_loss":0},{"damage_healed":0,"gold_gain":99,"player_choice":"Stole From Cult","damage_taken":0,"max_hp_gain":0,"max_hp_loss":0,"event_name":"Nest","floor":27,"gold_loss":0},{"cards_removed":["FollowUp"],"damage_healed":0,"gold_gain":0,"player_choice":"Removed Attack","damage_taken":0,"max_hp_gain":0,"max_hp_loss":0,"event_name":"Falling","floor":37,"gold_loss":0}],"is_beta":false,"boss_relics":[{"not_picked":["halation:MonkeysPaw","hubris:Backtick"],"picked":"aspiration:PoetsPen_weak"},{"not_picked":["Painkiller Herb","ChewingGum"],"picked":"Cursed Key"}],"items_purged_floors":[10,24],"is_endless":true,"potions_floor_spawned":[3,8,11,16,18,22,23,31,35,41,45,47,48],"killed_by":"infinitespire:MassOfShapes","ascension_level":1}}