{"host":"f0gpob8hq9vgebej","time":1610583031,"event":{"mods":["AchievementEnabler","BaseMod","Minty Spire (QoL Compilation)","Quick Restart","SuperFastMode"],"gold_per_floor":[109,119,119,139,158,158,183,183,251,267,281,95,95,95,95,95,95],"floor_reached":16,"language":"KOR","playtime":331,"items_purged":["Strike_B"],"score":122,"play_id":"ce3384a7-e658-45cc-9788-73ae80b4dc3c","local_time":"20210114091031","is_ascension_mode":true,"campfire_choices":[{"floor":6.0,"key":"REST"},{"data":"Zap","floor":8.0,"key":"SMITH"},{"data":"Barrage","floor":13.0,"key":"SMITH"},{"floor":15.0,"key":"REST"}],"circlet_count":0,"master_deck":["Strike_B","Strike_B","Defend_B","Defend_B","Defend_B","Defend_B","Zap+1","Dualcast","Turbo","Capacitor","Ball Lightning","Heatsinks","Barrage+1","Storm"],"relics":["Cracked Core","Anchor","Du-Vu Doll","Pear"],"acts_visited":["Exordium"],"potions_floor_usage":[16,16],"damage_taken":[{"damage":0.0,"enemies":"Small Slimes","floor":1.0,"turns":3.0},{"damage":0.0,"enemies":"2 Louse","floor":2.0,"turns":4.0},{"damage":7.0,"enemies":"Jaw Worm","floor":4.0,"turns":5.0},{"damage":50.0,"enemies":"Gremlin Gang","floor":5.0,"turns":5.0},{"damage":22.0,"enemies":"Gremlin Nob","floor":7.0,"turns":4.0},{"damage":11.0,"enemies":"Lots of Slimes","floor":10.0,"turns":4.0},{"damage":8.0,"enemies":"Blue Slaver","floor":11.0,"turns":4.0},{"damage":34,"enemies":"The Guardian","floor":16,"turns":11}],"seed_played":"-6110616766853188695","potions_obtained":[{"floor":1.0,"key":"FocusPotion"},{"floor":4.0,"key":"ColorlessPotion"},{"floor":10.0,"key":"LiquidMemories"}],"is_trial":false,"path_per_floor":["M","M","?","M","M","R","E","R","T","M","M","$","R","?","R","B"],"character_chosen":"DEFECT","items_purchased":["Storm","EssenceOfSteel"],"campfire_rested":2,"item_purchase_floors":[12,12],"current_hp_per_floor":[75,75,68,61,11,33,11,11,21,10,2,2,2,2,27,0,0],"gold":95,"neow_bonus":"RANDOM_COMMON_RELIC","is_daily":false,"chose_seed":false,"campfire_upgraded":2,"win_rate":0.0,"timestamp":1610583031,"path_taken":["M","M","?","M","M","R","E","R","T","M","M","$","R","?","R","BOSS"],"items_purchased_type":["Card","Potion"],"build_version":"2020-12-22","purchased_purges":1,"victory":false,"max_hp_per_floor":[75,75,75,75,75,75,75,75,85,85,85,85,85,85,85,85,85],"card_choices":[{"not_picked":["Melter","Rebound"],"picked":"Turbo","floor":1.0},{"not_picked":["Leap","Coolheaded"],"picked":"Capacitor","floor":2.0},{"not_picked":["Gash","Darkness"],"picked":"Ball Lightning","floor":4.0},{"not_picked":["Turbo","Gash","Redo"],"picked":"SKIP","floor":5.0},{"not_picked":["Streamline","Rebound","Cold Snap"],"picked":"SKIP","floor":7.0},{"not_picked":["Ball Lightning","Reinforced Body"],"picked":"Heatsinks","floor":10.0},{"not_picked":["Go for the Eyes","Lockon"],"picked":"Barrage","floor":11.0}],"player_experience":149503,"relics_obtained":[{"floor":7.0,"key":"Du-Vu Doll"},{"floor":9.0,"key":"Pear"}],"event_choices":[{"cards_removed":["Strike_B"],"damage_healed":0.0,"max_hp_gain":0.0,"max_hp_loss":0.0,"gold_gain":0.0,"event_name":"Golden Wing","player_choice":"Card Removal","floor":3.0,"gold_loss":0.0,"damage_taken":7.0},{"damage_healed":0.0,"max_hp_gain":0.0,"max_hp_loss":0.0,"gold_gain":0.0,"event_name":"Scrap Ooze","player_choice":"Fled","floor":14.0,"gold_loss":0.0,"damage_taken":0.0}],"is_beta":false,"boss_relics":[],"items_purged_floors":[12],"is_endless":false,"potions_floor_spawned":[1,4,10],"killed_by":"The Guardian","ascension_level":4}}