{"host":"nl9gyitbz774fola","time":1610656828,"event":{"mods":["AchievementEnabler","BaseMod","Colored Map","Colored Powertips","Minty Spire (QoL Compilation)","Replay The Spire","StSLib","The Alterego"],"gold_per_floor":[112,184,201,201,211,245,245,272,272,272,272,305,305,317,317,417,417,434,99,0,0,18,31,64,64,64,76,88,88,88,107,132,57,57,159,159,171,171,171,42,42,53,53,68,91,123,93,113,129,129,129,129,129],"floor_reached":52,"language":"ENG","playtime":5657,"items_purged":[],"score":640,"play_id":"64ce1204-b211-4184-81a0-75908baf2b3b","local_time":"20210114154028","is_ascension_mode":false,"campfire_choices":[{"data":"1","floor":10,"key":"LIFT"},{"data":"2","floor":13,"key":"LIFT"},{"data":"3","floor":15,"key":"LIFT"},{"floor":25,"key":"REST"},{"floor":34,"key":"REST"},{"data":"Specialist","floor":43,"key":"SMITH"},{"floor":51,"key":"REST"}],"circlet_count":0,"master_deck":["Strike_R","Strike_R","Strike_R","Strike_R+1","Strike_R","Defend_R","Defend_R","Defend_R","Defend_R","Fire Breathing","Intimidate","Life Link","Rampage","Inflame","Cleave","Shockwave","Armaments","CurseOfTheBell","Headbutt+1","Specialist+1","Headbutt","Offering+1","Twin Strike","Reckless Charge+1","Armaments+1","Power Through+1","Rage+1","Berserk","Thunderclap","Writhe","Swift Strike","The Bomb+1","Mayhem","Fire Breathing+1","Body Slam+1","Twin Strike","Dual Wield+1","Anger+1"],"relics":["Burning Blood","Oddly Smooth Stone","Charon\u0027s Ashes","Girya","Bottled Lightning","CaptainsWheel","Darkstone Periapt","ReplayFunnel","Calling Bell","King of Hearts","Toxic Egg 2","Durian","Regal Pillow","Shuriken","Gremlin Food","ChewingGum","ReplayTheSpireMod:ShopPack","Ancient Tea Set","Meat on the Bone"],"acts_visited":["Exordium","TheCity","TheBeyond"],"potions_floor_usage":[16,16,24,24,35,35,37,46,48,48,49,52,52],"damage_taken":[{"damage":15,"enemies":"Jaw Worm","floor":1,"turns":5},{"damage":0,"enemies":"Small Slimes","floor":3,"turns":5},{"damage":0,"enemies":"2 Louse","floor":5,"turns":4},{"damage":0,"enemies":"Replay:BlueRogue","floor":6,"turns":8},{"damage":20,"enemies":"3 Sentries","floor":8,"turns":5},{"damage":10,"enemies":"Gremlin Nob","floor":12,"turns":3},{"damage":8,"enemies":"Looter","floor":14,"turns":3},{"damage":39,"enemies":"The Guardian","floor":16,"turns":9},{"damage":19,"enemies":"Chosen","floor":18,"turns":4},{"damage":9,"enemies":"3 Byrds","floor":22,"turns":3},{"damage":45,"enemies":"Sentry and Sphere","floor":23,"turns":6},{"damage":7,"enemies":"Replay:Snechameleon","floor":24,"turns":6},{"damage":21,"enemies":"Snake Plant","floor":27,"turns":3},{"damage":0,"enemies":"Snecko","floor":28,"turns":4},{"damage":6,"enemies":"Chosen and Byrds","floor":31,"turns":4},{"damage":53,"enemies":"Gremlin Leader","floor":32,"turns":6},{"damage":47,"enemies":"Champ","floor":35,"turns":12},{"damage":21,"enemies":"3 Darklings","floor":37,"turns":5},{"damage":17,"enemies":"Orb Walker","floor":42,"turns":3},{"damage":34,"enemies":"Sphere and 2 Shapes","floor":44,"turns":4},{"damage":14,"enemies":"Reptomancer","floor":46,"turns":5},{"damage":6,"enemies":"Maw","floor":48,"turns":6},{"damage":23,"enemies":"Jaw Worm Horde","floor":49,"turns":3},{"damage":106,"enemies":"Awakened One","floor":52,"turns":8}],"seed_played":"1640290155228008746","potions_obtained":[{"floor":1,"key":"SpeedPotion"},{"floor":2,"key":"Flashbang"},{"floor":2,"key":"Toxic Potion"},{"floor":8,"key":"Strength Potion"},{"floor":22,"key":"DistilledChaos"},{"floor":28,"key":"Swift Potion"},{"floor":31,"key":"Dexterity Potion"},{"floor":35,"key":"Energy Potion"},{"floor":44,"key":"Dexterity Potion"},{"floor":47,"key":"Ancient Potion"},{"floor":47,"key":"Dexterity Potion"},{"floor":48,"key":"PowerPotion"},{"floor":49,"key":"ElixirPotion"}],"is_trial":false,"path_per_floor":["M","?","M","?","M","E","?","E","T","R","T","E","R","M","R","B",null,"M","$","?","?","M","M","E","R","T","M","M","PTL","PTL","M","E","?","R","B",null,"M","?","?","$","?","M","R","M","T","E","?","M","M","?","R","B"],"character_chosen":"IRONCLAD","items_purchased":["Specialist","PowerPotion","Chrysalis+1","ReplayTheSpireMod:ShopPack"],"campfire_rested":3,"item_purchase_floors":[19,19,19,40],"current_hp_per_floor":[71,71,77,77,80,80,80,66,66,66,66,62,62,60,60,27,91,78,78,78,78,75,36,35,77,77,62,68,68,68,68,21,21,63,22,91,76,97,97,97,97,86,86,58,58,50,50,62,57,57,97,0,0],"gold":129,"neow_bonus":"","is_daily":false,"chose_seed":false,"campfire_upgraded":1,"win_rate":0.0,"timestamp":1610656828,"path_taken":["M","?","M","?","M","E","?","E","T","R","?","E","R","M","R","BOSS","M","$","?","?","M","M","E","R","T","?","M","PTL","PTL","M","E","?","R","BOSS","M","?","?","$","?","M","R","?","T","E","?","?","M","?","R","BOSS"],"items_purchased_type":["Card","Potion","Card","Relic"],"build_version":"2020-12-22","purchased_purges":0,"victory":false,"max_hp_per_floor":[80,80,80,80,80,80,80,80,80,80,80,80,80,80,80,80,91,91,91,91,91,91,91,91,91,91,91,91,91,91,91,91,91,91,91,91,91,97,97,97,97,97,97,97,97,97,97,97,97,97,97,97,97],"card_choices":[{"not_picked":["Sever Soul","Pommel Strike"],"picked":"Fire Breathing","floor":1},{"not_picked":["Dark Embrace","Pummel"],"picked":"Intimidate","floor":2},{"not_picked":["Clothesline","Sword Boomerang"],"picked":"Life Link","floor":3},{"not_picked":["Twin Strike","Sword Boomerang"],"picked":"Inflame","floor":5},{"not_picked":["Defy Death","ReplayTheSpireMod:Corrosion Curse"],"picked":"Cleave","floor":6},{"not_picked":["Warcry","Demonic Infusion"],"picked":"Shockwave","floor":8},{"not_picked":["Flex","Pommel Strike"],"picked":"Armaments","floor":12},{"not_picked":["ReplayTheSpireMod:Strike From Hell","True Grit"],"picked":"Searing Blow","floor":14},{"not_picked":["Whirlwind+1","Carnage+1"],"picked":"Headbutt+1","floor":18},{"not_picked":["Clothesline","Feel No Pain"],"picked":"Headbutt","floor":22},{"not_picked":["Uppercut","Warcry+1"],"picked":"Offering+1","floor":23},{"not_picked":["ReplayTheSpireMod:Strike From Hell+1","Uppercut"],"picked":"Twin Strike","floor":24},{"not_picked":["ReplayTheSpireMod:Muscle Training+1","Clothesline+1"],"picked":"Reckless Charge+1","floor":27},{"not_picked":["Cleave","Shrug It Off+1"],"picked":"Armaments+1","floor":28},{"not_picked":["ReplayTheSpireMod:Stacked+1","Body Slam+1"],"picked":"Power Through+1","floor":31},{"not_picked":["Warcry+1","True Grit+1"],"picked":"Rage+1","floor":32},{"not_picked":["Hemogenesis","Eclipse+1"],"picked":"Berserk","floor":35},{"not_picked":["Dropkick","ReplayReversal+1"],"picked":"Thunderclap","floor":37},{"not_picked":["Finesse","Replay:Parry"],"picked":"Swift Strike","floor":40},{"not_picked":["Madness","ReplayTheSpireMod:Brewmster"],"picked":"The Bomb","floor":40},{"not_picked":["ReplayUltimateDefense","Metamorphosis"],"picked":"Mayhem","floor":40},{"not_picked":["Thunderclap+1","Shockwave+1"],"picked":"Fire Breathing+1","floor":42},{"not_picked":["Thunderclap+1","Rupture+1"],"picked":"Body Slam+1","floor":44},{"not_picked":["Berserk","Intimidate+1"],"picked":"Twin Strike","floor":46},{"not_picked":["Iron Wave","Clash"],"picked":"Dual Wield+1","floor":48},{"not_picked":["Run Through","Warcry+1"],"picked":"Anger+1","floor":49}],"player_experience":0,"relics_obtained":[{"floor":2,"key":"Oddly Smooth Stone"},{"floor":6,"key":"Charon\u0027s Ashes"},{"floor":8,"key":"Bottled Lightning"},{"floor":9,"key":"CaptainsWheel"},{"floor":11,"key":"Darkstone Periapt"},{"floor":12,"key":"ReplayFunnel"},{"floor":17,"key":"King of Hearts"},{"floor":17,"key":"Toxic Egg 2"},{"floor":17,"key":"Durian"},{"floor":24,"key":"Regal Pillow"},{"floor":26,"key":"Shuriken"},{"floor":32,"key":"Gremlin Food"},{"floor":45,"key":"Ancient Tea Set"},{"floor":46,"key":"Meat on the Bone"}],"event_choices":[{"damage_healed":0,"gold_gain":0,"cards_transformed":["Bash"],"player_choice":"Change","damage_taken":0,"max_hp_gain":0,"max_hp_loss":0,"event_name":"Living Wall","floor":4,"gold_loss":0,"cards_obtained":["Rampage"]},{"damage_healed":0,"gold_gain":0,"player_choice":"Box","damage_taken":0,"relics_obtained":["Girya"],"max_hp_gain":0,"max_hp_loss":0,"event_name":"Big Fish","floor":7,"gold_loss":0,"cards_obtained":["Regret"]},{"damage_healed":0,"gold_gain":0,"player_choice":"Paid Fearfully","damage_taken":0,"max_hp_gain":0,"max_hp_loss":0,"event_name":"Masked Bandits","floor":20,"gold_loss":99},{"cards_removed":["Regret"],"damage_healed":0,"gold_gain":0,"player_choice":"Took Card","damage_taken":0,"max_hp_gain":0,"max_hp_loss":0,"event_name":"NoteForYourself","floor":21,"gold_loss":0,"cards_obtained":["Iron Wave"]},{"cards_removed":["Searing Blow"],"damage_healed":0,"gold_gain":0,"player_choice":"Gave Gold","damage_taken":0,"max_hp_gain":0,"max_hp_loss":0,"event_name":"Beggar","floor":33,"gold_loss":75},{"damage_healed":23,"gold_gain":0,"player_choice":"Writhe","damage_taken":0,"max_hp_gain":0,"max_hp_loss":0,"event_name":"Winding Halls","floor":38,"gold_loss":0,"cards_obtained":["Writhe"]},{"damage_healed":0,"gold_gain":0,"player_choice":"Ignored","damage_taken":0,"max_hp_gain":0,"max_hp_loss":0,"event_name":"Tomb of Lord Red Mask","floor":39,"gold_loss":0},{"cards_removed":["Chrysalis"],"damage_healed":0,"gold_gain":0,"player_choice":"Purged","damage_taken":0,"max_hp_gain":0,"max_hp_loss":0,"event_name":"Purifier","floor":41,"gold_loss":0},{"damage_healed":0,"gold_gain":0,"player_choice":"Bought 2 Potions","damage_taken":0,"max_hp_gain":0,"max_hp_loss":0,"event_name":"The Woman in Blue","floor":47,"gold_loss":0},{"cards_removed":["Iron Wave"],"damage_healed":0,"gold_gain":0,"player_choice":"Card Removal","damage_taken":0,"max_hp_gain":0,"max_hp_loss":0,"event_name":"Wheel of Change","floor":50,"gold_loss":0}],"is_beta":false,"boss_relics":[{"not_picked":["Snecko Eye","Empty Cage"],"picked":"Calling Bell"},{"not_picked":["SlaversCollar","Replay:Bronze Core"],"picked":"ChewingGum"}],"items_purged_floors":[],"is_endless":false,"potions_floor_spawned":[1,8,14,22,28,31,32,35,44,48,49],"killed_by":"Awakened One","ascension_level":0}}