{"host":"4udtejx3ummmwg8f","time":1610592071,"event":{"mods":["BaseMod","Minty Spire (QoL Compilation)"],"gold_per_floor":[119,133,133,148,223,223,257,257,326,358,104,104,129,147,147,242,292,308,318,318,338,350,384,384,395,395,407,427,444,476,180,180,180,180],"floor_reached":33,"language":"ENG","playtime":2990,"items_purged":["Defend_B","Strike_B"],"score":359,"play_id":"62d8a8d9-4af3-46d0-9e36-3359cf2a0988","local_time":"20210114131111","daily_mods":["Heirloom","Time Dilation"],"is_ascension_mode":false,"campfire_choices":[{"data":"Consume","floor":6,"key":"SMITH"},{"floor":8,"key":"REST"},{"floor":15,"key":"REST"},{"floor":24,"key":"REST"},{"floor":32,"key":"REST"}],"circlet_count":0,"master_deck":["Strike_B","Strike_B+1","Strike_B+1","Defend_B","Defend_B+1","Defend_B","Zap","Dualcast","Conserve Battery","Multi-Cast","Consume+1","Rainbow","Ball Lightning","Rebound","Recycle","Thunder Strike","Rip and Tear","Aggregate","Rainbow","Redo","Glacier+1","Go for the Eyes","Glacier+1","Double Energy+1","Melter","All For One","Blizzard","Coolheaded+1","Hello World","Tempest","Darkness+1","Echo Form","FTL","Machine Learning","Streamline+1"],"relics":["Cracked Core","Mango","Art of War","Meat on the Bone","Dream Catcher","Whetstone","Singing Bowl","Tiny House","Omamori","Kunai","Nunchaku","Membership Card"],"acts_visited":["Exordium","TheCity"],"potions_floor_usage":[13,16,21,25,27,30,30,33],"damage_taken":[{"damage":1,"enemies":"Cultist","floor":1,"turns":3},{"damage":0,"enemies":"Small Slimes","floor":2,"turns":3},{"damage":5,"enemies":"2 Louse","floor":4,"turns":2},{"damage":61,"enemies":"Gremlin Nob","floor":7,"turns":5},{"damage":10,"enemies":"3 Sentries","floor":10,"turns":9},{"damage":6,"enemies":"Lagavulin","floor":13,"turns":3},{"damage":6,"enemies":"Red Slaver","floor":14,"turns":2},{"damage":20,"enemies":"Slime Boss","floor":16,"turns":5},{"damage":10,"enemies":"Chosen","floor":18,"turns":3},{"damage":0,"enemies":"Spheric Guardian","floor":19,"turns":5},{"damage":7,"enemies":"Snake Plant","floor":21,"turns":4},{"damage":5,"enemies":"Chosen and Byrds","floor":22,"turns":5},{"damage":40,"enemies":"Book of Stabbing","floor":23,"turns":10},{"damage":28,"enemies":"Centurion and Healer","floor":25,"turns":8},{"damage":13,"enemies":"Cultist and Chosen","floor":27,"turns":7},{"damage":9,"enemies":"Sentry and Sphere","floor":28,"turns":3},{"damage":10,"enemies":"Chosen and Byrds","floor":29,"turns":5},{"damage":17,"enemies":"Slavers","floor":30,"turns":5},{"damage":87,"enemies":"Collector","floor":33,"turns":7}],"seed_played":"7900745994278584443","potions_obtained":[{"floor":4,"key":"Fire Potion"},{"floor":7,"key":"SpeedPotion"},{"floor":10,"key":"PotionOfCapacity"},{"floor":13,"key":"BlessingOfTheForge"},{"floor":16,"key":"Regen Potion"},{"floor":23,"key":"Swift Potion"},{"floor":28,"key":"Ancient Potion"},{"floor":29,"key":"FocusPotion"}],"is_trial":true,"path_per_floor":["M","M","?","M","?","R","E","R","T","E","$","?","E","M","R","B",null,"M","M","?","M","M","E","R","M","T","M","M","M","E","$","R","B"],"character_chosen":"DEFECT","items_purchased":["Rebound","Whetstone","Membership Card","FTL","Machine Learning"],"campfire_rested":4,"item_purchase_floors":[11,11,31,31,31],"current_hp_per_floor":[88,88,88,83,72,72,11,37,37,39,39,39,45,51,77,57,94,84,84,84,77,72,44,72,59,59,58,49,51,46,46,74,0,0],"gold":180,"neow_bonus":"","is_daily":false,"chose_seed":false,"campfire_upgraded":1,"win_rate":0.0,"timestamp":1610592071,"path_taken":["M","M","?","?","?","R","E","R","T","E","$","?","E","M","R","BOSS","M","M","?","?","?","E","R","M","T","M","M","M","E","$","R","BOSS"],"items_purchased_type":["Card","Relic","Relic","Card","Card"],"build_version":"2020-12-22","purchased_purges":2,"victory":false,"max_hp_per_floor":[89,89,89,89,89,89,89,89,89,89,89,89,89,89,89,89,94,94,94,94,94,94,94,94,94,94,94,94,94,94,94,94,94,94],"card_choices":[{"not_picked":["Turbo","Go for the Eyes"],"picked":"Conserve Battery","floor":1},{"not_picked":["Reprogram","Leap"],"picked":"Multi-Cast","floor":2},{"not_picked":["Leap","Stack"],"picked":"Consume","floor":4},{"not_picked":["Steam Power","Stack"],"picked":"Rainbow","floor":7},{"not_picked":["Skim","Undo"],"picked":"Ball Lightning","floor":10},{"not_picked":["Stack","Conserve Battery"],"picked":"Thunder Strike","floor":13},{"not_picked":["Hologram","Consume"],"picked":"Rip and Tear","floor":14},{"not_picked":["Cold Snap","Fusion"],"picked":"Aggregate","floor":15},{"not_picked":["Buffer","Reboot"],"picked":"Rainbow","floor":16},{"not_picked":["Storm","Barrage"],"picked":"Redo","floor":17},{"not_picked":["Rip and Tear","Chaos"],"picked":"Glacier+1","floor":18},{"not_picked":["Hologram","Storm"],"picked":"Go for the Eyes","floor":19},{"not_picked":["Rebound","Scrape"],"picked":"Double Energy+1","floor":21},{"not_picked":["Leap","Redo+1"],"picked":"Melter","floor":22},{"not_picked":["Beam Cell+1","Stack+1"],"picked":"All For One","floor":23},{"not_picked":["Barrage+1","Heatsinks"],"picked":"Blizzard","floor":24},{"not_picked":["Gash","Auto Shields"],"picked":"Coolheaded+1","floor":25},{"not_picked":["Auto Shields","Hologram"],"picked":"Hello World","floor":27},{"not_picked":["Compile Driver+1","Stack"],"picked":"Tempest","floor":28},{"not_picked":["Scrape","Double Energy"],"picked":"Darkness+1","floor":29},{"not_picked":["Leap","Barrage"],"picked":"Echo Form","floor":30},{"not_picked":["Rebound","Steam"],"picked":"Streamline+1","floor":32}],"player_experience":77304,"relics_obtained":[{"floor":7,"key":"Art of War"},{"floor":9,"key":"Meat on the Bone"},{"floor":10,"key":"Dream Catcher"},{"floor":13,"key":"Singing Bowl"},{"floor":23,"key":"Omamori"},{"floor":26,"key":"Kunai"},{"floor":30,"key":"Nunchaku"}],"event_choices":[{"damage_healed":0,"gold_gain":0,"player_choice":"Ignored","damage_taken":0,"max_hp_gain":0,"max_hp_loss":0,"event_name":"NoteForYourself","floor":3,"gold_loss":0},{"damage_healed":0,"gold_gain":75,"player_choice":"Gather Gold","damage_taken":11,"max_hp_gain":0,"max_hp_loss":0,"event_name":"World of Goop","floor":5,"gold_loss":0},{"damage_healed":0,"gold_gain":0,"player_choice":"1 cards matched","damage_taken":0,"max_hp_gain":0,"max_hp_loss":0,"event_name":"Match and Keep!","floor":12,"gold_loss":0,"cards_obtained":["Recycle"]},{"damage_healed":0,"gold_gain":0,"player_choice":"Copied","damage_taken":0,"max_hp_gain":0,"max_hp_loss":0,"event_name":"Duplicator","floor":20,"gold_loss":0,"cards_obtained":["Glacier"]}],"is_beta":false,"boss_relics":[{"not_picked":["Runic Dome","Busted Crown"],"picked":"Tiny House"}],"items_purged_floors":[11,31],"is_endless":false,"potions_floor_spawned":[4,7,10,13,16,19,23,28,29],"killed_by":"Collector","ascension_level":0}}