{"host":"l7l2v2zs4hqku4vk","time":1610624189,"event":{"mods":["Act Like it!","BaseMod","Colored Powertips","Highlight Path","Minty Spire (QoL Compilation)","Replay The Spire","RumiaBox-露米娅的神秘盒子","StSLib","TestMod","The Servant 0.9.4","篝火指南"],"gold_per_floor":[111,111,111,36,36,36,94,124,124,124,137,152,178,200,200,293,293,311,344,408,458,227,306,323,323],"floor_reached":24,"language":"ZHS","playtime":2344,"items_purged":["Strike_G","Strike_G"],"score":528,"play_id":"cd30bd18-5b43-4b9f-a37a-d2656ceecbca","local_time":"20210114193629","is_ascension_mode":true,"campfire_choices":[{"data":"Survivor","floor":6,"key":"SMITH"},{"data":"Cloak And Dagger","floor":10,"key":"SMITH"},{"data":"Blade Dance","floor":15,"key":"SMITH"}],"circlet_count":0,"master_deck":["AscendersBane","Strike_G","Strike_G","Defend_G","Defend_G","Defend_G","Defend_G","Defend_G","Survivor+1","Neutralize","Flying Knee+1","Tactician","Cloak And Dagger+1","Toxin Wave","Blade Dance+1","Hidden Blade","ReplayTheSpireMod:Shiv Toss+1","Well Laid Plans","testmod-PowerStrike","Master of Strategy","Dramatic Entrance"],"relics":["Ring of the Snake","testmod-TestBox","testmod-CrystalShield","ReplayTheSpireMod:Ring of Challenge","Ring of Panic","Happy Flower","Eternal Feather","testmod-Acrobat","EasyGame_NEW","GodSword5","ReplayTheSpireMod:ShopPack","GodSword7"],"acts_visited":["Exordium","TheCity"],"potions_floor_usage":[8,16,16,20],"damage_taken":[{"damage":3,"enemies":"Small Slimes","floor":1,"turns":8},{"damage":12,"enemies":"Jaw Worm","floor":7,"turns":11},{"damage":19,"enemies":"3 Sentries","floor":8,"turns":15},{"damage":0,"enemies":"2 Louse","floor":11,"turns":4},{"damage":4,"enemies":"Red Slaver","floor":12,"turns":3},{"damage":19,"enemies":"Exordium Wildlife","floor":14,"turns":6},{"damage":0,"enemies":"Hexaghost","floor":16,"turns":12},{"damage":16,"enemies":"Spheric Guardian","floor":18,"turns":5},{"damage":9,"enemies":"Chosen","floor":20,"turns":4},{"damage":3,"enemies":"Gremlin Leader","floor":23,"turns":3},{"damage":20,"enemies":"Shelled Parasite and Fungi","floor":24,"turns":1}],"seed_played":"4581220300003719932","potions_obtained":[{"floor":1,"key":"Elixir"},{"floor":8,"key":"Block Potion"},{"floor":14,"key":"Cursed Concoction"},{"floor":16,"key":"FearPotion"},{"floor":18,"key":"testmod-SpacePotion"}],"is_trial":false,"path_per_floor":["M","?","?","$","?","R","M","E","T","R","M","M","T","M","R","B",null,"M","?","M","?","$","E","M"],"character_chosen":"THE_SILENT","items_purchased":["ReplayTheSpireMod:ShopPack"],"campfire_rested":0,"item_purchase_floors":[22],"current_hp_per_floor":[56,56,61,61,61,61,49,30,30,36,36,32,32,13,22,22,59,43,15,6,6,6,3,0,0],"gold":323,"neow_bonus":"RANDOM_EVENT","is_daily":false,"chose_seed":false,"campfire_upgraded":3,"win_rate":0.0,"timestamp":1610624189,"path_taken":["M","?","?","$","?","R","?","E","T","R","M","M","?","M","R","BOSS","M","?","M","?","$","E","M"],"items_purchased_type":["Relic"],"build_version":"2020-12-22","purchased_purges":2,"victory":false,"max_hp_per_floor":[66,66,71,71,71,71,71,71,71,71,71,71,71,71,71,71,71,71,71,71,71,71,71,71,71],"card_choices":[{"not_picked":["Blur","Underhanded Strike"],"picked":"Flying Knee","floor":1},{"not_picked":["Prepared","Deadly Poison"],"picked":"Tactician","floor":7},{"not_picked":["Prepared","Concentrate"],"picked":"Cloak And Dagger","floor":8},{"not_picked":["ReplayTheSpireMod:Scrap Shanks","Deadly Poison"],"picked":"Toxin Wave","floor":11},{"not_picked":["Leg Sweep","Deadly Poison"],"picked":"Blade Dance","floor":12},{"not_picked":["Escape Plan","Prepared"],"picked":"Hidden Blade","floor":14},{"not_picked":["Deflect","Poisoned Stab","Hidden Blade+1"],"picked":"SKIP","floor":18},{"not_picked":["Eviscerate","Deadly Poison"],"picked":"ReplayTheSpireMod:Shiv Toss+1","floor":19},{"not_picked":["Deadly Poison","Prepared"],"picked":"Well Laid Plans","floor":19},{"not_picked":["Hidden Blade+1","Sucker Punch","Slice"],"picked":"SKIP","floor":20},{"not_picked":["testmod-FightingIntention","Thinking Ahead"],"picked":"testmod-PowerStrike","floor":22},{"not_picked":["Replay:Sssssssssstrike","Poisoned Strike"],"picked":"Master of Strategy","floor":22},{"not_picked":["testmod-Illusory","Discovery"],"picked":"Dramatic Entrance","floor":22},{"not_picked":["Blade Dance","Backflip","Corpse Explosion"],"picked":"SKIP","floor":23}],"player_experience":1702187,"relics_obtained":[{"floor":2,"key":"ReplayTheSpireMod:Ring of Challenge"},{"floor":2,"key":"Ring of Panic"},{"floor":8,"key":"Happy Flower"},{"floor":9,"key":"Eternal Feather"},{"floor":13,"key":"testmod-Acrobat"},{"floor":19,"key":"GodSword5"},{"floor":23,"key":"GodSword7"}],"event_choices":[{"cards_removed":["Strike_G"],"damage_healed":0,"gold_gain":0,"player_choice":"Forget","damage_taken":0,"max_hp_gain":0,"max_hp_loss":0,"event_name":"Living Wall","floor":0,"gold_loss":0},{"damage_healed":0,"gold_gain":0,"player_choice":"Donut","damage_taken":0,"max_hp_gain":5,"max_hp_loss":0,"event_name":"Big Fish","floor":3,"gold_loss":0},{"damage_healed":0,"gold_gain":0,"player_choice":"Upgraded","damage_taken":0,"max_hp_gain":0,"max_hp_loss":0,"event_name":"Upgrade Shrine","floor":5,"gold_loss":0,"cards_upgraded":["Flying Knee"]},{"damage_healed":0,"gold_gain":50,"player_choice":"Pray","damage_taken":0,"max_hp_gain":0,"max_hp_loss":0,"event_name":"Golden Shrine","floor":21,"gold_loss":0}],"is_beta":false,"boss_relics":[{"not_picked":["Calling Bell","Fusion Hammer"],"picked":"EasyGame_NEW"}],"items_purged_floors":[4,22],"is_endless":false,"potions_floor_spawned":[1,8,14,16,18],"killed_by":"Shelled Parasite and Fungi","ascension_level":20}}