{"host":"r53pw7z744tg3fxg","time":1610639783,"event":{"mods":["AchievementEnabler","BaseMod","Colored Map","Colored Powertips","Highlight Path","Minty Spire (QoL Compilation)","Quick Restart","Transform Curses"],"gold_per_floor":[114,114,128,148,165,165,197,197,223,223,223,44,77,87,87,166,166,180,220,239,239,11,11,11,11,59,59,59,6,61,79,79,154,154,166,0,16,54,73,73,105,105,132,132,157,157,177,13,13,13,13],"floor_reached":50,"language":"ENG","playtime":1993,"items_purged":[],"score":847,"play_id":"e9314b6a-d7e7-4cf4-bf14-0b25d569c871","local_time":"20210114085623","is_ascension_mode":true,"campfire_choices":[{"floor":6.0,"key":"REST"},{"floor":8.0,"key":"REST"},{"floor":15.0,"key":"REST"},{"floor":23.0,"key":"REST"},{"data":"ForeignInfluence","floor":28.0,"key":"SMITH"},{"floor":32.0,"key":"REST"},{"floor":40.0,"key":"REST"},{"floor":42.0,"key":"REST"},{"floor":44.0,"key":"REST"},{"data":"Terror","floor":46.0,"key":"SMITH"},{"floor":49,"key":"REST"}],"circlet_count":0,"master_deck":["AscendersBane","Strike_P","Strike_P","Strike_P+1","Strike_P","Defend_P","Defend_P","Defend_P","Defend_P","Eruption+1","Vigilance+1","Wallop","BowlingBash","ForeignInfluence+1","FollowUp","ReachHeaven","ThirdEye","PiercingWail","Caltrops","HandOfGreed","EmptyBody","Static Discharge+1","Armaments","WreathOfFlame+1","Alpha+1","DeceiveReality+1","SandsOfTime","Slice+1","Terror","Terror+1","Thunderclap+1","Carnage+1","Rage","Blind","Bouncing Flask+1"],"relics":["PureWater","Lizard Tail","Centennial Puzzle","Orichalcum","PrismaticShard","Pen Nib","Busted Crown","Membership Card","Dream Catcher","Bag of Marbles","Lantern","Regal Pillow","Gremlin Horn","Happy Flower","Astrolabe","Red Mask","Sundial","Juzu Bracelet","Incense Burner","PreservedInsect"],"acts_visited":["Exordium","TheCity","TheBeyond"],"potions_floor_usage":[47,50],"damage_taken":[{"damage":2.0,"enemies":"Jaw Worm","floor":1.0,"turns":3.0},{"damage":0.0,"enemies":"2 Louse","floor":3.0,"turns":3.0},{"damage":0.0,"enemies":"Cultist","floor":4.0,"turns":2.0},{"damage":26.0,"enemies":"Gremlin Gang","floor":5.0,"turns":3.0},{"damage":13.0,"enemies":"3 Sentries","floor":7.0,"turns":5.0},{"damage":15.0,"enemies":"Gremlin Nob","floor":13.0,"turns":4.0},{"damage":0.0,"enemies":"Large Slime","floor":14.0,"turns":2.0},{"damage":22.0,"enemies":"Slime Boss","floor":16.0,"turns":8.0},{"damage":13.0,"enemies":"Shell Parasite","floor":18.0,"turns":4.0},{"damage":15.0,"enemies":"3 Byrds","floor":19.0,"turns":4.0},{"damage":12.0,"enemies":"Snake Plant","floor":20.0,"turns":3.0},{"damage":28.0,"enemies":"Slavers","floor":30.0,"turns":6.0},{"damage":27.0,"enemies":"Sentry and Sphere","floor":31.0,"turns":6.0},{"damage":13.0,"enemies":"Collector","floor":33.0,"turns":5.0},{"damage":12.0,"enemies":"3 Shapes","floor":35.0,"turns":3.0},{"damage":20.0,"enemies":"3 Darklings","floor":37.0,"turns":4.0},{"damage":0.0,"enemies":"4 Shapes","floor":38.0,"turns":1.0},{"damage":3.0,"enemies":"Spire Growth","floor":39.0,"turns":4.0},{"damage":58.0,"enemies":"Nemesis","floor":41.0,"turns":7.0},{"damage":0.0,"enemies":"Mind Bloom Boss Battle","floor":45.0,"turns":5.0},{"damage":66,"enemies":"Transient","floor":47,"turns":5},{"damage":117,"enemies":"Time Eater","floor":50,"turns":12}],"seed_played":"5777304179737955784","potions_obtained":[{"floor":3.0,"key":"Fire Potion"},{"floor":4.0,"key":"Weak Potion"},{"floor":5.0,"key":"Dexterity Potion"},{"floor":16.0,"key":"Explosive Potion"},{"floor":30.0,"key":"Strength Potion"},{"floor":38.0,"key":"ColorlessPotion"},{"floor":41.0,"key":"ColorlessPotion"},{"floor":45.0,"key":"DistilledChaos"}],"is_trial":false,"path_per_floor":["M","?","M","M","M","R","E","R","T","?","?","$","E","M","R","B",null,"M","M","M","?","$","R","?","$","T","?","R","?","E","M","R","B",null,"M","?","M","M","M","R","E","R","T","R","?","R","M","$","R","B"],"character_chosen":"WATCHER","items_purchased":["PrismaticShard","ThirdEye","Membership Card","Dream Catcher","PreservedInsect","Blind","DistilledChaos"],"campfire_rested":9,"item_purchase_floors":[12,12,22,22,48,48,48],"current_hp_per_floor":[45,45,45,45,19,40,27,48,48,34,34,34,19,19,40,18,59,46,31,19,43,43,64,64,64,64,64,64,64,36,9,45,32,62,50,50,30,30,27,63,5,41,41,72,72,72,6,6,42,0,0],"gold":13,"neow_bonus":"ONE_RARE_RELIC","is_daily":false,"chose_seed":false,"campfire_upgraded":2,"win_rate":0.0,"timestamp":1610639783,"path_taken":["M","?","M","M","M","R","E","R","T","?","?","$","E","?","R","BOSS","M","?","M","?","$","R","?","$","T","?","R","?","E","M","R","BOSS","M","?","M","M","M","R","E","R","T","R","?","R","M","$","R","BOSS"],"items_purchased_type":["Relic","Card","Relic","Relic","Relic","Card","Potion"],"build_version":"2020-12-22","purchased_purges":0,"victory":false,"max_hp_per_floor":[72,72,72,72,72,72,72,72,72,72,72,72,72,72,72,72,72,72,72,72,72,72,72,72,72,72,72,72,72,72,72,72,72,72,72,72,72,72,72,72,72,72,72,72,72,72,72,72,72,72,72],"card_choices":[{"not_picked":["Evaluate","LikeWater"],"picked":"Wallop","floor":1.0},{"not_picked":["SashWhip","ClearTheMind"],"picked":"BowlingBash","floor":3.0},{"not_picked":["EmptyBody","Fasting2"],"picked":"ForeignInfluence","floor":4.0},{"not_picked":["CutThroughFate","Omniscience"],"picked":"FollowUp","floor":5.0},{"not_picked":["Crescendo","FollowUp"],"picked":"ReachHeaven","floor":7.0},{"not_picked":["Headbutt","True Grit"],"picked":"PiercingWail","floor":13.0},{"not_picked":["Heavy Blade","Halt"],"picked":"Caltrops","floor":14.0},{"not_picked":["Grand Finale","Seek"],"picked":"HandOfGreed","floor":16.0},{"not_picked":[],"picked":"EmptyBody","floor":18.0},{"not_picked":[],"picked":"Static Discharge+1","floor":19.0},{"not_picked":[],"picked":"Armaments","floor":20.0},{"not_picked":[],"picked":"Dagger Throw","floor":23.0},{"not_picked":["Dagger Throw"],"picked":"SKIP","floor":30.0},{"not_picked":["Underhanded Strike"],"picked":"SKIP","floor":31.0},{"not_picked":[],"picked":"SandsOfTime","floor":35.0},{"not_picked":[],"picked":"Slice+1","floor":37.0},{"not_picked":[],"picked":"Terror","floor":38.0},{"not_picked":[],"picked":"Terror","floor":39.0},{"not_picked":["All Out Attack"],"picked":"SKIP","floor":41.0},{"not_picked":[],"picked":"Thunderclap+1","floor":44.0},{"not_picked":[],"picked":"Carnage+1","floor":45.0},{"not_picked":[],"picked":"Rage","floor":47},{"not_picked":[],"picked":"Bouncing Flask+1","floor":49}],"player_experience":1248338,"relics_obtained":[{"floor":7.0,"key":"Centennial Puzzle"},{"floor":9.0,"key":"Orichalcum"},{"floor":13.0,"key":"Pen Nib"},{"floor":26.0,"key":"Lantern"},{"floor":30.0,"key":"Happy Flower"},{"floor":41.0,"key":"Sundial"},{"floor":43.0,"key":"Juzu Bracelet"},{"floor":45.0,"key":"Incense Burner"}],"event_choices":[{"damage_healed":0.0,"max_hp_gain":0.0,"max_hp_loss":0.0,"gold_gain":0.0,"event_name":"Liars Game","player_choice":"Ignored","floor":2.0,"gold_loss":0.0,"damage_taken":0.0},{"damage_healed":0.0,"max_hp_gain":0.0,"max_hp_loss":0.0,"gold_gain":0.0,"event_name":"Shining Light","player_choice":"Entered Light","floor":10.0,"gold_loss":0.0,"damage_taken":14.0,"cards_upgraded":["Vigilance","Strike_P"]},{"damage_healed":0.0,"max_hp_gain":0.0,"max_hp_loss":0.0,"gold_gain":0.0,"event_name":"Accursed Blacksmith","player_choice":"Forge","floor":11.0,"gold_loss":0.0,"damage_taken":0.0,"cards_upgraded":["Eruption"]},{"damage_healed":24.0,"max_hp_gain":0.0,"max_hp_loss":0.0,"gold_gain":0.0,"event_name":"The Library","player_choice":"Heal","floor":21.0,"gold_loss":0.0,"damage_taken":0.0},{"damage_healed":0.0,"max_hp_gain":0.0,"max_hp_loss":0.0,"gold_gain":0.0,"event_name":"The Mausoleum","player_choice":"Opened","floor":24.0,"gold_loss":0.0,"damage_taken":0.0,"relics_obtained":["Bag of Marbles"],"cards_obtained":["Writhe"]},{"damage_healed":0.0,"max_hp_gain":0.0,"max_hp_loss":0.0,"gold_gain":0.0,"event_name":"Addict","player_choice":"Stole Relic","floor":27.0,"gold_loss":0.0,"damage_taken":0.0,"relics_obtained":["Regal Pillow"],"cards_obtained":["Shame"]},{"damage_healed":0.0,"max_hp_gain":0.0,"max_hp_loss":0.0,"gold_gain":0.0,"event_name":"WeMeetAgain","player_choice":"Paid Gold","floor":29.0,"gold_loss":53.0,"damage_taken":0.0,"relics_obtained":["Gremlin Horn"]},{"damage_healed":0.0,"max_hp_gain":0.0,"max_hp_loss":0.0,"gold_gain":0.0,"event_name":"Tomb of Lord Red Mask","player_choice":"Paid","floor":36.0,"gold_loss":166.0,"damage_taken":0.0,"relics_obtained":["Red Mask"]},{"damage_healed":0.0,"max_hp_gain":0.0,"max_hp_loss":0.0,"gold_gain":0.0,"event_name":"MindBloom","player_choice":"Fight","floor":45.0,"gold_loss":0.0,"damage_taken":0.0}],"is_beta":false,"boss_relics":[{"not_picked":["SlaversCollar","HolyWater"],"picked":"Busted Crown"},{"not_picked":["Coffee Dripper","Tiny House"],"picked":"Astrolabe"}],"items_purged_floors":[],"is_endless":false,"potions_floor_spawned":[3,4,5,16,30,38,41,45,47],"killed_by":"Time Eater","ascension_level":13}}