{"host":"yv7ijgyl7mqt7c0r","time":1610588173,"event":{"mods":["2.2 Compatiblity","Act Like it!","Aspiration","BaseMod","Bestiary","Better Note","Better Skull","Conspire","DeckTracker","Elementarium","Energized Spire","Friendly Minions","Gensokyo","GifTheSpireLib","Hallownest","Mari Mod (Legacy)","Mari\u0027s V1 Patch","Marisa????????","Menagerie","Minty Spire (QoL Compilation)","Prisma Mod","Random Character Button","Reimu??????","Remilia_Scarlet Moed?????·?????3.3.5","StSLib","Stuff the Spire","The Bug Knight","The Factory","The Jungle","The Senshi","The Servant 0.9.4","Wandering Minibosses"],"gold_per_floor":[116,135,145,95,95,96,96],"floor_reached":6,"language":"ENG","playtime":804,"items_purged":[],"score":36,"play_id":"4a60e705-ea06-4aad-b000-bb46e4c89483","local_time":"20210113193613","is_ascension_mode":false,"campfire_choices":[],"circlet_count":0,"master_deck":["Strike_S","Strike_S","Strike_S","Strike_S","Defend_S","Defend_S","Defend_S","Defend_S","KidneyShot","Exchange","Dilation","Replace","Rearm","Moonlight","conspire:SpireCoStock","Pain"],"relics":["Uniform","Gensokyo:LunaticRedEyes"],"acts_visited":["Gensokyo:Gensokyo"],"potions_floor_usage":[],"damage_taken":[{"damage":0.0,"enemies":"Gensokyo:2_Kodama","floor":1.0,"turns":6.0},{"damage":0.0,"enemies":"Gensokyo:3_Fairies","floor":2.0,"turns":5.0},{"damage":0.0,"enemies":"Gensokyo:Python","floor":3.0,"turns":4.0},{"damage":67,"enemies":"Gensokyo:Aya","floor":6,"turns":12}],"seed_played":"-2723870945822278928","potions_obtained":[{"floor":1.0,"key":"Strength Potion"},{"floor":2.0,"key":"Energy Potion"}],"is_trial":false,"path_per_floor":["M","M","M","?","?","E"],"character_chosen":"THE_SERVANT","items_purchased":[],"campfire_rested":0,"item_purchase_floors":[],"current_hp_per_floor":[59,59,59,59,59,0,0],"gold":96,"neow_bonus":"THREE_RARE_CARDS","is_daily":false,"chose_seed":false,"campfire_upgraded":0,"win_rate":0.0,"timestamp":1610588173,"path_taken":["M","M","M","?","?","E"],"items_purchased_type":[],"build_version":"2020-12-22","purchased_purges":0,"victory":false,"max_hp_per_floor":[59,59,59,59,59,59,59],"card_choices":[{"not_picked":["Duplication","Solidify"],"picked":"Dilation","floor":0.0},{"not_picked":["Shuttle","Rewind"],"picked":"Replace","floor":1.0},{"not_picked":["Rewind","SpecialFormula"],"picked":"Rearm","floor":2.0},{"not_picked":["TimeWarp","Potential"],"picked":"Moonlight","floor":3.0}],"player_experience":475246,"relics_obtained":[],"event_choices":[{"damage_healed":0.0,"max_hp_gain":0.0,"max_hp_loss":0.0,"gold_gain":0.0,"event_name":"conspire:Investor","player_choice":"Invest 1","floor":4.0,"gold_loss":0.0,"damage_taken":0.0}],"is_beta":false,"boss_relics":[],"items_purged_floors":[],"is_endless":false,"potions_floor_spawned":[1,2],"killed_by":"Gensokyo:Aya","ascension_level":0}}