{"host":"8fuipfsvjht9cgcs","time":1610589061,"event":{"mods":["AchievementEnabler","BaseMod","Colored Map","Colored Powertips","DeckTracker","Minty Spire (QoL Compilation)","Replay The Spire","StSLib","SuperFastMode","The Gatherer"],"gold_per_floor":[363,34,34,52,52,87,87,87,87,87,110,143,173,173,173,173,173],"floor_reached":16,"language":"KOR","playtime":449,"items_purged":[],"score":145,"play_id":"74ad3a4d-6244-41b8-8e7f-6eb9e73ec807","local_time":"20210114145101","is_ascension_mode":true,"campfire_choices":[{"floor":8,"key":"REST"},{"data":"Blade Dance","floor":10,"key":"SMITH"},{"data":"Blur","floor":15,"key":"SMITH"}],"circlet_count":0,"master_deck":["Strike_G","Strike_G","Strike_G","Strike_G","Defend_G","Defend_G","Defend_G","Defend_G","Defend_G","Survivor","Neutralize","Blade Dance+1","Dash+1","Escape Plan","Blur+1","All Out Attack+1"],"relics":["Ring of the Snake","Molten Egg 2","Golden Idol","Tiny Chest","CeramicFish","Garlic"],"acts_visited":["Exordium"],"potions_floor_usage":[16],"damage_taken":[{"damage":0.0,"enemies":"2 Louse","floor":1.0,"turns":3.0},{"damage":2,"enemies":"Small Slimes","floor":4,"turns":3},{"damage":40,"enemies":"Gremlin Nob","floor":6,"turns":5},{"damage":0,"enemies":"Cultist","floor":11,"turns":3},{"damage":2,"enemies":"Large Slime","floor":12,"turns":6},{"damage":0,"enemies":"Blue Slaver","floor":13,"turns":4},{"damage":22,"enemies":"Slime Boss","floor":16,"turns":7}],"seed_played":"-8171227562648830984","potions_obtained":[{"floor":4,"key":"SkillPotion"},{"floor":13,"key":"Swift Potion"}],"is_trial":false,"path_per_floor":["M","$","?","M","$","E","?","R","T","R","M","M","M","?","R","B"],"character_chosen":"THE_SILENT","items_purchased":["Molten Egg 2","Dash+1"],"campfire_rested":1,"item_purchase_floors":[2,2],"current_hp_per_floor":[63,63,48,46,46,6,6,24,24,24,24,22,22,22,22,0,0],"gold":173,"neow_bonus":"TWO_FIFTY_GOLD","is_daily":false,"chose_seed":false,"campfire_upgraded":2,"win_rate":0.0,"timestamp":1610589061,"path_taken":["M","$","?","M","$","E","?","R","T","R","M","?","M","?","R","BOSS"],"items_purchased_type":["Relic","Card"],"build_version":"2020-12-22","purchased_purges":0,"victory":false,"max_hp_per_floor":[63,63,63,63,63,63,63,63,63,63,63,63,63,63,63,63,63],"card_choices":[{"not_picked":["Dagger Spray","Cloak And Dagger"],"picked":"Blade Dance","floor":1.0},{"not_picked":["Dagger Throw+1","Outmaneuver"],"picked":"Escape Plan","floor":4},{"not_picked":["Sucker Punch+1","Draining Mist","Bane+1"],"picked":"SKIP","floor":6},{"not_picked":["Toxin Wave","Outmaneuver","Underhanded Strike+1"],"picked":"SKIP","floor":11},{"not_picked":["Bane+1","Quick Slash+1"],"picked":"Blur","floor":12},{"not_picked":["Bane+1","Poisoned Stab+1"],"picked":"All Out Attack+1","floor":13}],"player_experience":379539,"relics_obtained":[{"floor":6,"key":"Tiny Chest"},{"floor":9,"key":"Garlic"}],"event_choices":[{"damage_healed":0.0,"max_hp_gain":0.0,"max_hp_loss":0.0,"gold_gain":0.0,"event_name":"Golden Idol","player_choice":"Take Damage","floor":3.0,"gold_loss":0.0,"damage_taken":15.0,"relics_obtained":["Golden Idol"]},{"damage_healed":0,"gold_gain":0,"player_choice":"Gave Potion","damage_taken":0,"relics_obtained":["CeramicFish"],"max_hp_gain":0,"max_hp_loss":0,"event_name":"WeMeetAgain","floor":7,"gold_loss":0}],"is_beta":false,"boss_relics":[],"items_purged_floors":[],"is_endless":false,"potions_floor_spawned":[4,13],"killed_by":"Slime Boss","ascension_level":9}}