{"host":"pq8o62wp0h1hflf3","time":1610653247,"event":{"mods":["BaseMod","Minty Spire (QoL Compilation)","Relic Stats","ojb\u0027s Info Mod"],"gold_per_floor":[113,113,188,206,206,206,218,243,243,262,262,291,291,310,310,310,310],"floor_reached":16,"language":"ENG","playtime":649,"items_purged":[],"score":200,"play_id":"c3e8a82b-5865-4509-a8a8-a9a41b1d56af","local_time":"20210114144047","is_ascension_mode":true,"campfire_choices":[{"data":"Cleave","floor":6,"key":"SMITH"},{"data":"Bash","floor":11,"key":"SMITH"},{"data":"Clothesline","floor":15,"key":"SMITH"}],"circlet_count":0,"master_deck":["AscendersBane","Strike_R","Strike_R","Strike_R","Strike_R","Defend_R","Defend_R","Defend_R","Defend_R","Bash+1","Clumsy","Cleave+1","Infernal Blade","Clothesline+1","Ghostly Armor","Impervious","True Grit","Sever Soul","Feed"],"relics":["Burning Blood","WingedGreaves","Kunai","Sundial","Odd Mushroom","Ancient Tea Set"],"acts_visited":["Exordium"],"potions_floor_usage":[16,16],"damage_taken":[{"damage":10,"enemies":"2 Louse","floor":1,"turns":4},{"damage":14,"enemies":"Jaw Worm","floor":4,"turns":4},{"damage":4,"enemies":"Cultist","floor":7,"turns":3},{"damage":35,"enemies":"3 Sentries","floor":8,"turns":8},{"damage":0,"enemies":"2 Fungi Beasts","floor":10,"turns":4},{"damage":8,"enemies":"The Mushroom Lair","floor":12,"turns":5},{"damage":3,"enemies":"Looter","floor":14,"turns":3},{"damage":21,"enemies":"Hexaghost","floor":16,"turns":7}],"seed_played":"-7381287683776690615","potions_obtained":[{"floor":4,"key":"GamblersBrew"},{"floor":10,"key":"Ancient Potion"},{"floor":12,"key":"PowerPotion"}],"is_trial":false,"path_per_floor":["M","?","?","M","?","R","M","E","T","M","R","?","?","M","R","B"],"character_chosen":"IRONCLAD","items_purchased":[],"campfire_rested":0,"item_purchase_floors":[],"current_hp_per_floor":[64,69,58,50,50,50,52,23,23,29,29,27,16,19,19,0,0],"gold":310,"neow_bonus":"ONE_RARE_RELIC","is_daily":false,"chose_seed":false,"campfire_upgraded":3,"win_rate":0.0,"timestamp":1610653247,"path_taken":["M","?","?","M","?","R","?","E","T","M","R","?","?","M","R","BOSS"],"items_purchased_type":[],"build_version":"2020-12-22","purchased_purges":0,"victory":false,"max_hp_per_floor":[75,80,80,80,80,80,80,80,80,80,80,80,80,80,80,80,80],"relic_stats":{"counters":[8,38],"Sundial":[2],"Kunai":[2],"obtain_stats":[{"Sundial":9,"WingedGreaves":0,"Kunai":8,"Odd Mushroom":12,"Ancient Tea Set":13,"Burning Blood":0},{"Sundial":4,"WingedGreaves":0,"Kunai":4,"Odd Mushroom":6,"Ancient Tea Set":6,"Burning Blood":0},{"Sundial":19,"WingedGreaves":0,"Kunai":19,"Odd Mushroom":28,"Ancient Tea Set":28,"Burning Blood":0}],"Burning Blood":42},"card_choices":[{"not_picked":["Dark Embrace","Shrug It Off"],"picked":"Cleave","floor":1},{"not_picked":["Havoc","Fire Breathing"],"picked":"Infernal Blade","floor":4},{"not_picked":["Iron Wave","True Grit"],"picked":"Ghostly Armor","floor":7},{"not_picked":["Havoc","Clothesline"],"picked":"Impervious","floor":8},{"not_picked":["Thunderclap","Heavy Blade"],"picked":"True Grit","floor":10},{"not_picked":["Armaments","Sentinel"],"picked":"Sever Soul","floor":12},{"not_picked":["Rupture","Wild Strike"],"picked":"Feed","floor":14}],"player_experience":1144973,"relics_obtained":[{"floor":8,"key":"Kunai"},{"floor":9,"key":"Sundial"},{"floor":12,"key":"Odd Mushroom"}],"event_choices":[{"damage_healed":0,"gold_gain":0,"player_choice":"Donut","damage_taken":0,"max_hp_gain":5,"max_hp_loss":0,"event_name":"Big Fish","floor":2,"gold_loss":0},{"damage_healed":0,"gold_gain":75,"player_choice":"Gather Gold","damage_taken":11,"max_hp_gain":0,"max_hp_loss":0,"event_name":"World of Goop","floor":3,"gold_loss":0},{"damage_healed":0,"gold_gain":0,"cards_transformed":["Strike_R"],"player_choice":"Transformed","damage_taken":0,"max_hp_gain":0,"max_hp_loss":0,"event_name":"Transmorgrifier","floor":5,"gold_loss":0,"cards_obtained":["Clothesline"]},{"damage_healed":0,"gold_gain":0,"player_choice":"Fought Mushrooms","damage_taken":0,"max_hp_gain":0,"max_hp_loss":0,"event_name":"Mushrooms","floor":12,"gold_loss":0},{"damage_healed":0,"gold_gain":0,"player_choice":"Success","damage_taken":11,"relics_obtained":["Ancient Tea Set"],"max_hp_gain":0,"max_hp_loss":0,"event_name":"Scrap Ooze","floor":13,"gold_loss":0}],"is_beta":false,"boss_relics":[],"items_purged_floors":[],"is_endless":false,"potions_floor_spawned":[4,10,12,14],"killed_by":"Hexaghost","ascension_level":20}}