{"host":"jfbo3eu2ui08ej1u","time":1610604947,"event":{"mods":["2.2 Compatiblity","AchievementEnabler","Act Like it!","Aspiration","BaseMod","Better Altar","Better Match","Better Note","Better Sensory Stone","Better Skull","Better Third Choice","Block Reminder","Colored Map","Colored Powertips","Conspire","DeckTracker","Displayed Cursed Tome","Downfall","Energized Spire","Fox Events","GifTheSpireLib","Hubris","Infinite Spire","Marked Mod","Minty Spire (QoL Compilation)","Pale of the Ancients","Quick Restart","RRrroohrrRGHHhhh!!","Relic Filter","Reorder Act Four","Replay The Spire","Shop Mod","Spicy Shops","StSLib","Stuff the Spire","The Blue Laboratory","The Disciple","The Forsaken","The Hierophant","The Marked","Uncapped","Unceasing Turn Reminder","Wandering Minibosses"],"gold_per_floor":[99,112,124,144,70,81,81,6,106,106,122,156,168,34,45,146,146,146,161,176,188,208,236,282,282,302,302,314,74,74,91,109,213,213,213,225,225,333,10,30,107,140,158,83,64,64,117,29,41,41],"floor_reached":51,"language":"ENG","playtime":4087,"items_purged":["Normality","Regret","Shame","champ:Strike","Pain","hubris:Gluttony"],"score":866,"play_id":"c96a8460-d6fa-40a6-956b-7c7000ca1ec7","local_time":"20210114011547","is_ascension_mode":true,"campfire_choices":[{"data":"champ:Taunt","floor":1.0,"key":"SMITH"},{"data":"champ:FanOfKnives","floor":8.0,"key":"SMITH"},{"data":"champ:GutPunch","floor":10.0,"key":"SMITH"},{"data":"champ:StrikeOfGenius","floor":18.0,"key":"SMITH"},{"data":"champ:MurderStrike","floor":35,"key":"SMITH"},{"data":"champ:DancingMaster","floor":44,"key":"SMITH"}],"circlet_count":0,"master_deck":["champ:Strike","champ:Strike","champ:Defend","champ:Defend","champ:Defend","champ:Execute+1","champ:Taunt+1","champ:DancingMaster+1","champ:BerserkersShout","champ:GutPunch+1","champ:BerserkerStyle","champ:FanOfKnives+1","champ:DefensiveShout","champ:Backstep","champ:StanceDance","champ:FlashCut","champ:BringItOn","Thinking Ahead","champ:StrikeOfGenius+1","wanderingMiniBosses:FinaleOfPromise","champ:BringItOn","champ:PerfectedStrike+1","champ:ArenaPreparation","champ:GutPunch+1","champ:FaceSlap","Decay","StuffTheSpire:Harmony","champ:GladiatorsShout","champ:Shatter+1","champ:MurderStrike+1","infinitespire:Starlight","champ:StanceDance+1","champ:FlashCut","ReplayTheSpireMod:Doomed","champ:DancingMaster","champ:FanOfKnives+1"],"relics":["champ:ChampionCrown","ReplayTheSpireMod:CursedCoin","Lee\u0027s Waffle","downfall:HeartBlessingBlue","Pet Ghost","Empty Cage","wanderingMiniBosses:Blackblade","Replay:Towering Pillar of Hats","Whetstone","Eternal Feather","StuffTheSpire:ForceGauntlet","Cursed Key","Bag of Preparation","conspire:Boomerang","ClockworkSouvenir","Membership Card","conspire:Flyswatter","infinitespire:PuzzleCube","downfall:HeartBlessingGreen","Toy Ornithopter"],"acts_visited":["Exordium","TheCity","TheBeyond"],"potions_floor_usage":[33,33,33],"damage_taken":[{"damage":30.0,"enemies":"conspire:RoseBush","floor":2.0,"turns":8.0},{"damage":11.0,"enemies":"Cultist","floor":3.0,"turns":4.0},{"damage":13.0,"enemies":"2 Louse","floor":4.0,"turns":3.0},{"damage":45.0,"enemies":"downfall:FleeingMerchant","floor":5.0,"turns":7.0},{"damage":20.0,"enemies":"2 Fungi Beasts","floor":6.0,"turns":3.0},{"damage":27.0,"enemies":"Large Slime","floor":11.0,"turns":4.0},{"damage":50.0,"enemies":"Lagavulin","floor":12.0,"turns":7.0},{"damage":49.0,"enemies":"conspire:2 RoseBushes","floor":13.0,"turns":6.0},{"damage":51.0,"enemies":"downfall:FleeingMerchant","floor":14.0,"turns":4.0},{"damage":18.0,"enemies":"Exordium Thugs","floor":15.0,"turns":4.0},{"damage":77.0,"enemies":"downfall:Silent","floor":16.0,"turns":10.0},{"damage":8.0,"enemies":"Spheric Guardian","floor":19.0,"turns":3.0},{"damage":33.0,"enemies":"Shell Parasite","floor":20.0,"turns":5.0},{"damage":33.0,"enemies":"Snake Plant","floor":21.0,"turns":6.0},{"damage":29.0,"enemies":"3 Cultists","floor":22.0,"turns":5.0},{"damage":21.0,"enemies":"Replay:Snechameleon","floor":23.0,"turns":6.0},{"damage":15.0,"enemies":"Cultist and Chosen","floor":26.0,"turns":4.0},{"damage":23.0,"enemies":"Snake Plant","floor":28.0,"turns":6.0},{"damage":27.0,"enemies":"downfall:FleeingMerchant","floor":29.0,"turns":4.0},{"damage":56.0,"enemies":"conspire:HollyBat","floor":31.0,"turns":8.0},{"damage":31.0,"enemies":"Sentry and Sphere","floor":32.0,"turns":4.0},{"damage":33,"enemies":"downfall:Watcher","floor":33,"turns":7},{"damage":6,"enemies":"3 Shapes","floor":36,"turns":5},{"damage":63,"enemies":"downfall:FleeingMerchant","floor":39,"turns":4},{"damage":18,"enemies":"Orb Walker","floor":40,"turns":3},{"damage":61,"enemies":"Nemesis","floor":42,"turns":4},{"damage":32,"enemies":"Maw","floor":43,"turns":6},{"damage":23,"enemies":"Spire Growth","floor":49,"turns":3},{"damage":34,"enemies":"downfall:Ironclad","floor":50,"turns":5}],"seed_played":"675789014162320437","potions_obtained":[{"floor":3.0,"key":"Venom Potion"},{"floor":6.0,"key":"Ancient Potion"},{"floor":13.0,"key":"Reflective Coating"},{"floor":15.0,"key":"blueLaboratory:BottleOfVodka"},{"floor":16.0,"key":"blueLaboratory:ImpenetrablePotion"},{"floor":19.0,"key":"blueLaboratory:HorrorPotion"},{"floor":21.0,"key":"Fire Potion"},{"floor":32.0,"key":"blueLaboratory:EnragingPotion"},{"floor":33,"key":"Fire Potion"},{"floor":36,"key":"blueLaboratory:RememoryPotion"}],"is_trial":false,"path_per_floor":["R","M","M","M","$","M","T","R","?","R","M","E","M","$","M","B",null,"R","M","M","M","M","E","T","?","M","?","M","$","?","M","M","B",null,"R","M","AVR","?","$","M","T","E","M","R","$","?","T","$","M","B",null],"character_chosen":"THE_CHAMP","items_purchased":["ReplayTheSpireMod:CursedCoin","champ:FanOfKnives","Lee\u0027s Waffle","champ:DefensiveShout","Thinking Ahead","StuffTheSpire:ForceGauntlet","conspire:Boomerang","ClockworkSouvenir","Ancient Potion","Membership Card","champ:FanOfKnives+1"],"campfire_rested":0,"item_purchase_floors":[5,5,5,5,14,29,39,39,39,39,45],"current_hp_per_floor":[90,70,70,68,97,87,87,97,97,97,93,87,76,59,53,11,107,107,102,94,75,58,58,58,58,58,58,53,49,49,26,25,28,107,107,107,107,97,83,100,100,74,89,107,107,107,107,107,107,107],"gold":41,"neow_bonus":"ONE_RANDOM_RARE_CARD","is_daily":false,"chose_seed":false,"campfire_upgraded":6,"win_rate":0.0,"timestamp":1610604947,"path_taken":["R","M","M","M","$","M","T","R","?","R","M","E","?","$","M","BOSS","R","M","M","M","M","E","T","?","M","?","M","$","?","M","M","BOSS","R","M","AVR","?","$","M","T","E","M","R","?","?","?","$","M","BOSS"],"items_purchased_type":["Relic","Card","Relic","Card","Card","Relic","Relic","Relic","Potion","Relic","Card"],"build_version":"2020-12-22","purchased_purges":6,"victory":true,"max_hp_per_floor":[90,90,90,90,97,97,97,107,107,107,107,107,107,107,107,107,107,107,107,107,107,107,107,107,107,107,107,107,107,107,107,107,107,107,107,107,107,107,107,107,107,107,107,107,107,107,107,107,107,107],"card_choices":[{"not_picked":["champ:EndlessRage","champ:RageSigil"],"picked":"champ:BerserkersShout","floor":2.0},{"not_picked":["champ:Backstep","champ:Duel"],"picked":"champ:GutPunch","floor":3.0},{"not_picked":["champ:PreciseThrust","champ:EndlessRage"],"picked":"champ:BerserkerStyle","floor":4.0},{"not_picked":["champ:RageSigil","champ:Duel","champ:ShieldWall"],"picked":"SKIP","floor":5.0},{"not_picked":["champ:Circumvent","champ:GladiatorsShout"],"picked":"champ:Backstep","floor":6.0},{"not_picked":["champ:DefensiveStyle","champ:FalseCounter"],"picked":"champ:StanceDance","floor":11.0},{"not_picked":["champ:BerserkersShout","champ:PerfectedStrike","champ:AdrenalArmor"],"picked":"SKIP","floor":12.0},{"not_picked":["champ:SwordThrow","champ:BladeFlurry"],"picked":"champ:FlashCut","floor":13.0},{"not_picked":["champ:TornadoPunch","champ:GutPunch"],"picked":"champ:BringItOn","floor":14.0},{"not_picked":["champ:GutPunch","champ:AdrenalArmor","champ:FlashCut"],"picked":"SKIP","floor":15.0},{"not_picked":["champ:ShieldThrow","champ:DancingMaster"],"picked":"champ:StrikeOfGenius","floor":16.0},{"not_picked":[],"picked":"wanderingMiniBosses:FinaleOfPromise","floor":19.0},{"not_picked":["champ:BladeFlurry","champ:EndlessRage"],"picked":"champ:BringItOn","floor":19.0},{"not_picked":["champ:Haymaker","champ:DeathBlow+1","champ:BringItOn"],"picked":"SKIP","floor":20.0},{"not_picked":["champ:FocusedGladiator","champ:Duel"],"picked":"champ:PerfectedStrike","floor":21.0},{"not_picked":["champ:BladeFlurry","champ:IronFortress"],"picked":"champ:ArenaPreparation","floor":22.0},{"not_picked":["champ:Backstep","champ:TornadoPunch"],"picked":"champ:GutPunch+1","floor":23.0},{"not_picked":["champ:RageSigil","champ:BringItOn","champ:ShieldSigil"],"picked":"SKIP","floor":26.0},{"not_picked":["champ:ViciousMockery","champ:VampiricStrike"],"picked":"champ:FaceSlap","floor":28.0},{"not_picked":["champ:Duel","champ:DeathBlow+1","champ:EndlessRage"],"picked":"SKIP","floor":29.0},{"not_picked":["champ:ShieldWall+1","champ:BladeFlurry"],"picked":"champ:GladiatorsShout","floor":31.0},{"not_picked":["champ:FocusedBerserking","champ:Backstep"],"picked":"champ:Shatter+1","floor":32.0},{"not_picked":["champ:ShieldThrow","champ:CheapShot"],"picked":"champ:MurderStrike","floor":33},{"not_picked":["champ:EnGarde","champ:RapidStrikes+1","champ:GladiatorsShout"],"picked":"SKIP","floor":36},{"not_picked":["champ:TornadoPunch+1","champ:FlashCut"],"picked":"champ:StanceDance+1","floor":39},{"not_picked":["champ:TornadoPunch","champ:BerserkersShout"],"picked":"champ:FlashCut","floor":40},{"not_picked":["champ:ViciousMockery+1","champ:DefensiveShout"],"picked":"champ:DancingMaster","floor":42},{"not_picked":["champ:FlashCut+1","champ:Circumvent+1","champ:BerserkersShout"],"picked":"SKIP","floor":43},{"not_picked":["champ:TornadoPunch+1","champ:StanceDance","champ:Duel+1"],"picked":"SKIP","floor":49}],"player_experience":1211928,"relics_obtained":[{"floor":12.0,"key":"Pet Ghost"},{"floor":19.0,"key":"wanderingMiniBosses:Blackblade"},{"floor":23.0,"key":"Replay:Towering Pillar of Hats"},{"floor":24.0,"key":"Whetstone"},{"floor":41,"key":"conspire:Flyswatter"},{"floor":42,"key":"infinitespire:PuzzleCube"},{"floor":47,"key":"Toy Ornithopter"}],"event_choices":[{"damage_healed":0.0,"max_hp_gain":0.0,"max_hp_loss":0.0,"gold_gain":0.0,"event_name":"Addict","player_choice":"Stole Relic","floor":27.0,"gold_loss":0.0,"damage_taken":0.0,"relics_obtained":["Eternal Feather"],"cards_obtained":["Shame"]},{"damage_healed":0,"gold_gain":108,"player_choice":"GO ","damage_taken":11,"relics_obtained":[],"max_hp_gain":0,"max_hp_loss":0,"event_name":"betterSkull:BetterSkull","floor":38,"gold_loss":0,"cards_upgraded":[]}],"is_beta":false,"boss_relics":[{"not_picked":["hubris:HollowSoul","Runic Pyramid"],"picked":"Empty Cage"},{"not_picked":["Astrolabe","aspiration:IroncladSkillbook"],"picked":"Cursed Key"}],"items_purged_floors":[5,14,29,37,39,48],"is_endless":false,"potions_floor_spawned":[3,6,13,15,16,19,20,21,23,32,33,36,43,49],"ascension_level":1}}