{"host":"qgrlfjrqk9z96gfi","time":1610589097,"event":{"mods":["BaseMod","Block Reminder","Colored Map","DeckTracker","Minty Spire (QoL Compilation)"],"gold_per_floor":[113,113,113,8,8,36,36,66,66,66,77,87,87,115,115,115,115],"floor_reached":16,"language":"ENG","playtime":333,"items_purged":[],"score":332,"play_id":"4a2e4363-bf3a-4456-afc1-06e4ddac85b6","local_time":"20210113155137","is_ascension_mode":true,"campfire_choices":[{"data":"Poisoned Stab","floor":7,"key":"SMITH"},{"data":"Dagger Throw","floor":10,"key":"SMITH"},{"floor":15,"key":"REST"}],"circlet_count":0,"master_deck":["AscendersBane","Strike_G","Strike_G+1","Strike_G","Strike_G","Defend_G","Defend_G","Defend_G","Defend_G","Defend_G+1","Survivor","Neutralize","Blade Dance","Poisoned Stab+1","Dagger Throw+1","Backflip","Adrenaline+1","Slice","PiercingWail"],"relics":["Ring of the Snake","NeowsBlessing","Art of War","Peace Pipe","Blue Candle","Darkstone Periapt"],"acts_visited":["Exordium"],"potions_floor_usage":[14,16],"damage_taken":[{"damage":0,"enemies":"Jaw Worm","floor":1,"turns":1},{"damage":0,"enemies":"Gremlin Nob","floor":6,"turns":1},{"damage":0,"enemies":"Lagavulin","floor":8,"turns":1},{"damage":7,"enemies":"Small Slimes","floor":11,"turns":4},{"damage":0,"enemies":"2 Louse","floor":12,"turns":2},{"damage":14,"enemies":"3 Sentries","floor":14,"turns":7},{"damage":41,"enemies":"Slime Boss","floor":16,"turns":7}],"seed_played":"-8947398216150417059","potions_obtained":[{"floor":8,"key":"BlessingOfTheForge"},{"floor":11,"key":"PowerPotion"}],"is_trial":false,"path_per_floor":["M","?","?","$","?","E","R","E","T","R","M","M","?","E","R","B"],"character_chosen":"THE_SILENT","items_purchased":["Poisoned Stab","Dagger Throw"],"campfire_rested":1,"item_purchase_floors":[4,4],"current_hp_per_floor":[59,39,39,39,32,32,32,32,32,32,25,25,25,11,30,0,0],"gold":115,"neow_bonus":"THREE_ENEMY_KILL","is_daily":false,"chose_seed":false,"campfire_upgraded":2,"win_rate":0.0,"timestamp":1610589097,"path_taken":["M","?","?","$","?","E","R","E","T","R","M","M","?","E","R","BOSS"],"items_purchased_type":["Card","Card"],"build_version":"2020-12-22","purchased_purges":0,"victory":false,"max_hp_per_floor":[66,66,66,66,66,66,66,66,66,66,66,66,66,66,66,66,66],"card_choices":[{"not_picked":["Dodge and Roll","Reflex"],"picked":"Blade Dance","floor":1},{"not_picked":["Dagger Throw","Sucker Punch"],"picked":"Backflip","floor":6},{"not_picked":["Outmaneuver","Eviscerate"],"picked":"Adrenaline","floor":8},{"not_picked":["Prepared","Acrobatics"],"picked":"Slice","floor":11},{"not_picked":["Escape Plan","Acrobatics"],"picked":"PiercingWail","floor":12},{"not_picked":["Acrobatics","Sucker Punch","Reflex"],"picked":"SKIP","floor":14}],"player_experience":1005710,"relics_obtained":[{"floor":6,"key":"Art of War"},{"floor":8,"key":"Peace Pipe"},{"floor":9,"key":"Blue Candle"},{"floor":14,"key":"Darkstone Periapt"}],"event_choices":[{"damage_healed":0,"gold_gain":0,"player_choice":"Entered Light","damage_taken":20,"max_hp_gain":0,"max_hp_loss":0,"event_name":"Shining Light","floor":2,"gold_loss":0,"cards_upgraded":["Defend_G","Strike_G"]},{"damage_healed":0,"gold_gain":0,"player_choice":"Ignored","damage_taken":0,"max_hp_gain":0,"max_hp_loss":0,"event_name":"Liars Game","floor":3,"gold_loss":0},{"cards_removed":["Strike_G"],"damage_healed":0,"gold_gain":0,"player_choice":"Card Removal","damage_taken":7,"max_hp_gain":0,"max_hp_loss":0,"event_name":"Golden Wing","floor":5,"gold_loss":0},{"damage_healed":0,"gold_gain":0,"player_choice":"Grow","damage_taken":0,"max_hp_gain":0,"max_hp_loss":0,"event_name":"Living Wall","floor":13,"gold_loss":0,"cards_upgraded":["Adrenaline"]}],"is_beta":false,"boss_relics":[],"items_purged_floors":[],"is_endless":false,"potions_floor_spawned":[8,11],"killed_by":"Slime Boss","ascension_level":20}}