{"host":"h4lp0eeso8a0ssq0","time":1610600585,"event":{"mods":["2.2 Compatiblity","BaseMod","CapriCore","Colored Map","Hermit","Minty Spire (QoL Compilation)","StSLib","SuperFastMode","The Cursed","The Hierophant"],"gold_per_floor":[112,125,125,50,64,89,89,103,154,154,182,182,195,225,225,330,330,346,346,365,365,378,378,49,59,113,113,0,0,0,74,74,173,173,186,231,27,27,77,77,77,77,102,113,148,166,186,198,198,198,198],"floor_reached":50,"language":"KOR","playtime":3021,"items_purged":["Strike_B","Strike_B","Strike_B"],"score":563,"play_id":"e534bfa7-6292-4236-9932-00d146580c6a","local_time":"20210114140305","is_ascension_mode":false,"campfire_choices":[{"floor":10.0,"key":"REST"},{"data":"Storm","floor":12.0,"key":"SMITH"},{"data":"Creative AI","floor":15.0,"key":"SMITH"},{"floor":23.0,"key":"REST"},{"floor":30.0,"key":"REST"},{"floor":32.0,"key":"REST"},{"data":"Echo Form","floor":40.0,"key":"SMITH"},{"data":"Apotheosis","floor":42.0,"key":"SMITH"},{"floor":49,"key":"RECALL"}],"circlet_count":0,"master_deck":["Defend_B","Defend_B","Defend_B","Zap","Dualcast","Tempest","Redo","Storm+1","Sweeping Beam","Buffer","Chaos","Self Repair","Creative AI+1","Electrodynamics","Auto Shields","Heatsinks","Ball Lightning+1","Static Discharge","Capacitor","Stack+1","Echo Form+1","Redo+1","Force Field","Apotheosis+1","Force Field+1","Thunder Strike","Force Field","Redo+1","Redo+1","Capacitor","Force Field+1"],"relics":["Cracked Core","Matryoshka","Pantograph","Vajra","Centennial Puzzle","WingedGreaves","Black Star","Art of War","Regal Pillow","Dream Catcher","Sozu","Torii","Prayer Wheel","Strawberry","Calipers","Omamori"],"acts_visited":["Exordium","TheCity","TheBeyond"],"potions_floor_usage":[50],"damage_taken":[{"damage":5.0,"enemies":"Small Slimes","floor":1.0,"turns":3.0},{"damage":6.0,"enemies":"Cultist","floor":2.0,"turns":3.0},{"damage":11.0,"enemies":"Jaw Worm","floor":5.0,"turns":2.0},{"damage":20.0,"enemies":"Gremlin Nob","floor":6.0,"turns":4.0},{"damage":20.0,"enemies":"3 Louse","floor":8.0,"turns":4.0},{"damage":8.0,"enemies":"Lagavulin","floor":11.0,"turns":7.0},{"damage":10.0,"enemies":"Exordium Thugs","floor":13.0,"turns":4.0},{"damage":10.0,"enemies":"Gremlin Nob","floor":14.0,"turns":4.0},{"damage":36.0,"enemies":"Hexaghost","floor":16.0,"turns":7.0},{"damage":13.0,"enemies":"Chosen","floor":18.0,"turns":5.0},{"damage":36.0,"enemies":"Shell Parasite","floor":20.0,"turns":7.0},{"damage":39.0,"enemies":"Shelled Parasite and Fungi","floor":22.0,"turns":10.0},{"damage":33.0,"enemies":"Cultist and Chosen","floor":25.0,"turns":4.0},{"damage":15.0,"enemies":"Colosseum Slavers","floor":27.0,"turns":2.0},{"damage":64.0,"enemies":"Champ","floor":33.0,"turns":11.0},{"damage":17.0,"enemies":"3 Shapes","floor":35.0,"turns":4.0},{"damage":71.0,"enemies":"2 Orb Walkers","floor":36.0,"turns":4.0},{"damage":3.0,"enemies":"Mind Bloom Boss Battle","floor":39.0,"turns":6.0},{"damage":23.0,"enemies":"Orb Walker","floor":44.0,"turns":3.0},{"damage":14.0,"enemies":"Reptomancer","floor":45.0,"turns":6.0},{"damage":7.0,"enemies":"Maw","floor":46.0,"turns":5.0},{"damage":7.0,"enemies":"4 Shapes","floor":47.0,"turns":2.0},{"damage":14,"enemies":"Sphere and 2 Shapes","floor":48,"turns":3},{"damage":32,"enemies":"Time Eater","floor":50,"turns":3}],"seed_played":"4632768224387293254","potions_obtained":[{"floor":2.0,"key":"GamblersBrew"},{"floor":5.0,"key":"PowerPotion"},{"floor":7.0,"key":"Fruit Juice"},{"floor":7.0,"key":"Energy Potion"},{"floor":11.0,"key":"PowerPotion"},{"floor":16.0,"key":"Weak Potion"},{"floor":20.0,"key":"LiquidBronze"},{"floor":25.0,"key":"Swift Potion"}],"is_trial":false,"path_per_floor":["M","M","?","$","M","E","?","M","T","R","E","R","M","E","R","B",null,"M","?","M","?","M","R","$","M","T","?","?","$","R","T","R","B",null,"M","?","$","?","?","R","?","R","T","M","E","M","M","M","R","B"],"character_chosen":"DEFECT","items_purchased":["Art of War","Static Discharge","Force Field"],"campfire_rested":4,"item_purchase_floors":[24,24,37],"current_hp_per_floor":[70,64,69,69,58,38,43,23,23,48,40,40,37,34,34,30,85,79,79,50,50,18,43,43,17,17,2,2,2,42,42,82,28,85,82,18,18,18,47,47,47,47,54,31,24,24,17,3,3,0,0],"gold":198,"neow_bonus":"TRANSFORM_CARD","is_daily":false,"chose_seed":false,"campfire_upgraded":4,"win_rate":0.0,"timestamp":1610600585,"path_taken":["M","M","?","$","M","E","?","M","T","R","E","R","?","E","R","BOSS","M","?","M","?","M","R","$","?","T","?","?","$","R","?","R","BOSS","M","?","$","?","?","R","?","R","T","M","E","M","?","M","R","BOSS"],"items_purchased_type":["Relic","Card","Card"],"build_version":"2020-12-22","purchased_purges":3,"victory":false,"max_hp_per_floor":[75,75,80,80,80,80,85,85,85,85,85,85,85,85,85,85,85,85,85,85,85,85,85,85,85,85,85,85,85,85,85,85,85,85,85,85,85,85,85,85,85,85,92,92,92,92,92,92,92,92,92],"card_choices":[{"not_picked":["Hologram","FTL"],"picked":"Redo","floor":1.0},{"not_picked":["Auto Shields","Rebound"],"picked":"Storm","floor":2.0},{"not_picked":["Barrage","Aggregate"],"picked":"Sweeping Beam","floor":5.0},{"not_picked":["Conserve Battery","Redo"],"picked":"Buffer","floor":6.0},{"not_picked":["Glacier","Conserve Battery"],"picked":"Chaos","floor":8.0},{"not_picked":["Stack","Cold Snap"],"picked":"Self Repair","floor":11.0},{"not_picked":["Hologram","Beam Cell","Sweeping Beam"],"picked":"SKIP","floor":13.0},{"not_picked":["Beam Cell","Scrape"],"picked":"Creative AI","floor":14.0},{"not_picked":["Multi-Cast","Amplify"],"picked":"Electrodynamics","floor":16.0},{"not_picked":["Go for the Eyes","Barrage","Coolheaded"],"picked":"SKIP","floor":18.0},{"not_picked":["Melter","Skim+1"],"picked":"Heatsinks","floor":20.0},{"not_picked":["Beam Cell","Barrage"],"picked":"Ball Lightning+1","floor":22.0},{"not_picked":["Ball Lightning","Steam","Gash"],"picked":"SKIP","floor":25.0},{"not_picked":["Tempest","Go for the Eyes+1"],"picked":"Capacitor","floor":30.0},{"not_picked":["Coolheaded","Redo"],"picked":"Stack+1","floor":32.0},{"not_picked":["Amplify","Creative AI"],"picked":"Echo Form","floor":33.0},{"not_picked":["Go for the Eyes+1","Sweeping Beam"],"picked":"Redo+1","floor":35.0},{"not_picked":["Violence","Secret Technique"],"picked":"Apotheosis","floor":41.0},{"not_picked":["Rebound","Gash+1"],"picked":"Force Field+1","floor":44.0},{"not_picked":["Compile Driver","Genetic Algorithm","Cold Snap"],"picked":"SKIP","floor":44.0},{"not_picked":["Sweeping Beam","Conserve Battery+1"],"picked":"Thunder Strike","floor":45.0},{"not_picked":["Genetic Algorithm","Reprogram"],"picked":"Force Field","floor":46.0},{"not_picked":["Stack","Sweeping Beam","Compile Driver"],"picked":"SKIP","floor":46.0},{"not_picked":["Ball Lightning","Skim+1"],"picked":"Redo+1","floor":47.0},{"not_picked":["Ball Lightning+1","Cold Snap"],"picked":"Redo+1","floor":47.0},{"not_picked":["Redo","Electrodynamics"],"picked":"Capacitor","floor":48},{"not_picked":["Hologram","Sweeping Beam+1"],"picked":"Force Field+1","floor":48}],"player_experience":25992,"relics_obtained":[{"floor":6.0,"key":"Matryoshka"},{"floor":9.0,"key":"Pantograph"},{"floor":9.0,"key":"Vajra"},{"floor":11.0,"key":"Centennial Puzzle"},{"floor":14.0,"key":"WingedGreaves"},{"floor":26.0,"key":"Regal Pillow"},{"floor":26.0,"key":"Dream Catcher"},{"floor":36.0,"key":"Torii"},{"floor":39.0,"key":"Prayer Wheel"},{"floor":43.0,"key":"Strawberry"},{"floor":45.0,"key":"Calipers"},{"floor":45.0,"key":"Omamori"}],"event_choices":[{"damage_healed":0.0,"max_hp_gain":5.0,"max_hp_loss":0.0,"gold_gain":0.0,"event_name":"Big Fish","player_choice":"Donut","floor":3.0,"gold_loss":0.0,"damage_taken":0.0},{"damage_healed":0.0,"max_hp_gain":0.0,"max_hp_loss":0.0,"gold_gain":0.0,"event_name":"Lab","player_choice":"Got Potions","floor":7.0,"gold_loss":0.0,"damage_taken":0.0},{"damage_healed":0.0,"max_hp_gain":0.0,"max_hp_loss":0.0,"gold_gain":0.0,"event_name":"The Library","player_choice":"Read","floor":19.0,"gold_loss":0.0,"damage_taken":0.0,"cards_obtained":["Auto Shields"]},{"damage_healed":0.0,"max_hp_gain":0.0,"max_hp_loss":0.0,"gold_gain":0.0,"event_name":"The Mausoleum","player_choice":"Ignored","floor":21.0,"gold_loss":0.0,"damage_taken":0.0},{"damage_healed":0.0,"max_hp_gain":0.0,"max_hp_loss":0.0,"gold_gain":0.0,"event_name":"Colosseum","player_choice":"Fight","floor":27.0,"gold_loss":0.0,"damage_taken":0.0},{"damage_healed":0.0,"max_hp_gain":0.0,"max_hp_loss":0.0,"gold_gain":0.0,"event_name":"Colosseum","player_choice":"Fled From Nobs","floor":27.0,"gold_loss":0.0,"damage_taken":0.0},{"damage_healed":0.0,"max_hp_gain":0.0,"max_hp_loss":0.0,"gold_gain":0.0,"event_name":"Masked Bandits","player_choice":"Paid Fearfully","floor":28.0,"gold_loss":113.0,"damage_taken":0.0},{"damage_healed":0.0,"max_hp_gain":0.0,"max_hp_loss":0.0,"gold_gain":0.0,"event_name":"Mysterious Sphere","player_choice":"Fight","floor":36.0,"gold_loss":0.0,"damage_taken":0.0},{"cards_removed":["Defend_B"],"damage_healed":0.0,"max_hp_gain":0.0,"max_hp_loss":0.0,"gold_gain":0.0,"event_name":"Falling","player_choice":"Removed Skill","floor":38.0,"gold_loss":0.0,"damage_taken":0.0},{"damage_healed":0.0,"max_hp_gain":0.0,"max_hp_loss":0.0,"gold_gain":0.0,"event_name":"MindBloom","player_choice":"Fight","floor":39.0,"gold_loss":0.0,"damage_taken":0.0},{"damage_healed":0.0,"max_hp_gain":0.0,"max_hp_loss":0.0,"gold_gain":0.0,"event_name":"SensoryStone","player_choice":"Memory 1","floor":41.0,"gold_loss":0.0,"damage_taken":0.0}],"is_beta":false,"boss_relics":[{"not_picked":["Runic Pyramid","Busted Crown"],"picked":"Black Star"},{"not_picked":["Philosopher\u0027s Stone","FrozenCore"],"picked":"Sozu"}],"items_purged_floors":[4,24,37],"is_endless":false,"potions_floor_spawned":[2,5,11,13,16,20,25,35,39,45,48],"killed_by":"Time Eater","ascension_level":0}}