{"host":"0cm5wy4nhuju7tij","time":1610593773,"event":{"mods":["100% Spire Juice","2.2 Compatiblity","AchievementEnabler","Aspiration","BaseMod","Better Third Choice","BetterRewards","CCEM","CapriCore","Chen","Colored Powertips","Curses Come First","Custom Start","Displayed Cursed Tome","Downfall","Energized Spire","Evolution","Filter the Spire","Fireblade Mod","Highlight Path","Jess\u0027s Bottle","Minty Spire (QoL Compilation)","Onozuka Komachi Mod","Permanent Neow","Relic Stats","Shop Mod","Spicy Shops","StSLib","The Caster","The Cursed","The Fake Hero","The Juggle","The Sage","TheFirefly","thorton"],"gold_per_floor":[110,123,123,139,153,153,163,163,187,218,218,218,208,208,208,310,310,250,261,272,232,4,4,4],"floor_reached":23,"language":"ENG","playtime":1338,"items_purged":["Chen:Strike"],"score":191,"play_id":"220df5dc-c4c8-47e5-bce8-933c8b5086fd","local_time":"20210113220933","is_ascension_mode":false,"campfire_choices":[{"data":"Chen:Lacerate","floor":6,"key":"SMITH"},{"data":"Chen:ResistTemptation","floor":8,"key":"SMITH"},{"floor":12,"key":"REST"},{"floor":15,"key":"REST"}],"circlet_count":0,"master_deck":["Chen:Strike","Chen:Strike","Chen:Strike","Chen:Defend","Chen:Defend","Chen:Defend","Chen:Defend+1","Chen:PounceTurnTail","Chen:GlitterPoke","Chen:Shot+1","Chen:Sweep+1","Chen:ResistTemptation+1","Chen:Lacerate+1","Chen:ResistTemptation","Chen:Excitement","Chen:Tear","Chen:RapidfireEvasive","Chen:Shot","Evaluate+1","Chen:EmergencyEscape","Chen:Excitement"],"relics":["Chen:Catnip","EVO:Axolotl","PreservedInsect","aspiration:HiddenCompartment","Kunai","aspiration:WatcherSkillbook","Membership Card"],"acts_visited":["Exordium","TheCity"],"potions_floor_usage":[],"damage_taken":[{"damage":4,"enemies":"Small Slimes","floor":1,"turns":3},{"damage":0,"enemies":"Cultist","floor":2,"turns":3},{"damage":7,"enemies":"Jaw Worm","floor":4,"turns":2},{"damage":5,"enemies":"Blue Slaver","floor":5,"turns":4},{"damage":21,"enemies":"Lots of Slimes","floor":7,"turns":3},{"damage":25,"enemies":"3 Sentries","floor":10,"turns":9},{"damage":15,"enemies":"Exordium Thugs","floor":13,"turns":4},{"damage":28,"enemies":"Hexaghost","floor":16,"turns":8},{"damage":13,"enemies":"2 Thieves","floor":18,"turns":4},{"damage":10,"enemies":"Spheric Guardian","floor":19,"turns":4},{"damage":23,"enemies":"Cultist and Chosen","floor":20,"turns":6},{"damage":26,"enemies":"Slavers","floor":23,"turns":3}],"seed_played":"6655238804105125280","potions_obtained":[{"floor":0,"key":"Guardian:BlockOnCardUsePotion"},{"floor":0,"key":"LiquidMemories"},{"floor":0,"key":"champ:CounterPotion"},{"floor":2,"key":"Energy Potion"}],"is_trial":false,"path_per_floor":["M","M","?","M","M","R","M","R","T","E","?","R","M","?","R","B",null,"M","M","M","?","$","E"],"character_chosen":"CHEN","items_purchased":["Membership Card","Chen:Excitement"],"campfire_rested":2,"item_purchase_floors":[22,22],"current_hp_per_floor":[66,66,66,59,54,54,33,33,33,8,8,29,14,14,35,7,70,57,47,24,24,24,0,0],"gold":4,"neow_bonus":"THREE_SMALL_POTIONS","is_daily":false,"chose_seed":false,"campfire_upgraded":2,"win_rate":0.0,"timestamp":1610593773,"path_taken":["M","M","?","M","?","R","M","R","T","E","?","R","M","?","R","BOSS","M","M","?","?","?","E"],"items_purchased_type":["Relic","Card"],"build_version":"2020-12-22","purchased_purges":1,"victory":false,"max_hp_per_floor":[70,70,70,70,70,70,70,70,70,70,70,70,70,70,70,70,70,70,70,70,70,70,70,70],"relic_stats":{"counters":[12,53],"PreservedInsect":71,"Kunai":[6],"obtain_stats":[{"Chen:Catnip":0,"aspiration:WatcherSkillbook":17,"PreservedInsect":9,"EVO:Axolotl":0,"Kunai":14,"Membership Card":22,"aspiration:HiddenCompartment":10},{"Chen:Catnip":0,"aspiration:WatcherSkillbook":8,"PreservedInsect":5,"EVO:Axolotl":0,"Kunai":7,"Membership Card":11,"aspiration:HiddenCompartment":6},{"Chen:Catnip":0,"aspiration:WatcherSkillbook":36,"PreservedInsect":15,"EVO:Axolotl":0,"Kunai":28,"Membership Card":50,"aspiration:HiddenCompartment":24}]},"card_choices":[{"not_picked":["Chen:CatPunch","Chen:Sweep"],"picked":"Chen:Shot","floor":1},{"not_picked":["Chen:Salvo","Chen:Sneak"],"picked":"Chen:Sweep","floor":2},{"not_picked":["Chen:RecklessLeap","Chen:FollowUp"],"picked":"Chen:ResistTemptation","floor":4},{"not_picked":["Chen:Rush","Chen:TauntHiss"],"picked":"Chen:Lacerate","floor":5},{"not_picked":["Chen:Copycat","Chen:Rush"],"picked":"Chen:ResistTemptation","floor":7},{"not_picked":["Chen:WhateverWorks","Chen:Shapeshift"],"picked":"Chen:Excitement","floor":10},{"not_picked":["Chen:Sneak","Chen:Panic"],"picked":"Chen:Tear","floor":13},{"not_picked":["Chen:Nimbleness","Chen:DazzleFlash"],"picked":"Chen:RapidfireEvasive","floor":16},{"not_picked":["Vengeance","Chen:Adaptability+1","Chen:Sidestep"],"picked":"Chen:Shot","floor":18},{"not_picked":["Chen:PentagramFlight","Chen:CatPunch","Chen:Adaptability"],"picked":"Evaluate+1","floor":19},{"not_picked":["InnerPeace","Protect","JustLucky"],"picked":"Chen:EmergencyEscape","floor":20}],"player_experience":243603,"relics_obtained":[{"floor":9,"key":"PreservedInsect"},{"floor":10,"key":"aspiration:HiddenCompartment"}],"event_choices":[{"damage_healed":0,"gold_gain":0,"player_choice":"Upgraded","damage_taken":0,"max_hp_gain":0,"max_hp_loss":0,"event_name":"Upgrade Shrine","floor":3,"gold_loss":0,"cards_upgraded":["Chen:Shot"]},{"cards_removed":["Chen:Strike"],"damage_healed":0,"gold_gain":0,"player_choice":"Forget","damage_taken":0,"max_hp_gain":0,"max_hp_loss":0,"event_name":"Living Wall","floor":11,"gold_loss":0},{"damage_healed":0,"gold_gain":0,"player_choice":"Gave Potion","damage_taken":0,"relics_obtained":["Kunai"],"max_hp_gain":0,"max_hp_loss":0,"event_name":"WeMeetAgain","floor":14,"gold_loss":0},{"damage_healed":0,"gold_gain":0,"player_choice":"Upgraded Two","damage_taken":0,"max_hp_gain":0,"max_hp_loss":0,"event_name":"Designer","floor":21,"gold_loss":40,"cards_upgraded":["Chen:Defend","Chen:Sweep"]}],"is_beta":false,"boss_relics":[{"not_picked":["Sozu","energizedSpire:EnergizedDie"],"picked":"aspiration:WatcherSkillbook"}],"items_purged_floors":[22],"is_endless":false,"potions_floor_spawned":[1,2,5,10],"killed_by":"Slavers","ascension_level":0}}