{"host":"y76x98twjnyyxs83","time":1610660090,"event":{"mods":["BaseMod","Colored Powertips","Minty Spire (QoL Compilation)","Permanent Neow","Quick Restart","Rare Cards Sparkle","Relic Stats","StSLib"],"gold_per_floor":[117,117,42,62,81,81,115,115,115,141,141,171,14,44,44,118,118,135,154,154,69,69,98,98,98],"floor_reached":24,"language":"ENG","playtime":1131,"items_purged":["Pain","Strike_G"],"score":629,"play_id":"8421bd34-0704-446b-871f-a2aed350340c","local_time":"20210115053450","is_ascension_mode":true,"campfire_choices":[{"data":"Well Laid Plans","floor":6,"key":"SMITH"},{"data":"Skewer","floor":8,"key":"SMITH"},{"data":"Adrenaline","floor":11,"key":"SMITH"},{"data":"Neutralize","floor":15,"key":"SMITH"}],"circlet_count":0,"master_deck":["AscendersBane","Strike_G","Strike_G","Strike_G","Strike_G","Defend_G","Defend_G","Defend_G","Defend_G","Defend_G","Survivor","Neutralize+1","Cloak And Dagger","Quick Slash","Well Laid Plans+1","Skewer+1","Adrenaline+1","Terror","Phantasmal Killer","Footwork","Heel Hook","Deadly Poison"],"relics":["Ring of the Snake","Ancient Tea Set","WarpedTongs","FossilizedHelix","Snake Skull","Lantern","Pear","Cursed Key","Bag of Marbles","PreservedInsect"],"acts_visited":["Exordium","TheCity"],"potions_floor_usage":[10,14,23,23],"damage_taken":[{"damage":4,"enemies":"Jaw Worm","floor":1,"turns":7},{"damage":1,"enemies":"Cultist","floor":4,"turns":3},{"damage":0,"enemies":"2 Louse","floor":5,"turns":3},{"damage":17,"enemies":"Lagavulin","floor":7,"turns":9},{"damage":0,"enemies":"3 Sentries","floor":10,"turns":5},{"damage":12,"enemies":"Lagavulin","floor":12,"turns":7},{"damage":0,"enemies":"Gremlin Nob","floor":14,"turns":3},{"damage":0,"enemies":"Hexaghost","floor":16,"turns":10},{"damage":0,"enemies":"2 Thieves","floor":18,"turns":4},{"damage":0,"enemies":"Spheric Guardian","floor":19,"turns":1},{"damage":20,"enemies":"Slavers","floor":23,"turns":5},{"damage":29,"enemies":"3 Cultists","floor":24,"turns":4}],"seed_played":"5107791292810953448","potions_obtained":[{"floor":5,"key":"SkillPotion"},{"floor":7,"key":"Energy Potion"},{"floor":14,"key":"FearPotion"},{"floor":18,"key":"LiquidBronze"}],"is_trial":false,"path_per_floor":["M","?","$","M","M","R","E","R","T","E","R","E","$","E","R","B",null,"M","M","?","?","?","E","M"],"character_chosen":"THE_SILENT","items_purchased":["FearPotion"],"campfire_rested":0,"item_purchase_floors":[13],"current_hp_per_floor":[55,55,55,54,54,54,37,37,37,37,37,25,25,35,35,35,66,66,66,66,66,44,24,0,0],"gold":98,"neow_bonus":"RANDOM_COMMON_RELIC","is_daily":false,"chose_seed":false,"campfire_upgraded":4,"win_rate":0.0,"timestamp":1610660090,"path_taken":["M","?","?","M","M","R","E","R","T","E","R","E","$","E","R","BOSS","M","M","?","?","?","E","M"],"items_purchased_type":["Potion"],"build_version":"2020-12-22","purchased_purges":2,"victory":false,"max_hp_per_floor":[66,66,66,66,66,66,66,66,66,66,66,66,66,76,76,76,76,76,76,76,76,81,81,81,81],"relic_stats":{"counters":[12,61],"Snake Skull":[1],"PreservedInsect":0,"Cursed Key":0,"obtain_stats":[{"Lantern":12,"Pear":14,"Snake Skull":10,"PreservedInsect":23,"Bag of Marbles":21,"Ancient Tea Set":0,"Cursed Key":17,"FossilizedHelix":7,"Ring of the Snake":0,"WarpedTongs":2},{"Lantern":6,"Pear":7,"Snake Skull":5,"PreservedInsect":11,"Bag of Marbles":10,"Ancient Tea Set":0,"Cursed Key":8,"FossilizedHelix":4,"Ring of the Snake":0,"WarpedTongs":1},{"Lantern":34,"Pear":37,"Snake Skull":27,"PreservedInsect":57,"Bag of Marbles":52,"Ancient Tea Set":0,"Cursed Key":47,"FossilizedHelix":22,"Ring of the Snake":0,"WarpedTongs":7}],"Ring of the Snake":[24],"WarpedTongs":[54]},"card_choices":[{"not_picked":["Dodge and Roll","Deflect"],"picked":"Cloak And Dagger","floor":1},{"not_picked":["Bane","Tactician"],"picked":"Quick Slash","floor":4},{"not_picked":["Tactician","Catalyst"],"picked":"Well Laid Plans","floor":5},{"not_picked":["Deadly Poison","PiercingWail"],"picked":"Skewer","floor":7},{"not_picked":["Dagger Throw","Dagger Spray"],"picked":"Adrenaline","floor":10},{"not_picked":["Eviscerate","Flechettes","Reflex"],"picked":"SKIP","floor":12},{"not_picked":["Prepared","Deflect"],"picked":"Terror","floor":14},{"not_picked":["Die Die Die","Grand Finale"],"picked":"Phantasmal Killer","floor":16},{"not_picked":["Escape Plan","Blade Dance"],"picked":"Footwork","floor":18},{"not_picked":["Outmaneuver","Cloak And Dagger"],"picked":"Heel Hook","floor":19},{"not_picked":["Prepared","Sucker Punch"],"picked":"Deadly Poison","floor":23}],"player_experience":1145694,"relics_obtained":[{"floor":7,"key":"FossilizedHelix"},{"floor":10,"key":"Snake Skull"},{"floor":12,"key":"Lantern"},{"floor":14,"key":"Pear"},{"floor":23,"key":"PreservedInsect"}],"event_choices":[{"damage_healed":0,"gold_gain":0,"player_choice":"Rummage","damage_taken":0,"relics_obtained":["WarpedTongs"],"max_hp_gain":0,"max_hp_loss":0,"event_name":"Accursed Blacksmith","floor":2,"gold_loss":0,"cards_obtained":["Pain"]},{"damage_healed":0,"gold_gain":0,"player_choice":"Ignored","damage_taken":0,"max_hp_gain":0,"max_hp_loss":0,"event_name":"The Mausoleum","floor":20,"gold_loss":0},{"damage_healed":0,"gold_gain":0,"player_choice":"Obtained Relic","damage_taken":0,"relics_obtained":["Bag of Marbles"],"max_hp_gain":0,"max_hp_loss":0,"event_name":"Addict","floor":21,"gold_loss":85},{"damage_healed":0,"gold_gain":0,"player_choice":"Shed Blood","damage_taken":27,"max_hp_gain":5,"max_hp_loss":0,"event_name":"Forgotten Altar","floor":22,"gold_loss":0}],"is_beta":false,"boss_relics":[{"not_picked":["Philosopher\u0027s Stone","Empty Cage"],"picked":"Cursed Key"}],"items_purged_floors":[3,13],"is_endless":false,"potions_floor_spawned":[5,7,14,18],"killed_by":"3 Cultists","ascension_level":17}}