{"host":"yn1175etg9ni8l0q","time":1610600471,"event":{"mods":["AchievementEnabler","BaseMod","Colored Map","Colored Powertips","DeckTracker","Minty Spire (QoL Compilation)","Rare Cards Sparkle","Relic Stats","SuperFastMode","everything is the same but u backflip on backflip"],"gold_per_floor":[112,131,131,151,161,161,188,198,198,216,276,276,295,310,310,413,413,430,112,124,134,49,84,100,127,197,207,70,97,112,131,131,233,233,251,265,140,159,159,159,173,23,99,111,122,122,152,0,0,0,0,0,0,26,26],"floor_reached":56,"language":"KOR","playtime":2113,"items_purged":["Strike_G","Defend_G","Defend_G","Defend_G"],"score":1397,"play_id":"9ef94e25-9cd0-47b7-a619-e3f550ce15e7","local_time":"20210114140111","is_ascension_mode":false,"campfire_choices":[{"data":"Deadly Poison","floor":6.0,"key":"SMITH"},{"data":"Catalyst","floor":12.0,"key":"SMITH"},{"data":"Calculated Gamble","floor":15.0,"key":"SMITH"},{"data":"Tactician","floor":32,"key":"SMITH"},{"data":"Adrenaline","floor":40,"key":"SMITH"},{"data":"Deadly Poison","floor":49,"key":"SMITH"},{"data":"Panacea","floor":52,"key":"SMITH"}],"circlet_count":0,"master_deck":["Survivor+1","Neutralize","Deadly Poison+1","Catalyst+1","Catalyst+1","Catalyst","PiercingWail","Calculated Gamble+1","Adrenaline+1","Dodge and Roll+1","Dagger Throw+1","Heel Hook+1","Master of Strategy","Acrobatics","Poisoned Stab+1","Deflect+1","Tactician+1","Bullet Time","Malaise","Well Laid Plans+1","Backflip","Flash of Steel","Panacea+1","Footwork+1","Parasite","Catalyst+1","Deadly Poison+1","Escape Plan+1"],"relics":["Ring of the Snake","Anchor","Letter Opener","War Paint","Astrolabe","FossilizedHelix","Gremlin Horn","Frozen Egg 2","Mummified Hand","Gambling Chip","Sozu","Bottled Tornado","Omamori","Red Mask","Boot"],"acts_visited":["Exordium","TheCity","TheBeyond","TheEnding"],"potions_floor_usage":[33,55],"damage_taken":[{"damage":0.0,"enemies":"2 Louse","floor":1.0,"turns":2.0},{"damage":4.0,"enemies":"Cultist","floor":2.0,"turns":5.0},{"damage":0.0,"enemies":"Jaw Worm","floor":4.0,"turns":4.0},{"damage":2.0,"enemies":"Blue Slaver","floor":5.0,"turns":4.0},{"damage":2.0,"enemies":"Gremlin Nob","floor":7.0,"turns":3.0},{"damage":0.0,"enemies":"3 Louse","floor":8.0,"turns":3.0},{"damage":0.0,"enemies":"2 Fungi Beasts","floor":10.0,"turns":3.0},{"damage":15.0,"enemies":"Lagavulin Event","floor":11.0,"turns":5.0},{"damage":8.0,"enemies":"Exordium Thugs","floor":13.0,"turns":3.0},{"damage":0.0,"enemies":"Exordium Wildlife","floor":14.0,"turns":3.0},{"damage":5.0,"enemies":"The Guardian","floor":16.0,"turns":5.0},{"damage":0.0,"enemies":"3 Byrds","floor":18.0,"turns":3.0},{"damage":0.0,"enemies":"Shell Parasite","floor":20.0,"turns":2.0},{"damage":0.0,"enemies":"Snake Plant","floor":21.0,"turns":1.0},{"damage":9.0,"enemies":"Slavers","floor":23.0,"turns":6.0},{"damage":0.0,"enemies":"Snecko","floor":24.0,"turns":3.0},{"damage":0.0,"enemies":"Book of Stabbing","floor":25.0,"turns":3.0},{"damage":0.0,"enemies":"Chosen and Byrds","floor":27.0,"turns":2.0},{"damage":0,"enemies":"Gremlin Leader","floor":29,"turns":3},{"damage":0,"enemies":"Centurion and Healer","floor":30,"turns":3},{"damage":0,"enemies":"Snecko","floor":31,"turns":2},{"damage":13,"enemies":"Automaton","floor":33,"turns":7},{"damage":0,"enemies":"3 Shapes","floor":35,"turns":2},{"damage":0,"enemies":"3 Darklings","floor":36,"turns":3},{"damage":0,"enemies":"Spire Growth","floor":38,"turns":2},{"damage":0,"enemies":"Transient","floor":41,"turns":5},{"damage":0,"enemies":"3 Darklings","floor":44,"turns":3},{"damage":0,"enemies":"Writhing Mass","floor":45,"turns":2},{"damage":0,"enemies":"Giant Head","floor":47,"turns":3},{"damage":0,"enemies":"Donu and Deca","floor":50,"turns":6},{"damage":11,"enemies":"Shield and Spear","floor":54,"turns":4},{"damage":26,"enemies":"The Heart","floor":55,"turns":3}],"seed_played":"6460004890695893686","potions_obtained":[{"floor":1.0,"key":"Poison Potion"},{"floor":2.0,"key":"GhostInAJar"},{"floor":5.0,"key":"AttackPotion"},{"floor":10.0,"key":"Dexterity Potion"},{"floor":16.0,"key":"Energy Potion"}],"is_trial":false,"path_per_floor":["M","M","?","M","M","R","E","M","T","M","?","R","M","M","R","B",null,"M","$","M","M","?","E","M","E","T","M","$","E","M","M","R","B",null,"M","M","$","M","?","R","M","$","T","M","M","?","E","?","R","B",null,"R","$","E","B",null],"character_chosen":"THE_SILENT","items_purchased":["Master of Strategy","Acrobatics","Tactician"],"campfire_rested":0,"item_purchase_floors":[19,19,28],"current_hp_per_floor":[63,59,59,59,57,57,55,55,55,55,40,40,32,32,32,27,63,63,63,63,63,63,54,54,54,54,54,54,54,54,54,54,41,63,63,63,63,63,53,53,53,53,53,53,53,53,53,53,53,53,63,63,63,52,26],"gold":26,"neow_bonus":"REMOVE_TWO","is_daily":false,"chose_seed":false,"campfire_upgraded":7,"win_rate":0.0,"timestamp":1610600471,"path_taken":["M","M","?","?","M","R","E","M","T","M","?","R","M","M","R","BOSS","M","$","M","M","?","E","M","E","T","M","$","E","M","M","R","BOSS","M","M","$","M","?","R","M","$","T","M","M","?","E","?","R","BOSS","R","$","E","BOSS"],"items_purchased_type":["Card","Card","Card"],"build_version":"2020-12-22","purchased_purges":4,"victory":true,"max_hp_per_floor":[63,63,63,63,63,63,63,63,63,63,63,63,63,63,63,63,63,63,63,63,63,63,63,63,63,63,63,63,63,63,63,63,63,63,63,63,63,63,63,63,63,63,63,63,63,63,63,63,63,63,63,63,63,63,63],"relic_stats":{"Sozu":5,"Gremlin Horn":[14,14],"counters":[32,108],"Mummified Hand":[19],"Astrolabe":["Dodge and Roll","Dagger Throw","Heel Hook"],"Gambling Chip":[45],"Letter Opener":[632],"War Paint":["Survivor","Catalyst"],"Boot":[5],"obtain_stats":[{"Gremlin Horn":23,"Astrolabe":17,"Omamori":47,"Letter Opener":9,"War Paint":11,"Frozen Egg 2":25,"Bottled Tornado":43,"Boot":54,"Sozu":34,"Anchor":7,"Mummified Hand":26,"Gambling Chip":29,"Red Mask":48,"FossilizedHelix":22,"Ring of the Snake":0},{"Gremlin Horn":15,"Astrolabe":11,"Omamori":29,"Letter Opener":6,"War Paint":7,"Frozen Egg 2":17,"Bottled Tornado":26,"Boot":31,"Sozu":22,"Anchor":5,"Mummified Hand":17,"Gambling Chip":19,"Red Mask":29,"FossilizedHelix":14,"Ring of the Snake":0},{"Gremlin Horn":52,"Astrolabe":40,"Omamori":95,"Letter Opener":21,"War Paint":24,"Frozen Egg 2":58,"Bottled Tornado":87,"Boot":105,"Sozu":75,"Anchor":18,"Mummified Hand":58,"Gambling Chip":63,"Red Mask":95,"FossilizedHelix":46,"Ring of the Snake":0}],"Ring of the Snake":[64]},"card_choices":[{"not_picked":["Endless Agony","PiercingWail","Sucker Punch"],"picked":"SKIP","floor":1.0},{"not_picked":["Slice","Catalyst"],"picked":"Deadly Poison","floor":2.0},{"not_picked":["Dodge and Roll","All Out Attack"],"picked":"Catalyst","floor":4.0},{"not_picked":["Deflect","Leg Sweep"],"picked":"Catalyst","floor":5.0},{"not_picked":["Slice","Choke"],"picked":"Catalyst","floor":7.0},{"not_picked":["Outmaneuver","Catalyst","Terror"],"picked":"SKIP","floor":8.0},{"not_picked":["Backflip","Quick Slash"],"picked":"PiercingWail","floor":10.0},{"not_picked":["Flying Knee","Phantasmal Killer"],"picked":"Calculated Gamble","floor":13.0},{"not_picked":["Expertise","Bane","Prepared"],"picked":"SKIP","floor":14.0},{"not_picked":["Bullet Time","After Image"],"picked":"Adrenaline","floor":16.0},{"not_picked":["Cloak And Dagger","Dash","Predator"],"picked":"SKIP","floor":18.0},{"not_picked":["Choke","Dash"],"picked":"Poisoned Stab+1","floor":20.0},{"not_picked":["Bane","Dagger Spray","Dagger Throw"],"picked":"SKIP","floor":21.0},{"not_picked":["Die Die Die","Infinite Blades+1","Outmaneuver+1"],"picked":"SKIP","floor":23.0},{"not_picked":["Blur","Poisoned Stab","Sucker Punch"],"picked":"SKIP","floor":24.0},{"not_picked":["Poisoned Stab+1","Prepared","Blade Dance"],"picked":"SKIP","floor":25.0},{"not_picked":["Poisoned Stab+1","Prepared","Blade Dance"],"picked":"SKIP","floor":25.0},{"not_picked":["Heel Hook","PiercingWail+1"],"picked":"Deflect+1","floor":27.0},{"not_picked":["Flying Knee","Setup+1","Underhanded Strike+1"],"picked":"SKIP","floor":29},{"not_picked":["Quick Slash","Blade Dance+1"],"picked":"Bullet Time","floor":30},{"not_picked":["Quick Slash","Dagger Spray","Outmaneuver"],"picked":"SKIP","floor":31},{"not_picked":["Doppelganger","Envenom+1"],"picked":"Malaise","floor":33},{"not_picked":["Dagger Throw+1","Poisoned Stab+1"],"picked":"Well Laid Plans+1","floor":35},{"not_picked":["Choke","Endless Agony+1"],"picked":"Backflip","floor":36},{"not_picked":["Dagger Spray","Setup","Riddle With Holes+1"],"picked":"SKIP","floor":38},{"not_picked":["Mind Blast","Swift Strike"],"picked":"Flash of Steel","floor":39},{"not_picked":["Deep Breath","Dramatic Entrance"],"picked":"Panacea","floor":39},{"not_picked":["Infinite Blades+1","Deflect+1"],"picked":"Footwork+1","floor":41},{"not_picked":["Quick Slash","Underhanded Strike+1","Poisoned Stab+1"],"picked":"SKIP","floor":44},{"not_picked":["Well Laid Plans+1","Prepared"],"picked":"Catalyst+1","floor":45},{"not_picked":["Bullet Time","Expertise"],"picked":"Deadly Poison","floor":47},{"not_picked":["Quick Slash","Slice"],"picked":"Escape Plan+1","floor":54}],"player_experience":325156,"relics_obtained":[{"floor":7.0,"key":"Anchor"},{"floor":9.0,"key":"Letter Opener"},{"floor":23.0,"key":"Gremlin Horn"},{"floor":25.0,"key":"Frozen Egg 2"},{"floor":26.0,"key":"Mummified Hand"},{"floor":29,"key":"Gambling Chip"},{"floor":43,"key":"Bottled Tornado"},{"floor":47,"key":"Omamori"},{"floor":54,"key":"Boot"}],"event_choices":[{"cards_removed":["Defend_G"],"damage_healed":0.0,"max_hp_gain":0.0,"max_hp_loss":0.0,"gold_gain":0.0,"event_name":"NoteForYourself","player_choice":"Took Card","floor":3.0,"gold_loss":0.0,"damage_taken":0.0,"cards_obtained":["Defend_G"]},{"damage_healed":0.0,"max_hp_gain":0.0,"max_hp_loss":0.0,"gold_gain":0.0,"event_name":"Dead Adventurer","player_choice":"Searched \u00272\u0027 times","floor":11.0,"gold_loss":0.0,"damage_taken":0.0,"relics_obtained":["War Paint"]},{"damage_healed":0.0,"max_hp_gain":0.0,"max_hp_loss":0.0,"gold_gain":0.0,"event_name":"Addict","player_choice":"Obtained Relic","floor":22.0,"gold_loss":85.0,"damage_taken":0.0,"relics_obtained":["FossilizedHelix"]},{"damage_healed":0,"gold_gain":0,"player_choice":"Memory 3","damage_taken":10,"max_hp_gain":0,"max_hp_loss":0,"event_name":"SensoryStone","floor":39,"gold_loss":0},{"cards_removed":["Defend_G"],"damage_healed":0,"gold_gain":0,"player_choice":"Removed Skill","damage_taken":0,"max_hp_gain":0,"max_hp_loss":0,"event_name":"Falling","floor":46,"gold_loss":0},{"damage_healed":0,"gold_gain":0,"player_choice":"Paid","damage_taken":0,"relics_obtained":["Red Mask"],"max_hp_gain":0,"max_hp_loss":0,"event_name":"Tomb of Lord Red Mask","floor":48,"gold_loss":152}],"is_beta":false,"boss_relics":[{"not_picked":["WristBlade","SacredBark"],"picked":"Astrolabe"},{"not_picked":["Tiny House","Calling Bell"],"picked":"Sozu"}],"items_purged_floors":[19,28,37,42],"is_endless":false,"potions_floor_spawned":[1,2,5,10,16,20,25,29,30,31,36,38,44,47,54],"ascension_level":0}}