{"host":"2ccem01eblg14btk","time":1610623746,"event":{"mods":["BaseMod","Colored Map","Minty Spire (QoL Compilation)","Quick Restart","StSLib"],"gold_per_floor":[114,114,138,138,157,200,225,245,245,260,304,319,359,359,359,455,455,476,160,173,173,98,136,136,96,96,117,142,142,142],"floor_reached":29,"language":"ENG","playtime":755,"items_purged":["Injury"],"score":482,"play_id":"038564e4-7e07-42be-91f9-3cca99ddbaa9","local_time":"20210114122906","is_ascension_mode":true,"campfire_choices":[{"floor":15.0,"key":"REST"},{"floor":24.0,"key":"REST"}],"circlet_count":0,"master_deck":["AscendersBane","Strike_R","Strike_R","Strike_R","Strike_R","Strike_R","Defend_R","Defend_R","Defend_R","Bash","Shrug It Off","Shockwave+1","Shrug It Off","Limit Break","Disarm","Carnage","Pummel","Spot Weakness","Demon Form+1","Heavy Blade+1","J.A.X.","Clash","True Grit+1","Heavy Blade"],"relics":["Sozu","Golden Idol","TungstenRod","Letter Opener","MealTicket","Busted Crown","Mummified Hand","Sundial","Pear"],"acts_visited":["Exordium","TheCity"],"potions_floor_usage":[],"damage_taken":[{"damage":1.0,"enemies":"2 Louse","floor":1.0,"turns":3.0},{"damage":0.0,"enemies":"Cultist","floor":3.0,"turns":3.0},{"damage":0.0,"enemies":"Jaw Worm","floor":5.0,"turns":3.0},{"damage":11.0,"enemies":"Gremlin Nob","floor":6.0,"turns":5.0},{"damage":6.0,"enemies":"Blue Slaver","floor":7.0,"turns":4.0},{"damage":2.0,"enemies":"Looter","floor":8.0,"turns":3.0},{"damage":0.0,"enemies":"Exordium Thugs","floor":10.0,"turns":4.0},{"damage":9.0,"enemies":"Lagavulin","floor":11.0,"turns":7.0},{"damage":8.0,"enemies":"Red Slaver","floor":12.0,"turns":4.0},{"damage":32.0,"enemies":"Gremlin Nob","floor":13.0,"turns":5.0},{"damage":26.0,"enemies":"Slime Boss","floor":16.0,"turns":10.0},{"damage":14.0,"enemies":"Spheric Guardian","floor":18.0,"turns":4.0},{"damage":14.0,"enemies":"2 Thieves","floor":20.0,"turns":3.0},{"damage":26.0,"enemies":"Book of Stabbing","floor":23.0,"turns":6.0},{"damage":21,"enemies":"Snecko","floor":27,"turns":4},{"damage":27,"enemies":"Sentry and Sphere","floor":28,"turns":4},{"damage":12,"enemies":"Gremlin Leader","floor":29,"turns":2}],"seed_played":"6692594249949363571","potions_obtained":[],"is_trial":false,"path_per_floor":["M","?","M","?","M","E","M","M","T","M","E","M","E","?","R","B",null,"M","$","M","?","?","E","R","?","T","M","M","E"],"character_chosen":"IRONCLAD","items_purchased":["Mummified Hand"],"campfire_rested":2,"item_purchase_floors":[19],"current_hp_per_floor":[71,71,71,71,71,60,54,52,52,52,43,35,3,3,27,1,60,46,61,47,47,47,21,45,45,55,34,7,0,0],"gold":142,"neow_bonus":"BOSS_RELIC","is_daily":false,"chose_seed":false,"campfire_upgraded":0,"win_rate":0.0,"timestamp":1610623746,"path_taken":["M","?","M","?","M","E","M","?","T","M","E","?","E","?","R","BOSS","M","$","M","?","?","E","R","?","T","M","M","E"],"items_purchased_type":["Relic"],"build_version":"2020-12-22","purchased_purges":1,"victory":false,"max_hp_per_floor":[80,80,80,80,80,80,80,80,80,80,80,80,80,80,80,80,80,80,80,80,80,80,80,80,80,90,90,90,90,90],"card_choices":[{"not_picked":["Warcry","Pommel Strike"],"picked":"Shrug It Off","floor":1.0},{"not_picked":["Blood for Blood","Dropkick"],"picked":"Shockwave","floor":3.0},{"not_picked":["Ghostly Armor","Thunderclap"],"picked":"Shrug It Off","floor":5.0},{"not_picked":["Flame Barrier","Shockwave"],"picked":"Limit Break","floor":6.0},{"not_picked":["Headbutt","Warcry"],"picked":"Disarm","floor":7.0},{"not_picked":["Anger","Clash"],"picked":"Carnage","floor":8.0},{"not_picked":["Flex","Wild Strike","Flame Barrier"],"picked":"SKIP","floor":10.0},{"not_picked":["Flex","Warcry"],"picked":"Pummel","floor":11.0},{"not_picked":["Havoc","Anger","Fiend Fire"],"picked":"SKIP","floor":12.0},{"not_picked":["Uppercut","Anger"],"picked":"Spot Weakness","floor":13.0},{"not_picked":["Limit Break","Corruption"],"picked":"Demon Form","floor":16.0},{"not_picked":[],"picked":"Heavy Blade+1","floor":18.0},{"not_picked":["Headbutt"],"picked":"SKIP","floor":20.0},{"not_picked":[],"picked":"Clash","floor":23.0},{"not_picked":[],"picked":"True Grit+1","floor":27},{"not_picked":[],"picked":"Heavy Blade","floor":28}],"player_experience":106631,"relics_obtained":[{"floor":6.0,"key":"TungstenRod"},{"floor":11.0,"key":"Letter Opener"},{"floor":13.0,"key":"MealTicket"},{"floor":23.0,"key":"Sundial"},{"floor":26,"key":"Pear"}],"event_choices":[{"damage_healed":0.0,"max_hp_gain":0.0,"max_hp_loss":0.0,"gold_gain":0.0,"event_name":"Golden Idol","player_choice":"Take Wound","floor":2.0,"gold_loss":0.0,"damage_taken":0.0,"relics_obtained":["Golden Idol"],"cards_obtained":["Injury"]},{"damage_healed":0.0,"max_hp_gain":0.0,"max_hp_loss":0.0,"gold_gain":0.0,"event_name":"Upgrade Shrine","player_choice":"Upgraded","floor":4.0,"gold_loss":0.0,"damage_taken":0.0,"cards_upgraded":["Shockwave"]},{"damage_healed":0.0,"max_hp_gain":0.0,"max_hp_loss":0.0,"gold_gain":0.0,"event_name":"Scrap Ooze","player_choice":"Fled","floor":14.0,"gold_loss":0.0,"damage_taken":0.0},{"damage_healed":0.0,"max_hp_gain":0.0,"max_hp_loss":0.0,"gold_gain":0.0,"event_name":"Drug Dealer","player_choice":"Obtain J.A.X.","floor":21.0,"gold_loss":0.0,"damage_taken":0.0,"cards_obtained":["J.A.X."]},{"cards_removed":["Defend_R"],"damage_healed":0.0,"max_hp_gain":0.0,"max_hp_loss":0.0,"gold_gain":0.0,"event_name":"Beggar","player_choice":"Gave Gold","floor":22.0,"gold_loss":75.0,"damage_taken":0.0},{"damage_healed":0,"gold_gain":0,"player_choice":"Upgrade","damage_taken":0,"max_hp_gain":0,"max_hp_loss":0,"event_name":"Designer","floor":25,"gold_loss":40,"cards_upgraded":["Demon Form"]}],"is_beta":false,"boss_relics":[{"not_picked":["Tiny House","Ectoplasm"],"picked":"Busted Crown"}],"items_purged_floors":[19],"is_endless":false,"potions_floor_spawned":[5,8,11,16,18,23,27],"killed_by":"Gremlin Leader","ascension_level":13}}